4550 6600
1722 780 1796 853 495

245 982 354 1058 etde
381 983 539 1056 omnibus
564 982 699 1055 decima
725 982 873 1056 solvitur
908 982 1205 1057 archidiaconatui
1232 982 1509 1059 Zawiobostensi.
1553 984 1639 1058 Item
1668 988 1723 1060 est
1749 986 1798 1061 ibi

245 1104 428 1198 praedium
453 1104 654 1177 monialium
680 1104 828 1197 unicum,
855 1107 898 1178 de
926 1126 993 1198 quo
1030 1127 1100 1177 uon
1127 1104 1267 1178 solvunt
1292 1104 1458 1180 decimam
1485 1108 1606 1200 alicui,
1634 1106 1695 1181 sed
1722 1128 1797 1182 eam

247 1248 314 1321 pro
340 1246 379 1299 se
405 1226 541 1299 tollunt.
590 1246 597 1266 ·
1554 1311 1556 1317 Α
1718 1210 1720 1215 ’

351 1346 537 1436 Suurczn,
575 1344 659 1418 villa
684 1347 749 1420 sub
775 1346 942 1438 parocbia
967 1346 1010 1420 de
1037 1344 1153 1420 Gori
1180 1347 1267 1439 sita,
1294 1348 1392 1421 cuius
1418 1349 1541 1421 haeres
1567 1348 1659 1422 idem
1685 1340 1798 1425 Lucas

245 1467 291 1542 de
316 1465 523 1557 Slupcza.
549 1467 591 1539 In
618 1488 688 1558 qua
713 1472 796 1540 suut
823 1465 1019 1559 quiudecim
1044 1469 1136 1541 lanei
1164 1468 1409 1560 emethouales,
1436 1469 1479 1541 dc
1506 1470 1665 1544 omuibus
1693 1473 1797 1545 solvi-

249 1593 310 1661 tur
336 1588 469 1660 deciura
493 1584 718 1693 manipularis
745 1588 1041 1662 archidiaconatui
1067 1590 1352 1681 Zawicbosteusi,
1380 1590 1476 1663 cuius
1503 1592 1601 1665 valor
1628 1591 1672 1663 ad
1699 1594 1798 1685 quin-

130 1804 141 1819 ·
248 1708 359 1781 decim
386 1728 520 1781 marcas
548 1710 761 1782 aestimatur.
787 1710 877 1782 Item
894 1710 944 1782 ibi
960 1710 1128 1783 tabernae
1146 1716 1234 1802 octo,
1260 1711 1438 1783 hortulani
1456 1716 1538 1802 tres,
1565 1712 1798 1785 molendinum

247 1851 372 1920 unum,
399 1830 461 1903 sed
488 1831 603 1902 omnia
629 1851 698 1903 uou
724 1831 857 1903 babent
882 1850 995 1922 agros.
1039 1832 1126 1903 Item
1154 1832 1203 1904 ibi
1230 1830 1409 1922 praedium
1435 1853 1540 1904 uuum
1566 1833 1727 1925 militare,
1754 1816 1797 1909 de

249 1972 317 2043 quo
345 1950 537 2023 decimatur
563 1950 728 2024 ecclesiae
752 1952 944 2043 parochiali
970 1952 1008 2024 in
1033 1951 1335 2025 (ibrobrzani.

254 2062 263 2073 “
352 2071 497 2164 Lern,
524 2072 608 2145 villa
634 2072 698 2145 sub
724 2073 891 2165 parocbia
917 2073 960 2145 de
988 2070 1101 2147 Gori
1127 2075 1209 2165 sita,
1237 2075 1334 2147 cuius
1360 2075 1529 2148 haeredes
1556 2074 1734 2149 Jobauues
1762 2082 1798 2149 et

246 2191 374 2265 Petrus
400 2191 736 2285 Mikulowsczy
770 2194 815 2265 de
841 2194 943 2268 domo
968 2192 1110 2267 Rana
1154 2194 1196 2266 lu
1224 2216 1291 2287 qua
1318 2202 1400 2268 sunt
1434 2196 1527 2268 lanei
1564 2196 1796 2269 cmethonales

247 2314 563 2406 indiscretapuos
589 2336 653 2406 pro
680 2315 806 2388 maiori
831 2320 933 2407 parte
958 2316 1083 2389 liunus
1109 2316 1247 2390 Visla
1281 2318 1480 2409 absorbuIt,
1507 2322 1543 2389 et
1569 2318 1612 2390 de
1639 2318 1797 2390 omnibus

247 2435 441 2508 decimatur
466 2437 761 2510 archidiaconatui
786 2436 1075 2530 Zawicbostensi,
1109 2444 1147 2512 et
1172 2439 1271 2513 valor
1306 2440 1380 2512 elus
1407 2440 1610 2512 aestimatur
1642 2438 1685 2510 ad
1713 2438 1799 2511 duas

246 2576 393 2629 marcas.
435 2556 525 2631 Item
552 2560 605 2630 est
631 2558 681 2631 ibi
706 2579 812 2629 uuum
838 2559 1018 2651 praedium
1044 2559 1214 2653 militare,
1251 2560 1293 2634 de
1321 2582 1388 2653 quo
1416 2560 1607 2633 decimatur
1634 2560 1798 2634 ecclesiae

247 2677 396 2753 Sanctae
422 2677 557 2751 Mariae
584 2678 621 2750 in
647 2664 953 2752 Zawicbosth.

351 2800 577 2891 Dwrunonr,
603 2800 688 2871 uilla
714 2802 779 2873 sub
797 2802 964 2892 parochia
981 2802 1024 2873 de
1052 2799 1165 2874 Gori
1192 2803 1269 2893 sita,
1296 2803 1393 2875 cuius
1411 2802 1607 2893 proprietas
1631 2800 1675 2873 ad
1694 2822 1796 2875 cauo-

246 2921 399 2993 uicatum
427 2926 463 2993 et
487 2920 721 3013 praebendam
748 2920 1073 3014 Sandomirieusem,
1101 2945 1189 3015 quae
1206 2929 1350 2996 vocatur
1367 2924 1607 3015 Dwyekoszka
1633 2924 1794 3014 pertinet.

246 3042 289 3115 Iu
316 3062 384 3133 qua
409 3048 492 3115 suut
518 3042 709 3116 octodecim
734 3044 826 3153 lanei
853 3044 1094 3135 ometbonales,
1122 3050 1270 3137 quatuor
1297 3046 1462 3116 tabernae
1489 3044 1655 3116 babentes
1684 3066 1796 3136 agros,

243 3163 334 3269 item
359 3164 434 3255 agri
461 3164 672 3238 scoltetialea
698 3166 735 3237 in
762 3165 893 3238 eisdem
919 3166 1029 3238 laneis
1056 3166 1198 3257 inclusi,
1235 3166 1277 3238 de
1305 3166 1429 3257 quibus
1457 3166 1614 3238 omnibus
1651 3166 1798 3238 solvitur

246 3288 286 3357 et
311 3285 514 3358 conducitur
540 3286 673 3360 decima
698 3286 925 3380 manipularis
952 3292 988 3360 et
1015 3288 1189 3379 cauaptIIs
1216 3286 1393 3380 praefatae
1419 3286 1639 3380 praebendae
1666 3286 1798 3360 Sando-

246 3405 412 3478 mirIeusi.
438 3407 527 3478 Item
553 3413 609 3480 est
634 3408 684 3480 ibi
711 3429 816 3480 uuum
843 3409 1023 3500 praedium
1052 3409 1258 3501 canonicale,
1286 3409 1329 3481 de
1356 3431 1424 3501 quo
1452 3409 1641 3482 decimatur
1668 3409 1798 3481 vicarIo

246 3527 467 3620 praebendae
492 3527 671 3621 praefatae
697 3528 943 3602 Dwelrosszka.

935 3770 1117 3842 Luuawn.

351 3890 447 3963 Villa
472 3891 606 3963 babens
632 3891 810 3963 ccclesIam
836 3890 1071 3982 parochialem
1098 3891 1266 3982 ligneam,
1293 3889 1442 3962 Sanctae
1469 3887 1678 3962 Gatheriuae
1706 3889 1799 3962 dica-

245 4017 339 4103 tam,
375 4012 473 4084 cuius
507 4013 702 4104 proprietas
729 4015 766 4084 et
790 4011 930 4084 collatio
958 4011 1003 4084 ad
1029 4011 1190 4084 abbatem
1227 4015 1263 4083 et
1289 4013 1494 4084 conventum
1520 4009 1798 4083 Wancboczeuse
1892 4072 1902 4090 .

244 4133 410 4226 pertinet
436 4133 477 4204 In
505 4153 573 4224 qua
598 4133 942 4206 laueicmetbonales
961 4133 1262 4226 vigintiquatuor,
1289 4131 1475 4224 dequibus
1503 4131 1649 4206 solvitur
1667 4131 1800 4206 decima

245 4255 474 4347 manipularis
509 4261 545 4359 et
580 4256 755 4347 canapalis
790 4256 1001 4328 monasterio
1037 4256 1074 4327 in
1109 4255 1466 4330 Wanchoczsko.
1512 4253 1600 4327 Item
1636 4259 1718 4327 sunt
1750 4255 1818 4327 ibi

246 4375 338 4449 duae
363 4377 530 4449 tabernae
557 4378 768 4468 monasteriI,
794 4379 964 4451 babentes
991 4397 1109 4468 agros,
1136 4376 1180 4449 de
1207 4377 1332 4469 quibus
1359 4377 1506 4450 solvitur
1532 4375 1665 4448 decima
1691 4377 1800 4447 mani-

245 4498 380 4590 polaris
407 4499 573 4571 ecclesiae
599 4500 635 4570 in
661 4498 863 4571 Lucana.
905 4499 995 4571 Item
1021 4499 1129 4571 babet
1155 4497 1205 4570 ibi
1231 4497 1399 4589 plebanus
1425 4501 1498 4570 tres
1525 4497 1644 4570 laneos
1671 4497 1799 4570 liberos

247 4623 287 4692 et
312 4620 381 4692 duo
407 4625 527 4712 prata,
553 4640 618 4712 pro
645 4641 708 4692 suo
734 4619 878 4712 praedio
901 4625 943 4692 et
969 4619 1188 4693 necessitate.
1232 4619 1321 4692 Item
1348 4625 1402 4692 est
1429 4619 1476 4691 ibi
1504 4639 1572 4695 uua
1598 4618 1799 4691 hortulanIa

245 4740 405 4834 plebani,
431 4742 564 4814 babens
591 4761 712 4833 agros,
740 4760 828 4833 quae
853 4741 985 4831 nullum
1012 4741 1118 4814 solvit
1145 4763 1297 4832 censum,
1325 4741 1386 4814 scd
1412 4745 1547 4813 tantum
1573 4760 1679 4812 unum
1707 4739 1798 4812 diem

246 4882 314 4954 pro
339 4863 505 4953 plebano,
544 4861 699 4954 pedestri
725 4862 845 4935 labore
871 4863 908 4934 iu
935 4863 1128 4955 septimana
1153 4865 1309 4954 laborat,
1345 4863 1427 4934 item
1454 4861 1573 4932 eadem
1600 4860 1799 4933 hortulanis

130 5071 143 5088 .
247 4983 356 5057 solvit
389 4984 537 5074 plebano
567 4983 779 5075 inibidem,
813 4984 982 5058 decimam
1017 4985 1279 5077 manipularem.
1323 4983 1410 5055 Item
1447 5001 1565 5054 omnes
1601 4982 1798 5055 cmcthoues

247 5106 390 5180 solvunt
416 5102 569 5175 uambae
594 5110 631 5177 et
657 5106 806 5197 plebano
833 5109 869 5177 et
894 5105 1079 5197 ecclesiae,
1107 5105 1252 5197 quilibet
1278 5105 1320 5176 de
1347 5103 1447 5176 laneo
1474 5107 1548 5175 tres
1576 5103 1700 5176 choros
1726 5103 1799 5176 sili-

245 5227 349 5319 ginis,
376 5231 413 5298 et
438 5231 510 5299 tres
537 5247 668 5299 avenae
694 5227 864 5318 aequales.
894 5227 983 5299 Item
1011 5232 1066 5299 est
1091 5227 1142 5299 ibi
1168 5227 1274 5299 tertia
1299 5227 1448 5299 taberna
1474 5225 1606 5298 habens
1634 5245 1737 5316 agros
1764 5229 1800 5296 et
1927 5243 1935 5258 ⁸

245 5353 360 5440 prata,
388 5370 477 5440 quae
495 5348 539 5420 ad
557 5347 723 5420 ecclesiae
749 5349 999 5439 proprietatem
1025 5350 1180 5440 pertiuet
1207 5369 1283 5420 cum
1311 5347 1404 5421 omni
1430 5348 1514 5438 iure,
1542 5351 1579 5418 ct
1605 5347 1709 5418 solvit
1726 5346 1799 5438 ple-

246 5471 339 5543 bano
365 5491 431 5561 pro
457 5489 563 5542 censu
589 5488 693 5542 unam
719 5489 945 5562 sexagenam,
972 5475 1009 5542 et
1035 5470 1079 5542 de
1104 5471 1199 5562 agris
1226 5469 1298 5542 suis
1325 5469 1471 5561 plebano
1499 5469 1604 5540 etiam
1632 5468 1799 5540 decimam

246 5589 373 5680 reddit.
400 5591 490 5663 Item
510 5596 565 5663 est
582 5591 631 5664 ibi
649 5591 807 5686 scoltetia
832 5591 966 5664 babens
991 5591 1121 5683 laneos
1149 5591 1192 5664 de
1215 5581 1340 5682 quibus
1358 5590 1505 5662 solvitur
1532 5593 1568 5668 et
1594 5588 1799 5662 conduciiur

248 5712 384 5785 decima
409 5713 633 5805 manipularis
660 5719 697 5786 et
723 5713 899 5805 canapalis
926 5713 1090 5786 ccclesiae
1116 5713 1152 5784 iu
1173 5767 1313 5786 ......
1348 5713 1435 5788 Item
1463 5717 1517 5785 est
1543 5711 1592 5784 ibi
1619 5711 1798 5804 praedium
