4550 6600
1713 760 1789 833 293

343 956 537 1049 Surorum,
574 959 658 1033 uilla
684 960 749 1033 sub
776 962 942 1051 parochia
968 961 1011 1035 de
1037 960 1256 1035 Zalrrzow
1283 964 1371 1054 sita,
1397 964 1494 1037 cuius
1521 965 1718 1056 proprietas
1745 966 1793 1038 ad

234 1080 498 1152 serenissimum
524 1079 690 1153 Poloniae
716 1101 834 1171 regern
860 1082 1022 1172 pertinet.
1066 1083 1107 1153 In
1130 1072 1203 1175 ‘qua
1230 1089 1311 1156 sunt
1344 1085 1437 1156 lanei
1463 1087 1710 1178 cmethonales,
1743 1086 1793 1158 de

145 1202 156 1215 '
235 1200 367 1290 quihus
399 1202 558 1273 omnibus
594 1201 727 1273 decima
763 1203 987 1294 manipularis
1023 1204 1215 1294 antiquitus
1251 1204 1451 1278 solvebatur
1485 1227 1549 1296 pro
1586 1208 1793 1279 scholastria

233 1320 469 1414 cracoviensi,
496 1343 588 1397 nunc
614 1344 697 1395 uero
725 1320 770 1395 ad
796 1323 1052 1414 beneplacitum
1079 1326 1289 1417 scholastici,
1316 1324 1420 1398 soluit
1445 1328 1684 1399 tantummodo
1703 1383 1712 1398 .
1731 1382 1738 1397 .
1757 1382 1791 1397 ..

341 1441 533 1534 Sunwczn,
561 1443 644 1515 villa
670 1444 735 1516 sub
761 1444 927 1534 parochia
953 1444 996 1516 de
1022 1444 1246 1533 Zakrzow
1273 1446 1373 1537 sita,
1395 1446 1494 1518 cuius
1520 1447 1718 1539 proprietas
1745 1449 1789 1518 ad

231 1564 495 1637 serenissimum
521 1563 686 1638 Poloniae
712 1584 830 1655 regem
857 1552 1018 1657 pertinet.
1061 1566 1102 1637 Irr
1130 1588 1198 1658 qua
1223 1572 1305 1641 sunt
1340 1568 1432 1641 lanei
1458 1568 1712 1658 cmethonales,
1748 1568 1792 1639 de

232 1684 363 1774 quibus
399 1685 559 1757 omnihus
595 1685 785 1775 antiquitus
822 1686 955 1757 decima
981 1687 1208 1778 manipularis
1244 1688 1444 1761 solvebatur
1479 1708 1543 1779 pro
1579 1688 1789 1762 scholastico

233 1803 468 1897 Oracoviensi,
495 1826 559 1897 pro
586 1807 763 1898 praesenti
790 1827 873 1880 vero
901 1807 946 1878 ad
971 1808 1227 1898 beneplacitum
1253 1809 1462 1900 scholastici,
1490 1809 1596 1883 soluit
1613 1864 1729 1881 .....

339 1926 653 2020 Wurunuowmn,
688 1929 771 2001 villa
798 1929 861 2001 suh
889 1929 1053 2019 parochia
1089 1929 1132 2001 de
1159 1929 1381 2004 Zakrzow
1421 1932 1508 2023 sita,
1544 1931 1642 2002 cuius
1668 1931 1792 2003 haeres

231 2047 389 2121 lacobus
415 2047 777 2142 Wytharrowsky
804 2048 847 2123 de
874 2050 976 2123 domo
995 2104 1111 2121 .....
1155 2051 1198 2121 In
1224 2072 1294 2142 qua
1319 2058 1401 2125 sunt
1426 2053 1519 2125 lanei
1545 2052 1789 2141 cmethonales,
1915 2104 1923 2117 .

231 2169 275 2241 de
313 2170 441 2261 quibus
459 2255 463 2261 ¹
478 2171 637 2243 omuibus
672 2171 820 2244 solvitur
856 2170 990 2243 decima
1026 2172 1252 2263 manipularis
1287 2173 1514 2245 scholastriae
1550 2172 1787 2262 Gracoriensi3

232 2291 330 2363 cuius
359 2292 538 2383 perceptio
565 2292 600 2363 in
627 2293 812 2384 manipulis
839 2293 1018 2365 abstracta
1045 2298 1107 2385 est,
1135 2298 1172 2364 et
1193 2294 1326 2367 incolae
1352 2295 1449 2373 illam
1475 2295 1550 2385 soli,
1576 2295 1721 2385 quilibet
1747 2294 1790 2366 de

232 2413 333 2483 laneo
363 2433 446 2509 spo,
473 2413 687 2505 percipiunt,
719 2420 756 2485 et
782 2414 921 2487 solvunt
946 2435 1010 2506 pro
1038 2435 1079 2487 ea
1106 2416 1304 2488 summatim
1332 2416 1539 2489 scholastico
1566 2414 1790 2487 Gracorienui

231 2555 335 2605 unam
366 2554 515 2606 marcam
544 2534 693 2607 latorum
720 2555 919 2625 grossorum
946 2534 1184 2627 Prageusium.

712 2798 954 2880 Daeanatua
987 2798 1041 2879 de
1075 2798 1332 2907 Dambycza.

335 3015 532 3092 Proventus
559 3024 595 3091 et
622 3020 787 3091 introitus
814 3020 980 3091 ecclesiae
1012 3020 1048 3089 in
1083 3019 1352 3109 Dambicza,
1388 3024 1469 3090 sunt
1503 3038 1567 3109 per
1593 3039 1657 3091 nos
1684 3023 1789 3091 antea

232 3140 268 3211 in
294 3138 580 3213 archidiaconatu
607 3138 836 3213 Sandeezeusi
857 3140 908 3211 'ad
926 3140 1064 3230 plenum
1093 3140 1267 3231 descripti,
1296 3145 1333 3211 et
1358 3138 1437 3211 ideo
1463 3140 1520 3211 hic
1547 3140 1785 3213 obmittantur

907 3261 1135 3334 ananzacz.

872 3747 1144 3820 Donezncuow.

277 3933 282 3942 .
334 3864 432 3940 Villa
458 3866 590 3940 habeus
610 3867 654 3939 -in
681 3887 718 3938 se
745 3867 979 3958 parochialem
1007 3867 1186 3938 ecclesiam
1213 3866 1372 3956 ligneam,
1399 3863 1527 3936 Sancto
1545 3918 1554 3934 .
1572 3918 1581 3934 .
1600 3918 1608 3934 .
1689 3864 1786 3936 diea-

234 3991 323 4080 tum,
359 3987 458 4059 cuius
492 3988 689 4079 proprietas
725 3987 769 4058 ad
796 3987 1044 4060 monasterium
1071 3986 1415 4079 Koprzywnyczeuse
1451 3986 1626 4076 pertinet,
1657 3990 1695 4057 et
1720 3984 1786 4056 iuit

218 4109 446 4181 monasterio
473 4108 601 4182 donata
627 4113 795 4200 perpetuo
822 4128 886 4199 per
912 4108 1094 4180 Nicolaum
1121 4108 1285 4180 comitem
1311 4107 1355 4177 de
1382 4106 1608 4197 Bogorya.
1649 4105 1691 4176 In
1718 4125 1787 4196 qua

236 4235 315 4300 sunt
339 4230 433 4302 lanei
460 4229 703 4321 cmethonales,
730 4231 813 4301 item
839 4230 1016 4321 tabernae,
1043 4230 1126 4300 item
1152 4227 1380 4318 hortulaniae,
1407 4227 1601 4318 dequibus
1627 4226 1785 4299 omnibus

237 4349 382 4424 solvitur
408 4356 445 4422 ct
471 4349 676 4423 conducitur
702 4349 835 4422 decima
860 4350 1087 4442 manipularis
1114 4353 1151 4420 et
1176 4347 1350 4439 canapalis
1377 4369 1442 4440 pro
1461 4399 1657 4419 ........
1695 4346 1784 4418 Item

236 4469 379 4542 ecclesia
404 4471 512 4544 habet
537 4471 587 4543 ihi
613 4471 775 4563 proprios
801 4491 905 4561 agros
932 4475 969 4543 et
994 4475 1105 4562 prata,
1131 4489 1196 4561 pro
1223 4489 1286 4542 suo
1312 4489 1378 4541 usu
1396 4472 1434 4542 et
1451 4467 1672 4556 necessitate,
1700 4466 1784 4538 item

237 4591 413 4680 praedium
440 4591 490 4664 ibi
509 4643 624 4664 .....

337 4711 510 4803 Sosurrrh,
537 4712 621 4784 villa
646 4713 712 4785 sub
739 4713 906 4805 parochia
932 4713 975 4784 de
1001 4711 1318 4817 Dobrzechow
1344 4709 1432 4801 sita,
1459 4707 1557 4782 cuius
1583 4701 1779 4799 proprietas

238 4829 279 4902 ad
306 4834 553 4906 monasterium
581 4833 923 4926 lioprzywnyczense
950 4834 1111 4924 pertinet.
1146 4833 1187 4903 In
1215 4851 1284 4922 qua
1309 4836 1391 4904 sunt
1425 4831 1516 4901 lanei
1543 4828 1784 4918 cmethonales,

127 5037 132 5044 ¹
238 4953 317 5024 item
344 4955 573 5046 hortulaniae,
600 4955 686 5028 itern
712 4956 888 5046 tabernae,
914 4955 997 5026 item
1024 4952 1204 5045 praedium
1229 5005 1371 5022 ......

339 5075 528 5148 Wrssorrn
555 5076 641 5148 alias
667 5074 896 5150 Suonourrrn
922 5075 1085 5166 Wourn,
1122 5073 1206 5146 villa
1232 5073 1296 5145 sub
1322 5071 1488 5161 parochia
1514 5070 1557 5142 de
1584 5070 1782 5142 Dobrue-

239 5193 356 5266 chow
382 5197 459 5287 sita,
486 5198 583 5268 cuius
610 5198 806 5288 proprietas
833 5197 877 5268 ad
904 5195 1153 5268 monasterium
1170 5193 1519 5285 Koprzywnyczense,
1531 5191 1701 5282 pertinet
1741 5189 1781 5260 ln

240 5333 305 5401 qua
329 5321 409 5387 sunt
435 5317 526 5388 lanei
553 5317 806 5407 cmethonaleS,
833 5318 917 5394 item
945 5315 1032 5386 duae
1059 5315 1225 5386 tabernae
1250 5314 1420 5386 habentes
1447 5332 1565 5402 agros,
1592 5311 1675 5381 item
1702 5311 1783 5380 hor-

239 5433 396 5527 tulaniae,
422 5437 505 5508 item
533 5437 693 5510 scoltetia
718 5438 851 5512 habeus
878 5431 965 5508 duos
992 5435 1120 5526 laneos,
1148 5434 1191 5505 de
1218 5434 1343 5526 quihus
1370 5431 1528 5504 omnibus
1554 5431 1702 5502 solvitur
1724 5429 1784 5501 de-

241 5553 325 5624 cima
350 5558 538 5646 pecunialis
565 5559 776 5632 monasterio
803 5556 1149 5649 Koprzyunyczensi,
1176 5555 1219 5626 de
1246 5555 1401 5644 quolibet
1427 5553 1528 5626 lanso
1555 5571 1616 5624 serr
1641 5569 1783 5640 grossos
1809 5578 1815 5591 ’

240 5670 337 5770 latos,
362 5684 423 5749 aut
450 5685 527 5750 octo
555 5699 761 5750 communes.
