4550 6600
1671 824 1743 897 301

131 1100 137 1107 .
190 1030 233 1103 de
260 1030 389 1122 quibus
423 1030 570 1103 solvitur
605 1035 641 1102 et
667 1030 872 1103 conducitur
907 1030 1042 1103 decima
1068 1031 1293 1121 manipularis
1320 1036 1356 1103 et
1382 1032 1557 1123 canapalis
1584 1034 1746 1125 episcopo

189 1152 425 1243 cracoviensi,
452 1154 550 1224 cuius
577 1152 676 1231 valor
702 1153 906 1225 aestimabar
933 1154 977 1225 ad
1006 1208 1013 1224 .
1041 1209 1048 1223 .
1077 1209 1083 1223 .

851 1276 1098 1347 Mvnnczvua

800 1518 952 1591 cznnuv
979 1518 1144 1592 Pornorr.

293 1638 391 1711 Villa
417 1640 547 1713 habens
575 1641 611 1711 in
639 1661 676 1711 se
703 1642 936 1730 parochialem
957 1641 1136 1712 ecclesiam
1156 1641 1315 1731 ligneam,
1333 1638 1459 1711 Sancto
1478 1639 1635 1713 Martino
1652 1640 1746 1713 dica·

189 1768 269 1871 lam,
288 1763 389 1837 cuius
407 1763 529 1834 haeres
548 1762 674 1835 Petrus
692 1762 962 1855 Ryiherslvy
989 1764 1031 1834 de
1050 1764 1157 1835 armis
1174 1763 1491 1853 Bippennium.
1519 1764 1559 1834 ln
1578 1786 1647 1854 qna
1663 1772 1745 1835 snut

190 1884 277 1955 lanei
297 1885 544 1975 amelhonaleS,
572 1886 655 1956 item
683 1886 858 1976 tabernae,
886 1887 969 1956 ilem
996 1886 1181 1976 horiulani,
1208 1885 1251 1956 de
1279 1886 1404 1975 quibus
1422 1887 1581 1957 omnibus
1599 1886 1747 1958 solvitur

192 2013 226 2077 et
239 2006 447 2078 conducitur
461 2006 595 2078 decima
614 2007 839 2097 manipularis
858 2014 894 2078 et
912 2007 1087 2097 canapalis
1106 2030 1170 2097 pro
1189 2008 1391 2098 episcopatu
1405 2006 1635 2099 cracoviensi,
1649 2009 1747 2080 cuins

192 2128 287 2199 valor
313 2128 360 2199 ad
388 2135 538 2219 quatuor
565 2149 700 2199 marcas
727 2130 950 2219 aestimatum
978 2129 1060 2199 item
1089 2135 1145 2199 est
1170 2128 1220 2199 ibi
1245 2150 1350 2199 unum
1378 2130 1557 2219 praedium
1584 2129 1746 2218 militare,

192 2250 233 2319 de
258 2249 358 2321 cuius
387 2250 480 2340 agris
509 2251 656 2321 solvitur
683 2250 815 2331 decima
841 2250 1067 2351 manipularis
1095 2272 1158 2340 pro
1186 2251 1333 2323 ecclesia
1358 2257 1394 2321 et
1419 2252 1495 2323 eius
1512 2252 1661 2342 plebano
1680 2254 1745 2325 ibi·

184 2371 267 2442 ‘dem
304 2372 339 2442 in
369 2371 546 2462 czarny
582 2371 783 2459 Potholv‚
810 2372 906 2442 cuius
933 2372 1031 2443 valor
1058 2372 1262 2445 aestimatur
1289 2372 1334 2443 ad
1361 2378 1434 2443 tres
1460 2372 1633 2463 fertonem
1661 2375 1745 2445 item

192 2492 356 2581 plebanus
385 2494 492 2565 habet
518 2494 653 2564 ratione
679 2514 774 2587 osaep
801 2493 980 2565 duodecim
999 2512 1179 2565 mensuras
1198 2493 1345 2584 siliginis
1363 2500 1400 2565 et
1417 2515 1547 2566 avenae
1565 2495 1608 2566 de
1626 2495 1746 2567 eadem

195 2614 291 2702 villa;
327 2616 412 2685 item
440 2614 546 2686 habel
572 2615 716 2685 ecclesia
743 2620 778 2685 et
804 2615 972 2709 plebanus
1000 2616 1127 2686 ibidem
1153 2617 1314 2705 proprios
1342 2636 1446 2707 agros
1472 2622 1510 2688 et
1535 2622 1654 2707 prata,
1682 2638 1747 2709 pro

194 2758 252 2807 sno
278 2758 344 2816 usn
374 2742 410 2808 el
435 2736 650 2809 necessitate.
1386 2735 1389 2743 '
1440 2726 1445 2733 ’

853 2858 1087 2931 anowszrvo.

292 2980 392 3051 Villa
417 2981 549 3053 babens
576 2982 611 3051 in
639 3002 676 3051 se
703 2981 936 3070 parochialem
963 2981 1142 3051 ecclesiam
1169 2980 1329 3069 ligneam,
1356 2979 1502 3051 Sanctae
1520 2980 1656 3053 Mariae
1675 2981 1746 3053 Na-

195 3102 320 3173 civitati
348 3102 509 3192 dicatam,
537 3104 634 3173 cuius
661 3102 785 3174 haeres
813 3102 988 3192 Wyernek
1017 3100 1266 3192 Gabausky
1294 3101 1337 3171 de
1364 3103 1470 3172 armis
1488 3102 1678 3194 Janyna.
1705 3104 1745 3200 ln

196 3246 259 3314 qna
284 3226 367 3295 sunt
394 3224 485 3294 lanei
512 3226 756 3316 curelhonaleS,
784 3226 866 3295 item
894 3246 964 3295 una
990 3225 1148 3315 taberna,
1174 3225 1257 3294 item
1285 3223 1505 3294 hortulaniae
1524 3231 1683 3317 qual-nor,
1702 3225 1745 3297 de

197 3347 314 3436 quibus
341 3368 408 3438 pro
435 3369 505 3419 una
531 3353 631 3438 parte
660 3349 782 3420 maiori
820 3348 967 3418 solvitur
994 3347 1126 3418 decima
1153 3346 1380 3436 manipularis
1407 3353 1443 3416 et
1469 3347 1644 3436 canapalis
1671 3347 1745 3438 ple-

196 3467 280 3538 bano
306 3469 384 3539 eins
411 3469 445 3539 iu
473 3468 726 3560 Jazouslro,
755 3475 791 3539 et
817 3469 916 3541 valor
943 3470 1017 3543 eius
1044 3469 1250 3539 aestimatur
1268 3467 1313 3538 ad
1332 3473 1482 3558 quatuor
1497 3488 1652 3557 marcas3
1679 3490 1743 3559 pro

197 3590 297 3660 albara
323 3611 409 3662 vero
424 3597 537 3681 ‚paria
563 3591 697 3682 maiori,
725 3591 872 3662 solvitur
899 3592 1061 3681 episcopo
1088 3590 1320 3679 cracoviensi,
1347 3589 1445 3660 cuius
1464 3589 1562 3660 valor
1579 3591 1742 3661 aestima-

197 3717 249 3782 tur
283 3691 442 3786 adduas
469 3733 621 3784 marcas:
657 3713 739 3783 item
768 3718 822 3783 est
848 3711 897 3784 ibi
924 3711 1102 3801 praedium
1130 3713 1254 3802 unum,
1282 3711 1325 3781 de
1353 3713 1449 3781 cuins
1477 3712 1570 3800 agris
1597 3711 1746 3783 solvitur

198 3833 322 3906 decima
348 3834 577 3924 manipularis
604 3835 768 3906 ecclesiae
788 3855 871 3906 suae
889 3839 926 3904 et
943 3834 1091 3923 plebano
1110 3833 1202 3904 eius:
1229 3834 1313 3902 item
1332 3832 1498 3922 plebanus
1516 3833 1623 3903 babet
1638 3854 1745 3904 ‘unam

198 3944 389 4047 tabernam,
417 3955 478 4027 sed
513 3976 604 4027 nnnc
639 3957 818 4028 desertata
844 3961 917 4044 est3
954 3955 1036 4026 item
1064 3953 1170 4025 habet
1195 3953 1363 4044 plebanus
1389 3953 1551 4044 proprios
1577 3974 1681 4044 agros
1707 3962 1744 4026 et

198 4081 308 4167 prata,
335 4097 399 4168 pro
427 4099 489 4148 suo
516 4099 582 4149 usu
609 4084 644 4150 et
671 4079 896 4167 necessitalo3
923 4078 1004 4148 item
1033 4077 1137 4147 habet
1163 4075 1332 4166 plebanus
1358 4073 1523 4146 solarium
1551 4075 1695 4147 ovorum
1722 4097 1744 4147 a

199 4197 346 4286 qnalibet
373 4199 554 4289 amathone
582 4201 743 4292 quinque,
771 4201 854 4272 item
882 4199 963 4270 dum
991 4198 1116 4288 aliquis
1144 4199 1281 4269 cmetho
1308 4202 1439 4268 mactat
1465 4218 1617 4289 porcum,
1644 4181 1740 4270 tene·

198 4324 253 4389 tur
276 4319 423 4410 plebano
459 4322 543 4394 dare
579 4343 682 4393 unam
719 4322 949 4394 mandibulam
987 4321 1073 4392 alias
1101 4315 1298 4390 caelavere
1326 4320 1480 4410 quolibet
1506 4340 1631 4410 porco;
1660 4321 1742 4391 item

200 4441 330 4514 solvont
365 4444 432 4516 sibi
459 4465 521 4534 per
548 4449 621 4516 tres
647 4465 756 4535 panes
783 4445 938 4534 quolibet
964 4464 1072 4532 anno,
1099 4447 1242 4533 praeter
1267 4441 1501 4529 offertorium3
1528 4442 1610 4511 ibam
1637 4442 1744 4512 habet

201 4561 415 4657 offertorium,
443 4566 525 4638 ilem
553 4566 842 4640 columbationem
869 4566 983 4638 habet.

847 4686 1085 4760 Pnzvssovvn.

296 4805 389 4880 Villa
414 4800 548 4880 babens
575 4809 611 4880 in
639 4831 676 4880 se
703 4809 884 4880 ecclesiam
910 4808 1144 4900 parochialem
1164 4807 1323 4898 ligneam,
1341 4806 1468 4878 Sancto
1488 4805 1631 4878 Nicolao
1650 4806 1744 4878 dica

201 4931 397 5018 temerius
424 4930 594 5002 haeredes
620 4931 823 5003 Marcissius
851 4935 887 5002 et
914 4929 1168 5020 Wyrabiantha
1194 4928 1237 4999 de
1264 4927 1366 4998 domo
1393 4928 1416 4999 J
1425 4949 1581 5020 anyna
1609 4928 1647 4998 ln
1676 4951 1744 5020 qua

202 5053 275 5118 sunl
299 5050 389 5122 lanei
416 5052 666 5143 cmethonalos,
694 5053 736 5123 do
765 5053 891 5144 quibus
917 5051 1066 5123 solvitur
1093 5050 1227 5121 decima
1254 5051 1444 5140 pecunialis
1471 5050 1633 5141 episcopo
1659 5049 1743 5121 cra·

202 5169 342 5242 eoviensi
369 5173 411 5244 do
439 5173 594 5264 quolibet
620 5173 720 5246 laneo
747 5195 811 5265 per
838 5229 845 5244 .
874 5229 881 5242 .
909 5228 916 5242 .
943 5173 1030 5244 ltcm
1057 5177 1138 5244 sunt
1165 5171 1214 5242 ibi
1241 5171 1309 5242 dno
1336 5172 1481 5263 praedia
1507 5172 1682 5262 militaria,
1699 5172 1743 5244 de

204 5308 336 5376 quornm
364 5295 467 5386 agris,
494 5295 642 5366 solvitur
670 5295 804 5368 decima
828 5293 1054 5384 manipularis
1072 5292 1238 5363 ecclesiae
1256 5298 1292 5362 et
1309 5293 1383 5364 eins
1400 5292 1549 5383 plebano
1568 5293 1603 5362 in
1623 5292 1744 5385 Przy·

205 5411 389 5507 scbova,
417 5417 513 5488 cuius
549 5417 649 5488 valor
674 5416 718 5487 ad
747 5437 807 5488 sex
835 5435 969 5486 marcas
997 5415 1220 5502 aestimatum
1255 5414 1338 5484 iiam
1365 5415 1472 5484 habet
1499 5414 1547 5485 ibi
1574 5413 1743 5503 plebanos

136 5615 141 5626 ,
205 5535 236 5598 el
259 5535 398 5608 ecclesia
424 5539 585 5629 proprios
613 5559 716 5627 agros
744 5544 780 5610 et
807 5544 917 5628 prata,
945 5557 1008 5626 pro
1037 5557 1099 5608 suo
1127 5558 1193 5607 usu
1220 5542 1256 5607 et
1282 5537 1500 5607 necessitat.

298 5653 486 5750 Sruonvn,
511 5659 595 5731 villa
621 5660 686 5732 sub
713 5659 879 5750 parochia
905 5658 948 5730 de
974 5657 1264 5748 Podgrodze,
1291 5658 1388 5728 cuius
1414 5657 1538 5729 haeres
1564 5656 1743 5730 Jobannes

206 5766 450 5870 Sironszky
477 5779 520 5852 de
548 5780 650 5854 domo
677 5780 699 5854 J
706 5802 866 5874 anyna
892 5780 933 5851 In
960 5801 1030 5870 qua
1059 5785 1141 5854 anni
1167 5779 1258 5850 lanei
1284 5778 1529 5870 cmeihonales,
1556 5779 1743 5871 dequibus
