4550 6600
496 779 570 851 542

492 986 637 1077 praedia
670 984 854 1072 militaria,
881 984 925 1055 de
952 984 1076 1074 quibus
1103 1005 1167 1075 pro
1194 984 1317 1060 maiori
1344 982 1530 1056 medietate
1558 984 1705 1056 solvitur
1732 982 1864 1055 decima
1891 980 2047 1071 manipu-

492 1092 585 1197 laris,
612 1127 677 1197 pro
704 1106 906 1197 episcopatu
932 1103 1164 1196 Gracouiensi,
1191 1126 1255 1197 pro
1282 1107 1409 1179 minori
1436 1126 1519 1179 vero
1547 1105 1713 1177 ecclesiae
1730 1105 1767 1176 in
1786 1100 1996 1191 Garbou,
2016 1108 2048 1173 et

492 1228 591 1300 valor
616 1228 691 1298 eius
718 1228 924 1299 aestimatur
951 1226 996 1299 ad
1023 1281 1030 1298 .
1058 1283 1067 1298 .
1095 1282 1102 1297 .
1892 1236 1898 1243 “

598 1346 830 1440 Gurnnuow,
857 1349 942 1420 villa
968 1349 1032 1420 sub
1059 1350 1225 1439 parochia
1252 1349 1294 1421 de
1323 1346 1514 1421 Garbou
1542 1350 1617 1439 sita,
1645 1349 1741 1419 cuius
1768 1348 1891 1419 haeres
1912 1345 2051 1436 Phye-

492 1472 608 1542 bron
635 1470 678 1541 de
704 1470 806 1543 domo
834 1471 1097 1543 Taurorum.
1124 1470 1165 1541 In
1193 1492 1261 1560 qua
1288 1476 1368 1543 sunt
1393 1471 1484 1543 lanei
1512 1470 1753 1559 anachoretes,
1780 1470 1864 1541 item
1892 1469 2052 1557 taberna,

493 1592 576 1663 item
603 1591 832 1682 hortulaniae‚
860 1592 902 1663 de
930 1593 1055 1683 quibus
1082 1592 1231 1664 solvitur
1257 1592 1392 1663 decima
1417 1592 1645 1682 manipularis
1672 1576 1710 1663 et
1737 1590 1917 1680 canapalis
1947 1589 2052 1659 coele·

494 1714 566 1784 siae
593 1712 629 1783 in
657 1710 869 1802 Garbow;
897 1714 994 1785 cuius
1020 1714 1120 1785 valor
1147 1713 1341 1803 quindecim
1367 1734 1510 1785 marcas.
1545 1713 1634 1785 Item
1661 1720 1714 1784 est
1740 1712 1789 1783 ibi
1815 1732 1924 1783 unum
1954 1730 2052 1800 prae

494 1834 587 1905 dium
610 1834 791 1925 militare,
819 1835 861 1905 de
898 1836 995 1906 cuius
1031 1836 1125 1925 agris
1154 1836 1300 1907 soluitur
1327 1836 1459 1907 decima
1485 1835 1666 1906 alternatis
1693 1834 1845 1922 vicibus3
1873 1852 1961 1904 nam
1988 1852 2052 1901 uno

494 1977 584 2028 anno
613 1956 760 2029 solvitur
786 1955 933 2046 plebano
961 1956 997 2027 in
1024 1953 1146 2045 Garb
1159 1978 1229 2048 ow,
1257 1958 1368 2029 altero
1395 1958 1431 2028 in
1452 2012 1489 2027 ..
1518 2012 1524 2027 .
1553 2011 1561 2026 .
1589 2010 1595 2027 .
1623 1955 1733 2028 Valor
1760 1954 1916 2026 decimae
1939 1952 2052 2025 'totius

378 2106 388 2117 ·
496 2078 615 2150 decem
641 2098 844 2149 marcarum.

598 2200 748 2289 Lueow,
774 2199 858 2270 uilla
885 2200 949 2271 sub
976 2200 1143 2290 parochia
1169 2199 1211 2271 de
1239 2198 1430 2273 Garbou
1457 2201 1542 2289 sita,
1570 2200 1665 2271 cuius
1697 2198 1883 2271 haeredes:
1921 2194 2051 2267 Julian-
2152 2196 2153 2201 ’

495 2340 558 2392 nes
585 2319 866 2413 Ozarousky
900 2320 944 2391 de
971 2320 1073 2393 domo
1099 2321 1249 2412 Rawa,
1276 2322 1485 2393 Jakusch
1512 2322 1555 2393 de
1582 2322 1689 2392 armis
1715 2320 1946 2407 Italam,
1973 2319 2050 2388 item

433 2481 437 2487 ψ
495 2425 691 2532 Κόπᾱθὶι,
717 2443 801 2513 item
829 2441 1081 2533 Szwyemir.
1108 2443 1148 2513 ln
1177 2464 1245 2534 qua
1271 2449 1353 2515 sunt
1379 2442 1559 2515 duodecim
1585 2443 1678 2513 lanei
1705 2424 1952 2528 emethonales‚
1971 2439 2050 2509 item

496 2563 641 2653 praedia
674 2564 746 2633 tria
771 2563 821 2634 ibi
848 2569 947 2653 sunt,
974 2563 1169 2654 dequibus
1198 2564 1344 2636 solvitur
1372 2568 1407 2635 et
1433 2562 1638 2636 conducitur
1664 2564 1797 2635 decima
1823 2560 2050 2650 manipularis

495 2689 531 2755 et
557 2684 732 2787 canapalis
768 2684 934 2755 ecclesiae
969 2686 1023 2755 et*
1041 2684 1188 2774 plebano
1215 2686 1251 2757 in
1280 2683 1491 2777 (larbam,
1519 2686 1618 2757 euius
1644 2684 1743 2758 valor
1769 2684 1982 2755 aestimatur
2008 2680 2048 2751 ad

600 2925 819 3015 Snueoczm,
847 2925 930 2997 villa
956 2927 1019 2998 sub
1047 2928 1213 3018 parochia
1240 2929 1283 3001 de
1310 2926 1505 3039 Garbow
1533 2929 1610 3019 sita,
1638 2928 1735 3000 cuius
1753 2926 1925 2997 haeredes
1944 2924 2048 3012 multi,

375 3125 380 3137 ,
495 3047 538 3119 de
565 3048 673 3119 variis
699 3047 815 3136 armis,
842 3052 923 3136 post
949 3069 1095 3137 quorum
1122 3056 1283 3123 araturas
1310 3051 1457 3125 solvitur
1484 3051 1618 3123 decima
1644 3048 1874 3140 manipularis
1893 3054 1932 3146 et
1951 3066 2047 3117 cana-

495 3168 585 3258 palis
612 3168 778 3240 ecclesiae
804 3168 839 3237 in
868 3165 1070 3242 Garbow.

510 3337 515 3342 -
601 3289 813 3382 W1ssours,
842 3291 926 3362 villa
951 3292 1015 3364 sub
1042 3292 1209 3383 parochia
1235 3294 1277 3366 de
1306 3292 1497 3368 Garbou
1524 3294 1601 3384 sita,
1629 3292 1727 3365 cuius
1754 3290 1925 3362 haeredes
1945 3288 2047 3376 multi

498 3410 557 3499 qui
582 3431 646 3500 per
672 3431 709 3483 se
736 3413 854 3484 colunt
889 3434 993 3504 agros
1029 3415 1282 3508 emethonales‚
1310 3417 1353 3489 de
1380 3417 1505 3508 quibus
1532 3415 1672 3488 solvunt
1699 3413 1868 3486 decimam
1895 3411 2049 3500 manipu-

496 3529 605 3602 larem
640 3538 677 3604 et
711 3535 908 3625 canapalem
944 3535 1111 3607 ecclesiae
1147 3544 1183 3608 et
1215 3537 1365 3628 plebano
1401 3539 1437 3608 in
1464 3536 1668 3610 Garbow.

603 3650 708 3745 Gom,
736 3655 819 3728 villa
846 3657 910 3734 sub
936 3658 1103 3747 parochia
1129 3658 1172 3730 de
1201 3655 1393 3732 Garbow
1420 3660 1498 3750 sita,
1516 3661 1614 3730 cuius
1632 3659 1754 3728 haeres
1772 3655 2049 3746 Szwyebron

496 3774 540 3846 de
565 3772 667 3847 domo
695 3775 958 3850 Taurorum.
994 3779 1035 3850 In
1062 3801 1132 3871 qua
1158 3787 1240 3868 sunt
1266 3781 1357 3855 lanei
1384 3781 1637 3872 cmethonaleS‚
1663 3781 1746 3852 itam
1774 3780 1943 3868 taberna,
1970 3777 2047 3846 item

494 3895 732 3994 hortulaniae,
760 3899 803 3971 de
839 3901 963 3992 quibus
999 3901 1159 3974 omnibus
1186 3902 1334 3974 solvitur
1361 3909 1397 3975 et
1423 3903 1627 3975 conducitur
1662 3903 1794 3974 decima
1822 3897 2045 3990 manipularis

496 4023 533 4089 et
560 4020 734 4110 canapalis
761 4042 824 4111 pro
852 4023 999 4094 ecclesia
1024 4023 1060 4093 in
1088 4020 1292 4116 Garbow,
1320 4030 1355 4096 et
1381 4025 1478 4096 valor
1506 4026 1580 4098 eius
1607 4025 1812 4097 aestimatur
1838 4021 1968 4093 ad...
2029 4077 2032 4082 .

559 4143 574 4214 ἶ
601 4138 777 4212 Moscrnu
803 4141 942 4234 Minoa,
969 4144 1053 4215 villa
1079 4146 1143 4216 sub
1170 4145 1335 4236 parochia
1362 4146 1526 4218 ecclesiae
1553 4147 1596 4218 de
1623 4144 1817 4218 Garbow
1843 4145 1923 4233 sita„
1953 4141 2043 4212 cuius

497 4259 665 4332 haeredes
690 4263 799 4354 multi,
827 4265 886 4356 qui
913 4265 978 4338 soli
1005 4286 1069 4357 per
1094 4287 1133 4338 se
1161 4267 1278 4340 colunt
1304 4287 1407 4358 agros
1435 4268 1679 4357 emethouales,
1706 4267 1749 4338 de
1769 4266 1893 4358 quibus
1912 4263 2047 4335 solvunt

497 4380 664 4454 decimam
691 4385 941 4476 manipularem
968 4393 1004 4459 et
1030 4387 1231 4485 canapalem
1259 4390 1425 4462 ecclesiae
1452 4395 1489 4463 et
1507 4389 1655 4480 plebano
1674 4389 1710 4460 in
1729 4385 1937 4476 Garbow,
1957 4383 2046 4455 cuius

497 4503 597 4576 valor
623 4505 829 4578 aestimatur
854 4507 899 4579 ad
918 4563 926 4578 .
946 4563 980 4579 ..
1312 4523 1318 4532 ·

601 4625 777 4700 Muscam
803 4629 944 4722 Maron,
971 4631 1054 4730 uilla
1080 4632 1145 4705 sub
1171 4633 1338 4723 parochia
1365 4632 1407 4705 de
1435 4630 1627 4706 Garbow
1654 4633 1731 4723 sita,
1759 4631 1855 4702 cuius
1883 4625 2045 4700 haeredes

497 4747 616 4840 multi,
645 4749 704 4842 qui
740 4750 804 4822 soli
840 4753 944 4824 etiam
975 4773 1039 4843 per
1074 4773 1111 4825 se
1149 4775 1251 4845 agros
1279 4761 1508 4846 occuparunt,
1536 4759 1572 4826 et
1598 4755 1676 4827 illos
1703 4759 1823 4842 arant,
1850 4757 1888 4822 et
1915 4751 1959 4821 de
1985 4747 2047 4819 illis

499 4869 637 4943 solvunt
663 4871 831 4945 decimam
857 4875 1106 4965 manipularem
1133 4880 1170 4946 et
1196 4877 1395 4968 canapalem
1414 4877 1577 4950 ecclesiae
1595 4882 1632 4948 et
1649 4875 1797 4966 plebano
1816 4875 1852 4944 in
1871 4870 2046 4944 Garbou.

602 4989 866 5087 Grszowrozr„
893 4996 978 5067 villa
995 4998 1060 5069 sub
1077 4998 1245 5088 parochia
1263 4999 1305 5070 de
1325 4996 1518 5071 Garbou
1545 4999 1621 5091 sita,
1640 4999 1738 5070 cuius
1756 4995 1925 5068 haeredes
1944 4991 2044 5079 multi,

500 5115 559 5206 qui
593 5135 658 5206 per
688 5137 725 5188 se
752 5123 855 5213 arant
880 5138 1003 5209 agros,
1030 5119 1225 5210 demultus
1253 5121 1392 5192 solvunt
1418 5121 1584 5192 decimam
1612 5119 1863 5210 manipularem
1891 5123 1928 5188 et
1954 5133 2045 5186 oana-

498 5237 612 5326 palem
638 5238 804 5311 ecclesiae
830 5239 867 5310 in
895 5237 1098 5317 Garbou.
1128 5240 1217 5312 Item
1245 5249 1326 5314 sunt
1353 5243 1402 5315 ibi
1429 5248 1465 5314 et
1492 5243 1598 5334 aliqui
1625 5243 1726 5334 pauci
1754 5246 1873 5312 tamen
1899 5237 2043 5309 emetha·

499 5378 570 5448 nes,
598 5359 657 5449 qui
684 5359 788 5431 etiam
815 5361 988 5433 decimant
1013 5362 1050 5432 in
1078 5359 1283 5434 Garbow.

604 5477 871 5573 orszowrczn,
899 5483 968 5554 alia
994 5484 1083 5589 villa!
1105 5485 1169 5556 sub
1196 5485 1431 5584 parochiade
1455 5483 1646 5558 Garbow
1674 5486 1750 5576 sita,
1768 5485 1866 5556 cuius
1885 5478 2043 5555 haeredes

500 5620 618 5672 omnes
645 5603 680 5672 in
708 5603 826 5676 eadem
855 5603 939 5676 uilla
965 5607 1204 5697 consistentes,
1223 5608 1291 5698 -qui
1319 5627 1422 5697 agros
1450 5609 1568 5680 colunt
1594 5615 1630 5680 et
1656 5607 1822 5679 decimam
1850 5605 1989 5680 solvunt
2012 5605 2042 5674 iu
2121 5648 2122 5654 κ

500 5716 705 5794 Garbou.
