4550 6600
494 756 568 828 524

489 958 741 1050 cmethonales,
768 965 806 1032 et
840 956 884 1031 de
918 957 1050 1031 eisdem
1076 956 1217 1031 solvunt
1243 956 1411 1029 decimam
1437 952 1686 1047 manipularem
1713 951 1882 1027 ecclesiae
1909 958 1946 1027 et
1973 950 2043 1044 plo

488 1086 580 1157 bano
606 1084 643 1153 in
670 1081 897 1172 Wissoka,
924 1087 961 1153 et
987 1080 1086 1153 valor
1113 1081 1187 1151 eins
1214 1080 1419 1152 aestimatur
1445 1078 1490 1151 ad
1509 1132 1517 1149 .
1537 1132 1571 1148 ..

473 1201 476 1207 ’
593 1204 772 1295 ansrr,
799 1202 883 1275 villa
917 1204 982 1274 sub
1017 1202 1185 1293 parochia
1211 1201 1254 1273 de
1280 1201 1503 1294 Wyssolra
1530 1201 1606 1271 sita
1645 1199 1686 1269 In
1710 1218 1778 1289 qua
1803 1196 1984 1271 lohannes
2010 1202 2046 1265 et

487 1326 699 1397 Laurentius
724 1325 859 1397 nobiles
885 1324 929 1395 de
956 1324 1057 1396 domo
1084 1324 1219 1396 Rawa
1245 1323 1310 1395 soli
1336 1343 1400 1413 per
1426 1344 1464 1395 se
1491 1327 1595 1393 arant
1621 1340 1724 1411 agros
1742 1318 1991 1407 cmethonales,
2009 1322 2044 1387 et

447 1523 451 1530 ,
489 1445 533 1517 de
559 1447 610 1518 eis
637 1446 805 1518 decimam
831 1445 970 1518 solvunt
996 1445 1246 1537 manipularem
1273 1450 1310 1517 et
1337 1444 1536 1536 canapalem
1563 1442 1728 1515 ecclesiae
1755 1442 1792 1513 in
1810 1439 2046 1533 Wyssolra,

492 1572 529 1640 et
554 1568 654 1639 valor
679 1568 755 1640 eins
782 1622 790 1637 .
817 1622 825 1637 .
853 1621 860 1637 .
1477 1652 1483 1661 .

594 1688 839 1779 Umrnncznr,
865 1688 950 1760 villa
987 1687 1051 1760 sub
1086 1688 1253 1778 parochia
1284 1685 1327 1758 de
1354 1685 1577 1779 Wyssoka
1603 1686 1690 1776 sita,
1717 1686 1817 1759 cuins
1843 1682 2044 1775 proprietas

490 1810 536 1882 ad
561 1810 799 1901 episcopatum
826 1808 1090 1882 Oracoviensem
1116 1809 1279 1899 pertinet.
1305 1809 1346 1881 In
1375 1828 1444 1899 qna
1470 1814 1551 1881 sunt
1579 1808 1672 1879 lanei
1699 1806 1945 1896 cmethonales,
1963 1805 2044 1875 itam

489 1931 655 2022 taberna,
683 1932 768 2003 item
802 1930 1041 2020 hortulaniae,
1067 1930 1112 2002 de
1140 1931 1265 2021 quibus
1292 1930 1441 2003 solvitur
1467 1930 1600 2003 decima
1626 1928 1852 2020 manipularis
1880 1932 1917 1999 et
1943 1946 2046 1998 cana-

488 2050 578 2143 palis
603 2072 668 2142 pro
694 2053 898 2143 episcopatu
926 2050 1157 2142 cracoviensi,
1184 2056 1219 2123 et
1245 2052 1343 2123 valor
1369 2053 1444 2125 eius
1471 2052 1675 2125 aestimatur
1701 2051 1746 2123 ad
1773 2105 1781 2121 .
1808 2104 1816 2121 .
1844 2104 1851 2119 .

594 2172 853 2265 Ponaosernn,
881 2173 964 2245 villa
999 2174 1064 2245 sub
1099 2173 1267 2264 parochia
1293 2172 1336 2245 de
1351 2172 1591 2264 'Wyssoka
1616 2174 1701 2264 sita,
1729 2172 1828 2245 cuius
1854 2168 2043 2254 haeredes;

488 2292 645 2365 Jacobus
670 2294 1047 2387 Zdzyechowslry
1074 2316 1140 2385 pro
1166 2294 1362 2385 medietate,
1389 2316 1453 2385 pro
1480 2295 1593 2367 altera
1619 2314 1701 2367 vero
1728 2292 1916 2366 medietate
1944 2290 2045 2363 uillae

488 2412 669 2487 lohannes
695 2414 963 2507 Goziczsky.
989 2416 1031 2487 In
1058 2437 1127 2508 qua
1154 2422 1236 2488 sunt
1262 2420 1394 2509 septem
1421 2416 1513 2487 lanei
1540 2415 1781 2505 cmethonales,
1808 2416 1892 2485 item
1919 2412 2041 2483 hortu·

489 2536 603 2608 lauiae
630 2542 709 2609 octo
734 2538 903 2609 habentm
930 2558 1044 2629 agros,
1071 2536 1115 2609 de
1142 2538 1266 2629 quibus
1294 2538 1455 2611 omnibus
1471 2538 1620 2611 solvitur
1637 2542 1673 2609 et
1690 2535 1895 2609 conducitur
1913 2533 2047 2605 decima

363 2691 367 2699 f
488 2657 713 2748 manipularis
739 2664 776 2729 et
802 2658 988 2750 canapalis,
1015 2659 1181 2732 ecclesiae
1208 2660 1244 2731 in
1270 2658 1543 2750 Wirzbicza,
1569 2664 1606 2731 et
1631 2658 1729 2731 valor
1746 2657 1822 2729 eius
1840 2656 2045 2728 aestimatur

489 2778 534 2849 ad
553 2833 561 2847 .
580 2833 588 2847 .
607 2832 641 2847 ..
667 2776 757 2851 Item
784 2785 839 2851 est
864 2780 915 2851 ibi
941 2781 1140 2871 praedium,
1167 2780 1209 2852 de
1236 2782 1333 2853 cuius
1360 2781 1455 2872 agris
1484 2780 1632 2853 solvitur
1659 2779 1792 2851 decima
1818 2776 2046 2867 manipularis

488 2918 553 2989 pro
580 2900 685 2971 altari
711 2904 748 2972 ot
773 2900 935 2973 citarista
961 2902 1004 2990 in⁴
1025 2900 1227 2973 Wrzosz.

592 3018 781 3094 Osrsnow
807 3020 948 3112 Maron,
975 3022 1058 3103 villa
1084 3023 1149 3094 sub
1177 3023 1343 3112 parochia
1370 3022 1413 3095 de
1440 3022 1663 3115 Wyssoka
1688 3021 1768 3112 sita,
1795 3021 1894 3091 enins
1921 3019 2043 3091 haeres

487 3138 959 3233 GristinusJankowsky
984 3162 1049 3233 pro
1067 3148 1339 3235 unaparte,pro
1358 3140 1851 3232 aliavero...Guzowsky
1879 3139 2043 3211 dedomo

487 3260 685 3353 Dolywa
703 3262 753 3334 in
780 3284 849 3355 qna
876 3270 958 3336 sunt
983 3263 1075 3338 lanei
1101 3264 1354 3357 emetiendam
1382 3266 1425 3340 de
1453 3266 1576 3358 quibua
1604 3264 1750 3338 solvitur
1775 3270 1813 3336 et
1838 3260 2045 3336 conducitur

489 3382 623 3454 decima
648 3384 876 3474 manipularis
902 3391 939 3458 et
965 3387 1153 3478 decapolis,
1180 3387 1396 3479 episcopatui
1422 3386 1654 3478 cracoviensi,
1673 3391 1710 3458 et
1727 3385 1826 3458 valor
1844 3385 1920 3456 eius
1938 3384 2045 3456 aesti-

488 3507 604 3574 matur
630 3503 675 3575 ad
693 3559 701 3574 .
720 3560 728 3576 .
747 3559 754 3576 .
772 3505 860 3578 Item
887 3507 936 3580 ibi
962 3507 1106 3599 praedia
1131 3507 1313 3601 militaria,
1338 3509 1381 3582 de
1409 3509 1534 3601 quibus
1561 3508 1709 3580 solvitur
1727 3505 1860 3578 decima
1876 3503 2042 3576 ecclesiae

489 3624 525 3694 in
552 3623 732 3698 Radom.
998 3709 1001 3713 y
1174 3703 1175 3708 ,

591 3744 778 3821 Osrnnow
805 3749 944 3842 Mmon,
970 3751 1054 3824 villa
1079 3753 1144 3826 sub
1171 3752 1338 3844 parochie
1364 3752 1407 3824 de
1426 3751 1680 3845 Wysszoka
1706 3751 1784 3840 sita,
1803 3749 1901 3820 euius
1919 3748 2044 3819 haeres

487 3864 615 3959 Dzylr
641 3868 685 3942 de
711 3872 989 3945 armis....1n
1016 3893 1086 3965 qua
1114 3879 1196 3947 sunt
1222 3874 1315 3946 lanei
1341 3875 1585 3966 cmethonales,
1613 3875 1656 3946 de
1683 3875 1808 3966 quibus
1835 3871 1985 3944 solvitur
2010 3874 2047 3941 et

487 3987 691 4062 conducitur
726 3993 860 4066 decima
887 3995 1121 4086 manipularis
1157 4001 1194 4068 et
1220 3997 1395 4088 cenapolis
1422 4017 1485 4088 pro
1514 3998 1713 4088 episcopatu
1740 3992 1983 4084 Crotoniensi,
2009 3999 2046 4063 et

485 4109 586 4180 valor
611 4111 686 4183 eius
713 4116 917 4188 aestimatur
942 4115 1175 4189 cd...1tem
1201 4124 1256 4190 est
1282 4118 1332 4190 ibi
1358 4118 1538 4210 praedium
1565 4119 1725 4210 militare,
1752 4119 1796 4194 de
1823 4139 1892 4210 qno
1911 4116 2046 4189 decima

488 4229 636 4303 solvitur
663 4236 889 4329 manipularis
916 4239 1081 4312 ecclesiae
1107 4239 1300 4332 parochiali
1326 4240 1362 4312 in
1389 4239 1567 4314 Radom.

595 4357 806 4449 Baonrow,
832 4359 917 4431 villa
942 4360 1007 4432 sub
1033 4361 1200 4453 parochia
1227 4361 1270 4433 da
1297 4360 1523 4454 Wyssoka
1549 4363 1636 4455 sita,
1662 4383 1726 4454 pro
1753 4383 1824 4434 una
1841 4361 2047 4450 medietate,

485 4497 550 4571 pro
578 4477 691 4554 altera
715 4501 799 4553 vero
825 4481 1011 4554 medietate
1037 4483 1192 4574 pertinet
1218 4483 1263 4556 ad
1290 4475 1490 4582 parochiam
1517 4485 1553 4556 in
1581 4483 1883 4558 Ghlewisska.
1910 4483 1952 4556 In
1976 4505 2046 4574 qna

487 4607 569 4673 sunt
593 4603 685 4674 lanei
712 4603 955 4695 cmethonales,
982 4604 1066 4676 item
1091 4605 1248 4697 taberna,
1275 4605 1359 4677 item
1386 4606 1573 4698 hortulani,
1597 4608 1681 4679 item
1699 4605 1889 4698 praedium,
1908 4604 1953 4677 de
1971 4606 2046 4696 qui-

485 4722 552 4796 bus
579 4724 728 4797 solvitur
759 4731 796 4797 et
822 4725 1028 4800 conducitur
1062 4726 1196 4800 decima
1231 4728 1457 4821 manipularis
1484 4733 1521 4802 et
1547 4729 1721 4822 canapalis
1748 4749 1813 4820 pro
1842 4729 2045 4820 episcopatu

486 4842 719 4939 Gracoviensi,
746 4852 783 4920 et
809 4848 908 4922 valor
934 4849 1010 4922 eins
1036 4849 1243 4923 aestimatur
1270 4851 1313 4924 ed
1334 4906 1341 4921 .
1361 4905 1395 4922 ..

1117 5076 1422 5150 Scnrnnowrncz.

589 5211 762 5305 Oppidum
788 5211 920 5286 habens
947 5214 984 5284 in
1011 5234 1049 5286 se
1075 5214 1257 5288 ecclesiam
1283 5215 1442 5306 ligneam,
1469 5215 1596 5287 Sancto
1627 5215 1847 5306 Sigismuudo
1883 5213 2043 5304 dierum,

485 5333 582 5406 cuiue
617 5334 787 5408 haeredes
821 5333 1016 5410 Stauislaus
1052 5335 1261 5410 castellanus
1288 5336 1549 5428 RadomiensiS,
1577 5343 1613 5408 et
1640 5317 1806 5409 Nicolans
1834 5337 2044 5428 burgrabius

486 5457 606 5532 castrt
629 5455 870 5530 Oracoviensis
905 5459 1072 5550 germani.
1111 5457 1153 5529 In
1190 5479 1258 5550 qua
1294 5465 1375 5530 sunt
1410 5458 1503 5532 lanei
1530 5459 1798 5550 oppidanorum,
1827 5459 1911 5530 item
1940 5479 2042 5530 unum

484 5576 666 5666 praedium
696 5580 867 5671 militare,
895 5578 1091 5673 dequibus
1118 5580 1278 5652 omnibus
1306 5581 1453 5654 solvitur
1481 5586 1516 5652 et
1542 5579 1746 5680 conducitur
1773 5579 1909 5652 decima
1936 5581 2042 5653 mani-

484 5697 616 5788 pularis
642 5706 680 5772 et
706 5701 892 5794 cenapaiis,
918 5702 1085 5775 ecelesiae
1112 5708 1149 5778 et
1174 5701 1323 5795 plebano
1350 5703 1385 5775 in
1413 5701 1773 5796 Schidlorryecz,
1799 5707 1835 5772 et
1851 5701 1952 5774 valor
1969 5701 2041 5772 eius
