4550 6600
514 765 588 834 472

513 974 673 1064 pertinet,
700 973 799 1043 cuius
825 954 947 1044 unicus
974 978 1142 1065 patronus
1169 978 1205 1045 et
1232 975 1379 1047 collator
1406 977 1515 1049 abbas
1542 984 1579 1050 et
1606 984 1796 1052 conventus
1810 979 2065 1053 Wancluoczen-

513 1098 570 1167 sis.
596 1096 636 1167 In
664 1116 732 1185 quo
760 1100 843 1180 sunt
868 1095 960 1166 lanei
986 1096 1252 1189 oppidanorum,
1289 1098 1332 1169 dc
1361 1099 1486 1189 quibus
1513 1102 1672 1173 omnibus
1699 1102 1848 1174 solvitur
1874 1108 1911 1175 et
1937 1104 2065 1175 condu-

406 1222 429 1253 ·'
511 1220 601 1291 citur
629 1217 763 1289 decIma
788 1218 1015 1308 manipularis
1041 1224 1078 1290 et
1103 1220 1209 1291 etiam
1238 1220 1412 1311 canapalis
1453 1208 1518 1313 pro
1545 1226 1754 1296 monasterio
1782 1224 2066 1317 Wanchoczensi,

511 1347 548 1413 et
574 1341 673 1412 valor
708 1341 783 1411 eius
818 1341 1024 1413 aestimatur
1042 1341 1103 1433 ‚ad
1130 1324 1252 1414 decem*
1276 1364 1418 1414 marcas.
1463 1342 1552 1416 Erat
1583 1345 1619 1416 id
1646 1346 1810 1438 oppidum
1838 1348 1920 1419 olim
1949 1368 2067 1419 mona-

512 1464 612 1565 sterii
639 1461 683 1533 de
704 1460 1060 1553 'Ozirwyenslrm
1087 1464 1149 1535 sed
1176 1485 1240 1555 per
1267 1466 1570 1537 commutationem
1594 1468 1689 1539 venit
1707 1478 1785 1539 c'um
1812 1470 1948 1560 aliquot
1967 1470 2067 1559 villis,

512 1588 548 1658 in
576 1590 705 1655 sortem
732 1586 935 1656 monasterii
962 1584 1261 1659 Wanchoczensis.
1299 1588 1386 1659 Item
1414 1589 1593 1679 praedium
1621 1574 1823 1663 coenobiale
1849 1612 1919 1663 non
1948 1593 2067 1663 estin

512 1708 632 1780 eodem
659 1707 796 1798 oppido,
823 1728 935 1799 neque
962 1708 1202 1780 molendinum.
1230 1710 1316 1781 Item
1334 1710 1502 1801 plebanus
1520 1712 1628 1783 habet
1650 1733 1753 1803 agros
1771 1714 1881 1786 bonos
1900 1720 1937 1786 et
1956 1720 2067 1805 prata,

511 1852 576 1922 pro
602 1849 665 1902 suo
692 1828 845 1920 praedIo.
1196 1824 1199 1829 ’
1624 1904 1627 1913 ,

615 1952 752 2043 Jrzow,
780 1951 865 2022 villa
890 1952 955 2023 sub
983 1952 1147 2041 parochia
1174 1952 1217 2024 de
1244 1952 1509 2059 Wazsnyow
1536 1955 1621 2047 sita,
1663 1956 1760 2028 cuius
1786 1958 1986 2047 proprietas
2025 1957 2068 2029 ad

511 2076 758 2148 monasterium
786 2073 934 2146 Sanctae
961 2072 1080 2147 Crucis
1108 2074 1241 2147 Calvi
1269 2078 1439 2149 montis
1466 2077 1563 2149 venit
1588 2096 1652 2169 per
1678 2080 1983 2152 commutationem
2003 2100 2067 2170 pro

386 2200 392 2213 ‘
513 2197 596 2270 villa
621 2196 851 2287 Mniszelr,
879 2218 956 2267 cum
983 2198 1193 2270 monasterio
1221 2197 1264 2270 de
1291 2193 1806 2273 Wanchoczslro'Iaotam.
1833 2202 1874 2273 In
1898 2206 2069 2293 quaeunt

511 2326 589 2392 octo
616 2320 707 2391 lanei
734 2319 985 2409 emethonales,
1020 2320 1215 2410 dequibus
1252 2321 1334 2391 olim
1370 2322 1571 2393 solvebatur
1605 2322 1739 2395 decima
1774 2324 2005 2415 manipularis
2033 2329 2068 2395 et

511 2442 686 2534 canapalis
714 2441 922 2513 monasterIo
950 2442 985 2511 in
1012 2439 1372 2535 Wanchoczako,
1408 2462 1512 2515 nunc¹
1525 2464 1608 2517 uero
1636 2445 1757 2535 vigore
1784 2447 2067 2519 commutationis

511 2564 707 2658 praefatae,
735 2563 881 2635 solvitur
908 2564 1115 2637 monasterio
1144 2564 1292 2637 Sanctae
1319 2562 1458 2655 Crucis,
1499 2570 1535 2637 et
1560 2566 1659 2637 valor
1684 2568 1759 2638 eius
1787 2569 1996 2640 aestimatur
2024 2568 2068 2639 ad

511 2689 630 2760 decem
656 2705 799 2758 marcas.
842 2687 931 2760 Item
956 2707 1026 2759 non
1053 2691 1106 2759 est
1124 2686 1184 2759 rbi
1210 2686 1409 2780 praedium,
1436 2710 1506 2761 non
1533 2692 1615 2760 saut
1640 2688 1817 2781 tabernae,
1844 2710 1957 2782 neque
1983 2691 2068 2763 hor-

511 2810 674 2883 tulaniae.

614 2931 971 3022 Zarnuczuow'rczn,
997 2930 1081 3003 villa
1108 2930 1172 3003 sub
1190 2930 1357 3021 parochia
1383 2930 1426 3003 de
1453 2928 1721 3025 Wasznyow
1750 2933 1827 3025 sito,
1855 2934 1955 3005 culus
1983 2954 2066 3025 pro

510 3058 642 3149 prietes
669 3054 713 3126 ad
730 3052 974 3158 praebendam
1000 3053 1316 3145 Sandomiriensem
1343 3052 1470 3126 dictam
1496 3055 1798 3147 Zayanczlrowslra
1824 3056 1989 3147 pertinet
2026 3056 2066 3128 In

511 3200 580 3271 qua
606 3182 688 3253 sunt
714 3196 775 3248 sex
802 3197 879 3247 cum
906 3175 1018 3248 medlo
1045 3176 1137 3247 lanei
1165 3176 1413 3267 cmetlronale's,
1442 3176 1484 3249 de
1513 3178 1638 3269 quibus
1666 3178 1826 3250 omnibus
1853 3178 2006 3249 soluitur
2032 3183 2067 3251 et

510 3300 713 3373 conducitur
748 3297 881 3371 decima
914 3296 1140 3389 manipularis
1176 3303 1212 3370 et
1238 3299 1414 3390 canapalis
1450 3319 1514 3391 pro
1541 3301 1752 3374 monasterio
1780 3294 2065 3391 Wanclioczensi,

511 3430 548 3496 et
574 3423 673 3495 valor
698 3422 774 3493 eius
799 3420 844 3492 ad
870 3424 1003 3512 septem
1029 3441 1168 3492 marcas·
1192 3422 1405 3494 aestimatur.
1441 3422 1530 3495 Item
1557 3428 1612 3495 est
1638 3423 1688 3496 ibi
1713 3422 1896 3515 praedium
1924 3424 2064 3496 canoni-

479 3639 484 3644 .
511 3546 603 3636 cale,
642 3545 780 3637 dequo
807 3543 999 3616 decimatur
1024 3543 1192 3616 ecclesiae
1210 3544 1255 3614 in
1292 3543 1577 3638 Wasunyow‚
1613 3551 1650 3618 et
1676 3545 1775 3618 valor
1801 3547 1877 3618 eius
1904 3547 1952 3619 ad
1978 3546 2062 3618 duas

510 3689 653 3742 marcas.

450 3883 456 3892 ,
620 3789 943 3881 Pnusruowrcza,
983 3789 1067 3862 nilla
1104 3788 1170 3860 sub
1209 3788 1376 3880 parochia
1416 3789 1459 3861 de
1494 3787 1762 3881 Wasznyow
1797 3789 1876 3862 sita.
1921 3791 1962 3862 In
1999 3811 2063 3882 qua

363 3980 369 3988 .
507 3914 707 4007 praebenda
733 3911 1022 3986 Sandomiriensis
1041 3910 1346 4003 Zayanczlrowska
1373 3911 1479 3984 habet
1497 3917 1647 4003 quatuor
1672 3912 1792 4014 laneos
1815 3913 2060 4004 emethonales,

508 4038 551 4110 de
578 4037 702 4127 quibus
728 4035 876 4107 soletur
902 4039 938 4106 et
964 4034 1169 4110 conducitur
1197 4033 1330 4105 decima
1353 4033 1578 4137 manipularis
1604 4040 1642 4106 ct
1668 4034 1845 4126 canapalis
1871 4057 1938 4127 pro
1957 4035 2061 4108 cocle-

508 4159 562 4229 sia
586 4157 778 4250 parochiali
805 4157 841 4228 in
876 4155 1120 4228 Kouinslra
1141 4137 1321 4246 Worya,
1349 4155 1385 4226 in
1412 4161 1509 4248 terra
1535 4155 1758 4246 Lublinensi,
1797 4160 1834 4228 et
1860 4157 1961 4229 valor
1987 4157 2060 4228 eius

506 4280 551 4351 ad
579 4285 731 4370 quatuor,
752 4299 886 4350 marcas
912 4277 1127 4349 aestimatur.
1155 4277 1243 4348 Item
1270 4275 1439 4348 medietas
1466 4276 1643 4368 praefatae
1670 4277 1790 4368 villae,
1817 4278 1854 4349 in
1882 4299 1954 4370 qua
1980 4283 2059 4350 suut

506 4391 599 4475 lanei
625 4402 859 4483 emethonales
885 4401 1039 4491 pertinet
1064 4400 1109 4471 ad
1136 4400 1385 4472 monasterIum
1412 4399 1712 4491 Wanchoczensc,
1731 4401 1773 4472 de
1801 4401 1930 4492 quibus
1958 4401 2059 4474 solvi-

504 4527 564 4595 tur
591 4529 628 4596 et
653 4523 858 4595 conducitur
884 4521 1019 4593 decima
1043 4521 1270 4612 manipularis
1298 4526 1334 4592 et
1361 4521 1537 4612 canapalia
1564 4541 1628 4613 pro
1655 4523 1867 4594 monasterio
1887 4521 2059 4595 Wanchc

356 4693 360 4698 -
506 4647 628 4737 czensi,
655 4652 694 4717 et
719 4645 817 4718 valor
843 4645 917 4717 eius
943 4644 989 4715 ad
1016 4650 1167 4735 quatuor
1192 4643 1451 4715 marcas.·Item
1478 4643 1658 4735 praedium
1686 4645 1722 4716 in
1749 4644 1835 4718 villa
1859 4644 1991 4716 cadem.

609 4767 798 4860 Ponourn,
825 4767 910 4839 uilla
937 4768 1001 4838 sub
1028 4767 1195 4857 parochia
1221 4765 1264 4838 de
1291 4755 1563 4858 Wasznyow'
1583 4767 1667 4860 sita,
1682 4765 1718 4838 in
1746 4767 1913 4840 suburbio
1943 4767 2059 4860 oppidi

505 4891 783 4982 Waaznyow‚
811 4891 908 4962 cuius
935 4889 1131 4981 proprietas
1149 4889 1194 4961 ad
1212 4889 1446 4981 praebendam
1474 4888 1789 4963 Sandomirieuaem
1806 4889 2057 4983 Zayauczkou-

505 5015 570 5085 ska
596 5015 757 5115 pertinet
801 5013 843 5084 In
869 5033 938 5103 qua
963 5017 1047 5084 sunt
1072 5018 1146 5084 tres
1173 5012 1264 5084 lanei
1291 5011 1539 5103 cmethonales,
1567 5013 1611 5085 de
1638 5013 1763 5104 quibus
1790 5012 1926 5085 decima
1953 5012 2055 5084 mani-

504 5137 637 5229 pularis
664 5142 700 5209 et
726 5135 917 5240 canapalis,
931 5135 1082 5207 solvitur
1107 5139 1144 5206 ct
1172 5133 1377 5207 conducitur
1403 5153 1470 5226 pro
1487 5189 1682 5206 ........
1717 5135 1806 5208 Item
1833 5140 1987 5208 nonest
2010 5134 2057 5206 ibi

503 5259 694 5350 praedium,
721 5277 791 5329 non
818 5262 900 5330 aunt
924 5255 1153 5347 homulaniae,
1181 5277 1292 5348 neque
1319 5255 1497 5329 tabernae.
1566 5305 1571 5312 -
1632 5235 1635 5242 ¹

605 5381 959 5470 Woczncnowrcze,
987 5379 1071 5466 uilla
1096 5377 1161 5451 sub
1188 5380 1354 5470 parochia
1381 5379 1424 5451 de
1450 5377 1719 5472 Wasznyow
1746 5379 1823 5471 alta
1852 5379 1951 5452 curius
1977 5378 2052 5452 hac-

502 5501 632 5574 redes...
650 5501 766 5596 Glab
793 5501 1045 5575 etzaklika
1063 5485 1499 5594 (tzyayauczsky.'1n
1520 5525 1588 5593 qua
1606 5507 1689 5576 sunt
1706 5502 1798 5574 lanei
1817 5499 2053 5589 emethonales‚

502 5622 547 5704 de
565 5625 689 5728 quibus
707 5624 958 5700 monasterinm
971 5622 1251 5706 Wanchocaenae
1269 5624 1376 5696 habet
1394 5645 1499 5699 unum
1518 5625 1665 5718 laneum,
1684 5631 1721 5699 et
1736 5609 1865 5698 milites
1883 5621 2050 5720 praelati,
