4550 6600
485 748 667 829 aaa·

484 959 725 1053 cmethanalas,
753 962 837 1035 item
863 961 1050 1053 tabernae,
1078 959 1162 1034 item
1188 958 1426 1051 hortulane,
1453 956 1498 1035 de
1524 956 1648 1051 quihus
1675 956 1823 1032 solvitur
1848 964 1884 1030 et
1908 956 2025 1033 madu-

485 1088 575 1158 citur
602 1084 734 1156 decima
759 1084 985 1175 manipudaris
1012 1088 1048 1155 et
1075 1084 1269 1174 canapalis3
1295 1083 1357 1154 sed
1383 1082 1560 1174 perceptio
1587 1083 1664 1153 eins
1679 1082 1939 1172 diversificatur,
1954 1102 2027 1153 nan

483 1206 704 1279 medietatam
740 1206 816 1278 eius
852 1206 975 1296 recipit
1010 1206 1231 1297 episcopatus
1259 1203 1508 1295 orcadensis,
1545 1210 1582 1276 et
1607 1203 1706 1276 valor
1734 1205 1809 1275 eius
1835 1202 2030 1275 aestimant

487 1328 533 1399 ad
560 1333 710 1419 quatuor
747 1348 900 1418 marcas,
928 1326 971 1399 de
999 1327 1109 1398 altera
1135 1346 1218 1399 vero
1245 1325 1433 1399 medietate
1459 1325 1580 1417 uillae,
1615 1326 1765 1416 percipit
1790 1344 1867 1396 οιιιι
1895 1325 2032 1395 ecelesia

487 1450 530 1521 de
557 1450 914 1541 Wyelyauyesz,
941 1454 978 1520 et
1005 1448 1103 1521 valor
1130 1449 1206 1521 eins
1232 1449 1337 1521 etiam
1364 1448 1569 1520 aestimatur
1595 1447 1640 1518 ad
1668 1453 1819 1538 quatuor
1844 1466 1985 1517 mareas.

589 1570 796 1661 naamon,
823 1570 907 1643 villa
935 1570 1006 1672 sub
1042 1545 1210 1662 parochia
1245 1570 1287 1642 de
1314 1569 1359 1639 W
1367 1570 1652 1662 yelyawyesz
1679 1570 1765 1658 sita,
1793 1569 1892 1640 euius
1918 1569 2035 1639 haeres

420 1678 426 1697 ⁸
488 1692 648 1765 Andreas
675 1690 985 1781 Osszolinsky
1012 1691 1055 1764 de
1082 1694 1190 1764 armis
1216 1698 1254 1764 et
1278 1690 1411 1764 familia
1436 1690 1755 1782 Bippenniunn.
1795 1690 1836 1761 In
1864 1710 1933 1781 qua
1959 1695 2036 1760 sunl

485 1814 578 1885 lanei
606 1814 851 1904 emethonales,
878 1814 961 1885 item
987 1808 1164 1905 taberniae,
1191 1815 1274 1886 item
1301 1814 1539 1904 hortulauiae,
1566 1813 1761 1903 dequibus
1788 1813 1947 1883 omnihus
1973 1810 2038 1882 sol-

339 2018 341 2021 ,
423 2004 431 2013 .
486 1937 580 2009 uitur
606 1941 643 2007 et
669 1934 870 2007 conducitur
898 1934 1031 2007 decima
1056 1936 1282 2027 manipularis
1309 1943 1346 2007 et
1372 1936 1565 2027 campalis,
1592 1956 1657 2026 pro
1684 1935 1887 2026 episcopatu
1914 1931 2038 2005 Gracc

488 2058 610 2149 viensi,
635 2063 671 2129 et
697 2058 794 2131 raim
821 2057 897 2129 eius
924 2058 1130 2129 aestimatur
1158 2058 1203 2129 ad
1229 2064 1304 2129 tres
1320 2076 1465 2130 mareas.
1492 2056 1580 2129 Item
1597 2064 1652 2129 est
1670 2046 1718 2130 ihi
1736 2056 1906 2149 quaedam
1923 2055 2037 2146 portio

488 2180 591 2251 unius
605 2178 707 2270 lanei,
721 2178 764 2251 de
778 2198 846 2269 quo
869 2178 1061 2250 decimatur
1078 2180 1244 2251 ecclesiae
1262 2181 1297 2250 in
1316 2178 1672 2272 Wyelyawyesz.
1698 2180 1785 2251 item
1805 2178 2039 2269 praedium...

592 2300 893 2391 Mounznscuoau
920 2300 1004 2373 villa
1030 2302 1094 2373 suh
1121 2280 1288 2392 parochia
1313 2302 1356 2375 de
1374 2301 1419 2372 W
1427 2302 1719 2394 yelyawyesn
1746 2302 1825 2391 sita,
1844 2300 1941 2371 cuius
1958 2299 2040 2369 hae·

458 2477 461 2485 ,
489 2444 548 2495 res
573 2422 814 2494 serenissimus
841 2424 1002 2513 princeps
1029 2422 1195 2495 Pelopiae
1222 2444 1294 2494 rex.
1320 2424 1361 2495 lu
1388 2445 1458 2514 qua
1484 2430 1567 2495 sunt
1588 2424 1679 2495 lanei
1697 2422 1941 2511 emathonales
1959 2422 2041 2491 hem

430 2536 440 2554 '
489 2546 665 2634 tabernae,
692 2544 887 2636 dequibus
915 2546 1074 2617 omnihus
1102 2545 1252 2618 solvitur
1287 2545 1421 2617 decima
1448 2546 1640 2636 pecunialis
1666 2546 1831 2617 eecleuae
1859 2545 1895 2614 iu
1920 2542 2040 2633 Wye

490 2668 727 2759 lyawyesz,
754 2672 790 2737 et
816 2667 916 2739 valor
944 2667 1019 2739 eius
1047 2668 1252 2739 aestimatur
1278 2669 1351 2740 ad.
1378 2724 1386 2737 .
1413 2723 1422 2738 .
1448 2669 1536 2739 Item
1563 2673 1618 2739 est
1642 2668 1691 2739 ihi
1718 2667 1886 2756 scoltetia,
1913 2666 2042 2736 hahens

492 2789 577 2861 duos
604 2788 744 2879 laneos
760 2788 803 2861 de
831 2789 957 2879 quihus
983 2789 1175 2862 decimatur
1201 2791 1335 2864 decima
1360 2790 1586 2881 manipularis
1612 2810 1678 2881 pro
1704 2784 1903 2860 ecelesiam
1922 2786 2043 2877 Wye

492 2910 732 3003 lyawyesz.
759 2910 847 2982 Item
874 2916 928 2983 est
953 2912 1003 2983 ihi
1030 2912 1211 3002 praedium
1237 2912 1397 3004 militare,
1424 2900 1562 3003 dequo
1589 2910 1782 2983 dedmatur
1809 2965 1817 2979 .
1844 2965 1852 2979 .
1880 2964 1888 2979 .

594 3014 788 3121 Knrssow,
815 3031 901 3103 villa
928 3032 992 3105 sub
1010 3034 1177 3122 parochia
1194 3033 1238 3105 da
1256 3031 1680 3107 Gauluschawiene
1704 3033 1783 3123 sita,
1802 3032 1900 3103 euius
1918 3030 2039 3100 haeres

471 3130 670 3225 ¹lohannes
705 3152 1113 3245 Korzyenyomsky
1149 3154 1192 3227 de
1228 3155 1329 3229 ἀοιιιο
1363 3154 1538 3227 lanino.
1577 3156 1619 3225 In
1646 3176 1715 3246 qna
1741 3160 1824 3225 sunt
1850 3158 1929 3224 octo
1953 3152 2044 3222 lanei

494 3273 737 3364 emethonalas,
765 3273 850 3346 itero
875 3274 1043 3348 tabernae
1070 3276 1168 3368 duae,
1191 3278 1274 3349 itam
1292 3278 1514 3350 hortulaniae
1531 3282 1689 3368 quatuor,
1707 3296 1776 3348 uon
1794 3276 1926 3348 hahent
1942 3292 2045 3363 mos

494 3395 664 3486 proprios,
692 3395 753 3466 sed
780 3396 937 3487 curiales,
965 3397 1008 3468 de
1035 3399 1160 3488 quihus
1187 3401 1347 3472 omnihus
1373 3400 1521 3472 solvitur
1546 3406 1584 3471 et
1602 3398 1804 3471 conducitur
1822 3397 1959 3470 decima
1974 3415 2044 3467 ma·

463 3533 466 3538 ’
494 3513 664 3606 nipularia
690 3522 726 3588 et
752 3517 928 3608 canapalis
954 3539 1018 3610 pro
1045 3519 1208 3613 episcopo
1235 3520 1464 3612 Gracoriensi‚
1491 3527 1529 3593 et
1554 3521 1653 3593 ualor
1678 3522 1755 3592 aius
1779 3520 1986 3590 aestimatur
2001 3517 2046 3589 ud

495 3627 640 3728 septem
655 3657 797 3710 marcas.
822 3638 994 3742 item-est
1020 3641 1069 3714 ihi
1096 3664 1203 3715 unum
1228 3643 1409 3734 praedium
1435 3631 1597 3734 militare,
1623 3642 1667 3714 de
1685 3644 1784 3713 cuius
1801 3641 1897 3731 agris
1915 3639 2047 3711 decima

468 3769 473 3778 '
495 3759 721 3851 manipularis
748 3761 895 3835 solvitur
921 3763 1085 3854 eeclesiae
1112 3765 1303 3856 parochiali
1320 3766 1356 3836 in
1374 3761 1750 3866 Wyelyauyesch
1776 3783 1841 3854 pro
1858 3783 1928 3834 uno
1946 3781 2046 3849 anno,

497 3902 562 3972 pro
590 3881 639 3954 alt
623 3887 700 3954 tero
736 3904 820 3956 vero
856 3905 946 3958 anuo
973 3880 1078 3958 solvit
1063 3891 1126 3958 tur
1148 3887 1314 3960 ecclesiae
1340 3887 1568 3979 parochiali
1557 3909 1594 3958 111
1621 3873 2049 3958 Gauluschowicze

470 4012 473 4018 '
538 4002 713 4076 Villae
740 4005 976 4095 parochiales:
1003 4006 1359 4102 Wyelyauyeaz,
1386 4009 1679 4101 Szyedlyecz‚
1706 4007 1936 4098 Zaleucum,
1962 4003 2049 4075 Mo·

420 4191 425 4202 ,
498 4123 777 4216 krzeschow‚
804 4124 1025 4218 Klysaow.

1156 4251 1402 4326 Mrcnoczru.

602 4363 699 4440 Villa
722 4367 890 4443 hahens
880 4393 916 4442 m
943 4391 981 4444 se
1008 4372 1188 4446 eculanum
1214 4375 1457 4467 parochialem,
1483 4373 1632 4446 Sanctae
1658 4371 1794 4445 Mariae
1819 4369 2052 4463 Magdalenae

422 4553 427 4560 .
498 4487 658 4581 diminui,
684 4490 801 4582 lapide
827 4513 890 4583 per
917 4495 1050 4568 achilas
1077 4495 1121 4568 de
1145 4495 1280 4568 familia
1295 4495 1519 4571 Hahdauh
1545 4500 1726 4586 munaum,
1745 4495 1842 4599 euius
1860 4513 1953 4565 nanc
1968 4494 2051 4563 hae-

497 4612 599 4685 redes
625 4599 864 4686 Martinust
828 4618 864 4688 et
890 4613 1054 4690 Nicoluus
1080 4616 1377 4710 Machoushy
1404 4618 1447 4689 de
1473 4615 1707 4706 Hahdaulr‚
1733 4621 1770 4688 et
1795 4590 1948 4688 Jacohns
1973 4613 2053 4684 Ilo-

499 4735 684 4808 marath
721 4735 763 4808 de
800 4733 1060 4829 Grzymala
1099 4739 1141 4810 In
1173 4760 1242 4832 qua
1276 4744 1358 4836 sunt
1383 4739 1475 4812 lanei
1500 4738 1754 4828 cmethonules,
1780 4739 1872 4808 ham
1902 4737 2052 4827 quinque

499 4857 683 4948 t‚abernae
719 4857 848 4930 habent
832 4862 886 4931 tes
923 4880 1044 4951 agree,
1072 4867 1107 4933 et
1092 4861 1188 4933 tad
1221 4862 1474 4976 proprietatem
1500 4861 1639 4951 plebani
1665 4863 1881 4950 spectantes,
1908 4877 2053 4949 quaram

500 4975 588 5052 duae
615 4978 755 5054 solvunt
781 4981 946 5054 ecclesiae
972 5001 1036 5072 pro
1064 5001 1179 5055 censu
1195 5004 1260 5073 per
1285 4989 1361 5055 tres
1381 4981 1544 5074 temones,
1562 4981 1671 5053 tertia
1688 5001 1773 5052 reru
1791 4978 2052 5071 quatuordecim

500 5119 661 5192 grossos,
688 5107 814 5192 quarta
847 5102 995 5174 mediam
1033 5125 1182 5176 marcam
1192 5106 1350 5197 ,quinta
1369 5105 1526 5176 sedecim
1552 5123 1713 5194 grossos3
1741 5103 1826 5173 item
1852 5099 2052 5172 hortularia

500 5219 689 5314 auaitum
716 5223 897 5315 praedium
922 5226 1073 5298 militare
1101 5248 1215 5318 uinum,
1242 5226 1438 5319 dequibus
1466 5226 1624 5298 omnihus
1654 5223 1804 5296 salvium
1830 5227 1868 5293 et
1894 5216 2054 5295 conduci

503 5351 563 5415 tur
590 5343 722 5418 decima
749 5348 975 5439 manipularis
1002 5354 1038 5420 et
1065 5347 1240 5439 cauapalis
1266 5369 1330 5440 pro
1357 5349 1504 5421 ecclesia
1528 5349 1565 5418 in
1591 5345 1867 5430 Michoeziu,
1895 5351 1935 5415 at
1957 5336 2054 5414 valor

503 5466 576 5535 eius
603 5468 804 5542 aestimatur
832 5471 876 5542 ad
903 5471 1050 5561 triginta
1076 5492 1219 5543 marcas.
1247 5471 1334 5543 Item
1360 5472 1468 5543 hahet
1494 5469 1642 5542 ecclesia
1659 5466 1818 5559 praefata
1834 5487 1940 5556 agros
1955 5485 2055 5556 prae·

504 5581 613 5656 diales
640 5587 859 5682 sufficientes,
887 5593 1036 5682 liher0s3
1062 5595 1147 5664 item
1173 5593 1281 5664 habat
1306 5598 1410 5684 prata
1427 5587 1641 5673 ¹sufficientia
1656 5580 2053 5688 inwyelyopolye,

438 5775 439 5778 ,
505 5705 589 5776 item
624 5714 727 5798 prata
762 5711 831 5782 alia
866 5715 902 5783 in
937 5715 1212 5786 Zmarsezek
1246 5715 1339 5784 circa
1374 5712 1643 5805 Oczcaicze3
1669 5713 1754 5784 item
1789 5711 1897 5783 hahet
1923 5710 2055 5803 sylvam
2140 5771 2143 5776 .
