4550 6600
478 792 525 869 96

477 1005 581 1075 solvit
608 1010 643 1077 et
670 1005 831 1078 conducit
858 1004 1025 1078 decimam
1052 1004 1302 1096 manipularem
1329 1011 1365 1078 et
1384 1002 1583 1096 canapalem
1600 1025 1664 1096 pro
1683 1004 1891 1077 monasterio
1910 1002 2029 1076 Sancti

476 1125 647 1229 Andreae,
675 1133 712 1197 et
739 1128 836 1199 valor
863 1118 938 1199 eius
966 1129 1172 1199 aestimatur
1190 1128 1234 1198 ad
1252 1128 1417 1198 tredecim
1445 1147 1589 1215 mareas3
1617 1127 1730 1197 altera
1751 1148 1834 1198 vero
1862 1126 2029 1197 medietas

475 1246 579 1317 solvit
606 1268 681 1337 eam
707 1246 771 1338 pro
800 1249 945 1320 eeclesia
971 1249 1164 1339 parochiali
1190 1249 1227 1319 in
1262 1248 1581 1339 Zarnowyecz.
1626 1248 1693 1318 Est
1720 1254 1835 1318 autem
1862 1250 1898 1317 in
1926 1268 2029 1337 prae-

476 1367 578 1437 dictis
605 1368 715 1439 laneis
744 1369 889 1440 ccclesia
916 1368 1041 1440 Sancto
1069 1368 1261 1441 Adalberto
1290 1370 1413 1458 dicata,
1440 1370 1500 1439 ubi
1524 1370 1605 1438 olim
1630 1367 1697 1438 fuit
1723 1369 1905 1457 antiquum
1931 1369 2030 1457 oppi-

476 1487 556 1557 dum
583 1487 907 1579 ZarnowpecZ,
935 1510 1023 1579 quae
1051 1495 1104 1579 est
1131 1490 1259 1559 matrix
1284 1490 1387 1559 huius
1415 1488 1581 1560 eeclesiae
1607 1489 1831 1578 parochialia,
1858 1510 1949 1578 quae
1976 1494 2030 1557 est

476 1609 511 1676 in
540 1610 676 1698 oppido,
704 1615 740 1679 et
766 1616 949 1699 utramque
986 1632 1075 1681 unus
1111 1610 1280 1699 plebanus
1315 1611 1416 1699 regit;
1444 1616 1479 1680 et
1506 1610 1652 1699 singulis
1688 1608 1810 1679 diebus
1846 1609 2030 1681 dominicis

476 1728 740 1799 administratur
766 1750 830 1819 per
856 1731 1040 1818 plebanum
1068 1737 1128 1801 aut
1156 1732 1229 1799 cius
1256 1730 1404 1800 vicarios
1432 1731 1475 1800 de
1502 1730 1820 1818 Zarnouyecz.

579 1846 827 1939 Konrcznuu,
856 1852 938 1920 uilla
964 1853 1028 1921 snb
1046 1852 1213 1941 parochia
1235 1851 1278 1920 de
1296 1850 1568 1940 Zarnonyeez
1595 1852 1680 1939 sita,
1709 1850 1806 1920 cuins
1832 1852 2031 1939 proprietas

476 1968 521 2037 ad
548 1970 804 2041 serenissimum
838 1970 1003 2041 Poloniae
1031 1992 1148 2059 regem
1181 1972 1349 2060 pertinet,
1385 1972 1421 2041 in
1450 1992 1518 2059 qua
1545 1975 1627 2041 sunt
1653 1976 1787 2059 septem
1813 1992 1890 2040 curn
1917 1970 2031 2041 medio

475 2090 567 2159 lanei
594 2092 846 2180 emethonales,
882 2092 925 2162 de
959 2092 1083 2181 quibus
1120 2092 1267 2162 solvitur
1302 2092 1434 2163 decima
1469 2090 1694 2179 manipularis
1722 2097 1757 2161 et
1782 2112 1846 2181 per
1880 2097 2032 2181 quatuor

385 2187 392 2201 κ
475 2212 614 2300 ierugas
650 2212 825 2301 cariapalis
862 2234 925 2301 pro
963 2213 1126 2283 coenobio
1155 2213 1189 2283 S.
1217 2213 1396 2302 Andreae,
1432 2220 1469 2283 et
1504 2212 1603 2283 valor
1637 2214 1725 2289 eius=
1747 2213 1952 2283 aestimatur
1988 2214 2032 2283 ad

477 2331 656 2401 duodecim
683 2353 832 2421 marcas;
860 2334 944 2403 item
962 2355 1031 2403 non
1051 2332 1105 2404 est
1123 2334 1172 2403 ibi
1191 2333 1445 2425 molendinum,
1472 2354 1541 2404 non
1559 2339 1643 2403 sunt
1660 2333 1890 2422 hortulauiae,
1917 2355 2031 2423 neque

477 2453 652 2521 tabernae.
688 2451 777 2522 Item
804 2459 859 2523 est
877 2454 935 2524 'ibi
962 2454 1143 2543 praedium
1170 2455 1337 2542 optimum
1369 2455 1522 2543 regium,
1560 2454 1603 2523 de
1629 2454 1726 2523 cuius
1754 2454 1848 2542 agris
1884 2454 2033 2524 solvitur

477 2571 610 2641 decima
644 2574 870 2661 manipularis
902 2575 937 2643 in
971 2571 1178 2669 poaitdwom
1213 2594 1276 2663 pro
1312 2575 1522 2644 monasterio
1557 2573 1877 2644 Sanetimonialium
1912 2574 2032 2644 Sancti

477 2690 638 2762 Andreae
666 2694 701 2762 in
729 2692 966 2765 Oracovia.

580 2810 836 2901 Wrnzurczn,
872 2815 956 2885 villa
984 2817 1047 2886 sub
1084 2816 1249 2904 paroehIa
1284 2816 1448 2886 ecclcsiae
1476 2816 1519 2885 de
1545 2814 1656 2885 laneis
1692 2814 1809 2884 Sancti
1846 2812 2032 2885 aldelberti

476 2932 562 3022 sita,
599 2934 695 3003 cuius
731 2935 929 3023 proprietas
966 2935 1009 3004 ad
1046 2938 1303 3006 serenissimum
1339 2934 1503 3005 Poloniae
1539 2957 1657 3024 regem
1692 2937 1862 3025 pertinet,
1899 2937 1935 3004 in
1964 2956 2032 3025 qua

477 3059 558 3123 sunt
585 3060 717 3142 septem
745 3074 821 3123 cum
847 3056 960 3125 medio
988 3056 1079 3125 lanei
1107 3057 1360 3145 cmothonales,
1397 3056 1591 3146 dequibus
1623 3058 1783 3127 omnibus
1820 3057 1970 3127 solvitur
1996 3063 2032 3127 et

477 3174 682 3245 conducitur
710 3174 842 3244 decima
868 3176 1092 3265 manipularis
1120 3182 1156 3247 et
1182 3198 1245 3266 per
1272 3185 1421 3267 quatuor
1447 3179 1585 3266 ierugas
1613 3178 1787 3267 canapalis
1815 3179 2029 3248 monasterio

477 3294 788 3365 sanctimonialium
814 3294 932 3367 Sancti
951 3296 1111 3368 Andreae
1138 3299 1174 3368 in
1203 3297 1446 3390 Graecula,
1475 3306 1510 3369 et
1535 3300 1634 3370 valor
1660 3301 1735 3370 eius
1754 3301 1960 3369 aestimatur
1987 3299 2030 3369 ad

477 3421 609 3503 septem
627 3436 770 3485 mareas.
797 3417 884 3487 Item
904 3424 958 3488 est
975 3419 1023 3489 ibi
1041 3441 1110 3489 una
1128 3421 1295 3517 tabenna,
1317 3421 1450 3491 habens
1477 3442 1589 3511 agros,
1617 3421 1660 3490 de
1688 3421 1812 3510 quihus
1839 3422 2032 3491 decimatur

476 3557 540 3625 pro
567 3537 777 3607 monasterio
804 3539 960 3627 praefato
980 3515 1254 3634 in‘pom'tlucom,
1281 3543 1364 3612 item
1392 3563 1460 3612 non
1488 3548 1570 3612 sunt
1596 3543 1645 3612 ibi
1671 3542 1891 3612 hortulauiae
1918 3562 2030 3631 neque
2116 3595 2121 3603 .

475 3658 717 3728 molendinmn.
753 3661 841 3730 Item
869 3667 923 3731 est
950 3662 998 3732 ibi
1025 3663 1205 3751 praedium
1230 3664 1379 3752 regium,
1406 3663 1449 3732 de
1477 3663 1573 3733 cuius
1602 3665 1694 3751 agris
1723 3663 1870 3733 soluitur
1897 3663 2031 3732 decima
2127 3650 2131 3657 ’

477 3780 701 3869 manipularis
738 3803 800 3870 pro
838 3783 942 3853 altari
977 3783 1010 3853 S.
1038 3783 1208 3855 VladIslai
1244 3785 1279 3855 iu
1308 3785 1452 3856 eeclesia
1487 3783 1726 3872 Graeoviensi,
1762 3785 1897 3854 eteius
1933 3783 2033 3853 valor

475 3903 680 3973 aestimatur
707 3904 751 3973 ad
778 3910 851 3974 tres
879 3925 1022 3975 marcas.

579 4023 816 4112 Dounnnow,
852 4026 935 4095 villa
971 4027 1035 4096 sub
1071 4028 1236 4115 parochia
1271 4027 1437 4097 ecelesiae
1465 4027 1507 4096 de
1535 4026 1842 4115 Zarnowyec'z
1878 4025 1965 4113 sita,
1993 4025 2030 4093 in

476 4161 543 4231 qua
570 4147 651 4212 sunt
678 4143 857 4212 duodecim
884 4145 976 4214 lanei
1004 4147 1246 4234 cmothonalcs,
1274 4146 1459 4234 dequibus
1487 4147 1645 4217 omnibus
1673 4146 1821 4216 solvitur
1847 4150 1882 4215 et
1900 4136 2031 4215 conduss

475 4264 565 4332 citur
592 4262 724 4331 decima
759 4265 984 4352 manipularis
1012 4271 1047 4334 et
1074 4286 1136 4354 per
1164 4273 1314 4354 quatuor
1349 4267 1487 4354 ierugas
1524 4267 1699 4357 canapalis
1726 4288 1790 4356 pro
1817 4267 2031 4336 monasterio

475 4383 592 4453 Sancti
628 4382 789 4452 Andreae
822 4383 857 4452 in
886 4383 1130 4475 Craoovia,
1167 4393 1203 4455 et
1228 4387 1327 4457 valor
1362 4387 1436 4456 cius
1463 4388 1506 4456 ad
1533 4410 1612 4477 seu,
1649 4388 1835 4478 aliquando
1872 4409 1957 4458 uero
1986 4386 2030 4456 ad

476 4505 655 4574 duodecim
682 4524 816 4574 marcas
841 4505 1054 4575 aestimatur.
1080 4507 1168 4576 Item
1188 4512 1242 4577 est
1260 4507 1308 4576 ibi
1327 4528 1396 4578 una
1414 4509 1560 4578 taberna
1578 4515 1614 4579 et
1633 4516 1782 4598 quatuor
1799 4509 2030 4594 hortulauiae,

475 4626 643 4695 hahentes
671 4645 782 4714 agros,
810 4625 852 4695 dc
880 4627 1002 4715 quibus
1030 4627 1178 4696 solvitur
1204 4627 1336 4697 decima
1362 4631 1587 4718 manipularis
1606 4651 1670 4720 pro
1689 4630 1901 4700 monasterio
1929 4647 2031 4717 prae-

475 4746 546 4815 lato
574 4747 609 4816 in
633 4743 862 4840 pernitionem
890 4768 957 4816 non
985 4747 1034 4816 ibi
1061 4748 1303 4817 molendinum.
1331 4749 1418 4819 Item
1437 4757 1518 4820 sunt
1534 4752 1584 4820 ibi
1602 4751 1670 4821 duo
1688 4751 1834 4840 praedia
1852 4750 2030 4836 militaria,

476 4874 512 4938 et
540 4867 717 4958 quodlibet
744 4867 880 4938 nonnisi
907 4889 1013 4938 unum
1039 4867 1177 4939 laneum
1204 4871 1375 4960 continet,
1411 4871 1453 4941 de
1483 4872 1606 4960 quibus
1634 4872 1826 4943 decimatur
1863 4871 2031 4942 ecclesiae

476 4987 665 5078 parochiali
692 4989 727 5058 in
754 4989 782 5057 Z
792 5009 1070 5078 arnowyecz.
1868 4991 1876 5003 “

578 5109 781 5200 Horonrn,
809 5109 891 5180 villa
917 5109 980 5179 sirb
1000 5109 1165 5198 parochia
1192 5110 1234 5180 de
1261 5110 1563 5203 Zarnowyecz
1591 5113 1677 5202 sita,
1704 5112 1802 5182 euius
1829 5114 2029 5202 proprietas

476 5231 519 5301 ad
539 5232 796 5302 serenissimum
822 5230 986 5301 Poloniae
1013 5251 1131 5318 regem
1149 5231 1310 5321 pertinet,
1338 5233 1373 5301 in
1393 5254 1461 5321 qua
1478 5233 1637 5303 undecim
1663 5233 1755 5302 lanei
1782 5234 2030 5323 cmethonales,
2098 5304 2104 5314 ,

410 5325 413 5336 ’
475 5353 517 5421 de
546 5353 669 5440 uiribus
698 5353 855 5422 omnibus
883 5352 1031 5422 solvitur
1058 5351 1191 5420 decIma
1217 5352 1443 5439 manipularis
1462 5361 1498 5424 ot
1515 5375 1578 5442 per
1597 5360 1746 5444 quatuor
1764 5354 1905 5442 ierugas
1925 5377 2029 5426 cana-

475 5470 564 5559 palis
591 5493 654 5558 pro
682 5473 891 5542 morrastcrio
920 5471 1240 5554 Sanetimonialium
1267 5469 1383 5540 Sancti
1411 5473 1590 5563 Andreae,
1628 5478 1664 5544 et
1691 5473 1790 5544 valor
1817 5475 1892 5544 eius
1920 5478 2027 5547 aesti-

476 5597 591 5660 matur
618 5591 661 5660 ad
681 5592 795 5660 decem
822 5613 965 5662 marcas.
993 5593 1081 5661 Item
1101 5598 1154 5661 est
1173 5591 1221 5660 ibi
1239 5611 1344 5658 tinum
1363 5587 1541 5680 praedium
1560 5595 1702 5683 regium,
1730 5599 1766 5663 et
1784 5578 2030 5685 una‘taberna,

476 5713 607 5782 habens
635 5731 755 5800 agros,
784 5711 826 5779 de
854 5713 977 5800 quibus
1006 5712 1199 5780 decimatur
1225 5730 1289 5797 pro
1316 5714 1527 5781 intonasterio
1563 5713 1718 5801 praelato
1746 5717 1781 5785 in
1810 5714 2028 5808 prulliacum.
