4550 6600
1689 808 1764 883 aab

208 1014 314 1090 uillae
343 1017 475 1089 habens
503 1008 624 1109 agros,
660 1016 743 1089 item
771 1021 844 1089 tres
870 1014 1090 1090 hermianiae
1126 1014 1162 1087 in
1190 1015 1310 1088 eadem
1336 1015 1420 1090 villa
1456 1016 1624 1090 habentes
1652 1038 1765 1108 agros,

208 1140 254 1210 ad
280 1140 535 1230 proprietatem
571 1138 735 1209 ecclesiae
761 1140 995 1229 pertinentes,
1032 1138 1137 1211 etde
1163 1138 1311 1209 taberna
1346 1139 1495 1211 solvitur
1529 1160 1598 1210 una
1632 1160 1765 1228 marca3

210 1260 363 1351 quilibet
389 1266 505 1332 autem
540 1260 746 1332 hortulanus
783 1260 888 1332 solvit
913 1280 1019 1332 unum
1055 1258 1225 1331 fertonem
1252 1265 1288 1330 et
1314 1260 1450 1332 laborat
1476 1281 1582 1332 unum
1609 1261 1700 1332 diem
1728 1262 1764 1330 in

210 1382 409 1472 septimana
435 1382 550 1473 pedes.

315 1500 540 1574 Offertorium
567 1524 636 1574 non
663 1522 808 1593 parvum
837 1504 999 1592 provenit
1025 1503 1061 1573 iu
1088 1502 1201 1574 tribus
1227 1500 1327 1574 festis
1354 1502 1562 1592 praecipuis,
1601 1502 1764 1574 videlieet

210 1624 245 1695 in
272 1621 367 1695 festo
394 1630 541 1715 utroque
569 1624 688 1695 Sancti
714 1623 879 1694 Stanislai
906 1624 1076 1714 passionis
1096 1630 1132 1694 et
1150 1624 1399 1713 translationis,
1428 1629 1463 1694 et
1482 1623 1611 1694 Beatae
1630 1623 1766 1694 Mariae

210 1744 462 1836 Magdalenae,
490 1747 587 1817 cuius
613 1744 736 1816 bonori
765 1750 949 1835 antequam
977 1744 1107 1817 Beatus
1135 1745 1327 1816 Stanislaus
1354 1745 1390 1815 16
1417 1745 1493 1815 6166
1520 1745 1579 1814 1116
1607 1765 1766 1816 nascere-

209 1872 276 1956 tur,
305 1867 455 1959 ecclesia
481 1867 542 1937 illa
567 1866 633 1938 fuit
660 1866 775 1938 dicata
793 1871 937 1958 propter
963 1887 1122 1956 magnam
1141 1865 1371 1957 frequentiam
1389 1865 1518 1956 populi,
1547 1886 1634 1955 quae
1652 1867 1765 1937 locum

210 1988 307 2059 illum
337 1988 427 2060 solet
453 1989 606 2061 visitare.
1490 1978 1493 1982 ’

314 2108 475 2200 Usczrn,
502 2092 669 2200 oppidum
693 2109 843 2200 regium,
866 2110 998 2181 habens
1024 2109 1259 2200 parochialem
1282 2107 1464 2209 ecclesiam
1481 2108 1516 2179 in
1535 2129 1581 2199 se,
1609 2129 1651 2179 ex
1670 2108 1766 2180 cuius

211 2230 377 2301 theloneo
404 2230 604 2319 Vladislaus
632 2230 808 2302 Secundus
834 2230 1000 2302 Poloniae
1028 2250 1108 2321 rex,
1146 2231 1204 2321 qui
1230 2230 1344 2300 locum
1370 2230 1535 2301 ecclesiae
1562 2230 1598 2300 in
1638 2229 1766 2301 Sczess

212 2372 373 2440 panow
398 2348 471 2423 fere
499 2352 643 2441 singulis
672 2352 956 2442 quadragesimis,
985 2372 1062 2423 cum
1089 2372 1215 2441 magna
1244 2350 1427 2422 devotione
1454 2351 1588 2422 solebat
1605 2349 1766 2441 frequen-

212 2478 297 2562 tare,
325 2478 370 2543 et'
391 2473 454 2563 dic,
474 2474 609 2562 integro
636 2474 671 2543 16
700 2473 917 2545 orationibus
950 2473 1048 2543 flexis
1082 2473 1229 2562 genibus
1256 2473 1466 2563 consistere,
1502 2492 1539 2543 se
1567 2494 1702 2563 quoque
1730 2477 1765 2542 et

214 2614 356 2684 regnum
386 2600 422 2665 et
449 2595 612 2685 populum
640 2616 738 2669 suum
765 2595 973 2666 Beatissimo
999 2594 1172 2665 Stanislao
1199 2594 1361 2684 precibus
1388 2592 1588 2684 profundis,
1615 2599 1652 2664 et
1678 2592 1766 2664 adeo

215 2716 398 2805 continuis
427 2696 505 2786 uta
522 2716 690 2787 militibus
716 2716 861 2805 singulis
889 2714 1056 2805 desertus,
1085 2714 1178 2785 solus
1205 2715 1241 2785 in
1269 2715 1414 2785 ecclesia
1440 2718 1645 2804 remaneret,
1672 2734 1764 2783 com-

214 2835 395 2926 mendare,
432 2836 563 2911 decem.
585 2856 720 2907 marcas
756 2856 877 2906 census
912 2836 1073 2925 perpetui
1108 2841 1145 2905 et
1171 2836 1276 2905 annui
1312 2835 1503 2907 donaverat
1538 2835 1702 2905 ecclesiae
1729 2835 1765 2903 in

216 2954 507 3048 Sczepanow,
535 2958 684 3047 cognita,
700 2958 774 3027 eius
801 2957 996 3047 tenuitate„
1006 2962 1041 3027 et
1066 2957 1177 3027 literis
1204 2957 1439 3047 inscripserat.
1465 2956 1506 3025 In
1525 2957 1622 3027 cuius
1641 2976 1764 3026 census

215 3080 431 3166 possessione
450 3079 594 3161 ecelesia
612 3080 647 3148 in
674 3077 949 3169 Sczepanow
974 3078 1040 3149 fuit
1059 3080 1158 3151 annis
1175 3078 1304 3167 multis3
1330 3076 1489 3149 Clemens
1506 3082 1620 3148 tamen
1640 3074 1763 3147 Wan-

218 3200 388 3288 tropka
415 3199 458 3270 dc
484 3198 727 3270 Strzelcze
756 3200 921 3272 dedomo
949 3198 1058 3291 Oxa,
1086 3221 1191 3271 censu
1210 3198 1406 3271 huiusmodi
1425 3199 1543 3269 decern
1561 3219 1765 3287 marcarum,

219 3325 252 3388 et
276 3320 339 3390 filii
367 3323 422 3392 sui
449 3325 485 3390 et
511 3327 668 3412 nepotes,
696 3323 851 3412 cognito,
880 3323 1166 3413 quodplebanus
1201 3322 1420 3411 privilegium
1457 3321 1646 3392 dotationis
1683 3321 1768 3392 ami-

175 3456 178 3462 ·
220 3441 328 3530 sisset,
342 3447 503 3513 tenentes
518 3443 683 3533 oppidum
697 3443 870 3534 Usczye‚
885 3444 921 3514 in
941 3443 1152 3533 obligatione
1170 3443 1378 3533 spoliarunt,
1393 3443 1575 3515 tolerando
1594 3462 1769 3512 censuras.

318 3561 570 3654 Womowrczn,
597 3565 681 3636 uilla
708 3566 771 3636 sub
799 3565 964 3654 parochia
992 3565 1034 3635 de
1062 3563 1336 3653 Sczepanou
1363 3564 1446 3653 sita,
1483 3564 1580 3634 cuius
1607 3563 1766 3654 proprie·

219 3686 270 3752 tas
297 3683 341 3753 ad
368 3685 605 3775 episcopatum
634 3683 896 3756 Oracoviensem
922 3685 1085 3773 pertinet.
1111 3684 1152 3753 In
1172 3705 1240 3773 qua
1266 3689 1348 3755 sunt
1374 3688 1524 3774 quatuor
1550 3703 1626 3753 cum
1653 3681 1786 3754 medio

220 3803 306 3874 lanei
324 3807 569 3897 emethonales,
596 3807 680 3878 item
698 3828 787 3878 unus
805 3803 916 3900 wolcrp
934 3806 993 3895 qui
1012 3806 1118 3876 habet
1137 3826 1242 3875 unum
1261 3825 1338 3875 cum
1355 3804 1469 3874 medio
1487 3803 1634 3894 laneum,
1660 3824 1766 3873 unam

221 3925 415 4017 tabernam,
447 3950 552 3999 uuum
579 3929 831 4018 molendinum,
859 3927 945 3997 duas
971 3926 1189 3998 hortulanias
1216 3925 1384 3997 habentes
1411 3945 1534 4014 agros,
1570 3923 1613 3994 de
1641 3924 1766 4014 quibus

222 4048 375 4120 omnibus
403 4048 595 4120 decimatur
621 4071 685 4140 pro
712 4050 874 4139 episcopo
901 4047 1133 4119 cracoviensi.
1160 4046 1269 4118 Valor
1296 4047 1446 4136 quinque
1472 4065 1608 4116 marcae
1628 4099 1741 4115 .....
1757 4068 1766 4132 3

223 4168 504 4245 columbationem
532 4176 568 4242 et
594 4172 773 4242 denarium
801 4164 928 4241 Sancti
944 4169 1042 4241 Petri
1070 4171 1175 4242 solvit
1202 4169 1367 4240 ecclesiae
1394 4169 1431 4238 16
1457 4167 1740 4258 Sczepanow.

321 4290 594 4382 Mounzuszrn,
612 4293 711 4392 svilla
738 4293 801 4364 sub
829 4293 994 4382 parochia
1021 4292 1064 4362 de
1092 4289 1368 4380 Sczepanow
1395 4291 1483 4381 sita,
1520 4291 1617 4360 cuius
1644 4289 1768 4359 haeres

225 4407 363 4498 Spithek
390 4411 723 4505 Melstbynslry
750 4414 793 4484 de
820 4414 921 4485 domo
949 4413 1141 4503 Lelywa.
1176 4412 1217 4482 In
1245 4432 1313 4502 qua
1340 4417 1421 4482 suut
1447 4409 1539 4482 lanei
1566 4411 1766 4481 emethona-

224 4528 279 4619 les,
305 4531 388 4604 item
415 4555 486 4604 una
512 4536 657 4606 taberna
683 4535 815 4606 habens
843 4556 954 4626 agros,
982 4535 1066 4606 item
1093 4533 1322 4622 hortulanias,
1349 4533 1433 4604 item
1462 4533 1538 4621 agri
1564 4529 1768 4620 praediales,

224 4645 279 4739 'qui
305 4653 385 4724 olim
413 4661 514 4726 erant
540 4656 759 4746 scoltetialeS,
787 4657 870 4728 item
897 4656 1130 4726 molendinum
1157 4655 1290 4727 habens
1317 4675 1439 4744 agros,
1467 4653 1509 4724 de
1536 4653 1661 4742 quibus
1688 4670 1767 4740 per-

228 4774 331 4861 ceptio
358 4777 511 4847 decimae
538 4778 764 4867 manipularis
791 4776 1053 4864 diversificatur-3
1079 4797 1159 4846 nam
1188 4775 1231 4845 de
1257 4774 1369 4844 laneis
1396 4779 1433 4843 et
1459 4775 1553 4862 agris
1572 4822 1768 4841 ........

228 4895 367 4985 percipit
394 4897 487 4968 illam
514 4899 695 4989 episcopus
722 4898 978 4986 Gracoviensis,
1016 4903 1051 4966 et
1078 4897 1176 4967 valor
1203 4896 1276 4965 eius
1305 4895 1510 4966 aestimatur
1544 4894 1587 4964 ad
1615 4894 1766 4983 quinque

229 5033 364 5107 marcas,
383 5019 433 5092 ,de
460 5021 554 5108 agris
581 5039 664 5091 vero
692 5027 728 5090 et
754 5020 863 5090 laneis
883 5071 1025 5088 ......

898 5137 1095 5210 Gsomurrr.

324 5259 417 5332 Villa
441 5263 582 5351 habens
618 5261 851 5352 parochialem
887 5260 1065 5330 ecclesiam
1102 5258 1220 5345 inse,
1256 5257 1384 5328 Sancto
1417 5256 1571 5330 Martiae
1608 5256 1766 5345 dicatam,

231 5378 319 5449 cuius
352 5385 546 5474 proprietas
583 5384 627 5454 ad
654 5384 901 5455 monasterium
936 5381 1159 5470 Thynczense
1194 5380 1354 5467 pertinet.
1398 5379 1438 5449 In
1466 5400 1534 5468 qua
1561 5384 1641 5449 sunt
1676 5377 1768 5448 lanei

122 5546 123 5550 ¹
233 5503 470 5596 emethonales,
505 5507 587 5576 item
614 5527 685 5577 una
711 5506 870 5577 scoltetia
904 5505 1035 5575 babens
1064 5523 1184 5591 agros,
1221 5502 1415 5591 dequibus
1453 5501 1599 5572 solvitur
1634 5501 1767 5570 decima

232 5623 443 5712 manipularis
471 5631 507 5698 et
525 5627 701 5716 canapalis
727 5648 791 5718 pro
810 5626 954 5697 ecclesia
972 5629 1008 5696 et
1024 5624 1173 5714 plebano
1201 5623 1274 5694 eius
1300 5623 1337 5693 in
1364 5621 1767 5712 Oppathkowicze,

235 5747 266 5813 et
289 5746 381 5820 valor
406 5749 481 5820 eius
508 5747 712 5822 aestimatur
739 5748 783 5819 ad
803 5801 917 5819 .....
925 5765 940 5817 ’.
1048 5737 1052 5741 ’
