4550 6600
492 796 564 879 101

484 1018 521 1083 (1
546 1010 652 1083 Senot
678 1060 826 1079 .....
854 1000 1002 1079 dicaam
1021 1061 1171 1079 .....
1197 998 1233 1078 in
1260 1026 1317 1098 se,
1342 999 1438 1078 cuius
1465 1000 1590 1078 haeres
1617 998 1837 1078 Wroczslaus
1864 1004 1909 1077 (1(
1935 999 2046 1077 domo

1170 1246 1362 1321 smczow.

589 1369 684 1443 Villa
709 1370 842 1443 habens
877 1368 1110 1461 parochialem
1138 1369 1336 1459 ecclesiam,
1362 1367 1478 1459 lapide
1504 1366 1586 1440 albo
1612 1366 1835 1457 fabricatam,
1863 1373 1899 1438 et
1926 1365 2047 1437 Beato

484 1490 617 1565 Jacobo
643 1493 793 1565 dicatam
819 1492 855 1561 In
883 1512 930 1583 se,
957 1491 1054 1562 cuius
1080 1490 1248 1561 haeredes
1274 1487 1444 1561 Matthias
1471 1494 1508 1560 et
1532 1488 1700 1559 Derslaus
1726 1487 1863 1559 fratres.
1899 1487 1941 1557 In
1970 1507 2048 1576 qua

487 1616 569 1683 sunt
595 1611 855 1701 quatuordecim
890 1610 982 1681 lanei
1018 1611 1270 1700 cmcthonales,
1298 1609 1341 1679 de
1369 1610 1494 1699 quibus
1522 1608 1655 1680 decima
1680 1609 1906 1698 manipularis
1933 1608 2048 1678 datur

486 1730 646 1824 episcopo
673 1728 904 1821 cracoviensi,
930 1737 967 1802 ot
992 1730 1092 1803 valor
1118 1730 1192 1801 eius
1219 1730 1424 1801 aestimatur
1451 1729 1495 1800 ad
1522 1729 1640 1801 decem
1666 1749 1820 1819 marcas;
1845 1730 1930 1800 item
1958 1734 2050 1798 sunt

484 1850 534 1923 ibi
560 1850 637 1939 agri
663 1850 812 1942 quidam,
839 1851 899 1941 qui
925 1856 1094 1921 vocantur
1113 1846 1361 1944 poazcoaatdoc',
1388 1849 1431 1920 de
1459 1850 1584 1939 quibus
1611 1849 1744 1920 duobus
1772 1850 1872 1920 annis
1898 1854 1934 1919 et
1953 1848 2049 1919 duo-

485 1970 551 2042 bus
591 1972 720 2061 campis
760 1970 908 2043 solvitur
943 1969 1075 2041 decima
1109 1969 1337 2060 manipularis
1373 1970 1537 2040 ecclesiae
1573 1969 1610 2039 in
1645 1968 1917 2060 Szemunya:
1952 1968 2051 2038 item

415 2146 422 2160 .
486 2088 632 2161 ecclesia
665 2090 773 2162 habet
807 2090 856 2162 ibi
882 2090 1042 2180 proprios
1078 2110 1182 2180 agros
1208 2095 1245 2160 et
1269 2094 1380 2180 prata,
1407 2110 1471 2178 pro
1499 2110 1561 2161 suo
1588 2088 1733 2178 praedio
1760 2095 1797 2159 et
1823 2088 2052 2159 necessitate.

592 2210 899 2300 Tnomnowrczn‚
926 2209 1010 2281 villa
1037 2210 1101 2281 snb
1127 2209 1295 2299 parochia
1320 2209 1364 2280 de
1390 2208 1623 2300 Sanczou,
1650 2208 1747 2280 cuius
1773 2208 1898 2280 haeres
1924 2207 2053 2279 Stani-

488 2329 581 2402 slaus
606 2328 794 2421 Rudsky
821 2329 863 2401 de
890 2330 996 2401 armIs
1022 2328 1215 2421 Pylawa.
1240 2330 1282 2400 In
1309 2350 1378 2421 qua
1403 2336 1485 2402 sunt
1512 2328 1661 2401 sedecim
1678 2328 1771 2401 lanei
1791 2328 2049 2419 cmcthonales,

488 2449 622 2523 decima
648 2448 836 2542 pecunialis
862 2470 926 2540 per
952 2470 1012 2521 ser
1038 2447 1182 2539 grossos
1206 2451 1297 2522 latos
1323 2471 1387 2542 pro
1415 2451 1576 2540 episcopo
1604 2448 1835 2540 Graconiensi,
1862 2450 1948 2521 item
1979 2470 2051 2539 pro

487 2569 639 2641 nwecdaa
665 2591 734 2644 una
759 2591 921 2642 mensura
947 2570 1094 2661 siliginis
1122 2570 1295 2642 etaltera
1322 2590 1461 2661 avenae,
1488 2570 1654 2642 ecclesiae
1685 2570 1721 2641 in
1748 2569 1975 2641 Sanczow.

389 2665 402 2688 ’
595 2688 847 2783 Prnzowrcza,
873 2690 957 2765 villa
984 2692 1048 2763 sub
1075 2692 1240 2783 parochia
1265 2692 1308 2763 (1(
1336 2690 1550 2763 Sanczow
1577 2692 1659 2781 sita,
1687 2691 1783 2762 euius
1810 2692 1935 2762 haeres
1965 2688 2053 2761 Sta·

487 2812 618 2885 nislaus
644 2811 856 2904 Ruczsky
883 2812 926 2883 (1(
953 2812 1059 2883 armis
1086 2812 1276 2903 Pylawa.
1301 2812 1343 2881 In
1370 2832 1439 2903 qua
1465 2811 1645 2885 duodecim
1663 2812 1765 2902 lanei,
1784 2812 1919 2883 decima
1935 2831 2051 2901 pecu-

486 2932 589 3005 niaIIs
603 2952 678 3023 ,per
704 2952 763 3005 sex
789 2952 931 3023 grossos
957 2952 1021 3023 pro
1048 2932 1211 3022 episcopo
1238 2930 1478 3021 GracoriensI;
1506 2932 1590 3003 item
1616 2953 1681 3023 pro
1708 2929 1860 3002 machaa
1877 2952 2050 3003 mensura

488 3052 636 3144 siliginis
663 3060 699 3124 et
724 3052 835 3124 altera
861 3072 992 3125 avenae
1019 3051 1184 3124 ecclcsiae
1198 3053 1246 3123 -in
1273 3051 1495 3125 Sanczow.
1801 3132 1806 3139 ¹

592 3170 852 3264 Ozonowrczn,
887 3172 971 3245 villa
1005 3174 1069 3245 sub
1104 3174 1271 3264 parochIa
1304 3173 1347 3246 de
1374 3170 1591 3247 Saneiow
1624 3174 1710 3265 sita,
1738 3174 1835 3247 cuius
1870 3173 2049 3245 haeredes

487 3290 657 3367 Matthias
683 3299 720 3366 et
745 3292 910 3366 Derslaus
937 3292 1252 3388 Ozorowsezy,
1279 3316 1368 3387 quae
1394 3294 1500 3367 hahet
1525 3294 1684 3368 undecim
1702 3295 1831 3387 laneos,
1849 3295 1891 3367 de
1910 3295 2044 3385 quihus

487 3414 712 3486 decimatur.
740 3414 942 3486 ..Ibidem
969 3421 1051 3488 sunt
1076 3415 1168 3487 lanei
1194 3423 1267 3489 tres
1295 3415 1517 3508 episcopales,
1546 3417 1589 3488 de
1617 3416 1742 3506 quibus
1770 3407 1928 3489 solvitur
1943 3417 2047 3487 deci-

487 3555 544 3606 ma
570 3533 796 3627 manipularis
822 3533 969 3627 plebano
995 3535 1032 3607 in
1058 3533 1445 3628 Thargoschicze.

1192 3656 1331 3729 Pruna.

590 3774 685 3848 Villa
710 3776 842 3850 habens
869 3777 1047 3849 ecclesiam
1074 3778 1309 3868 parochialem
1335 3777 1372 3849 in
1399 3797 1437 3850 se
1463 3776 1622 3869 ligneam,
1649 3775 1798 3850 Sanctae
1825 3777 1927 3850 Cruci
1945 3778 2047 3850 dica·

487 3903 568 3988 tam,
582 3897 678 3970 (111(
695 3897 819 3970 haeres
836 3897 1015 3971 Johannea
1033 3898 1262 3991 Plaszsky
1289 3899 1332 3970 dc
1350 3899 1455 3970 armis
1473 3898 1688 3989 Thopori.
1706 3899 1746 3969 ln
1765 3920 1834 3989 qua
1851 3904 1932 3972 sunt
1946 3899 2046 3972 lanei

486 4017 733 4108 cmcthonales,
760 4017 803 4089 de
831 4018 955 4108 quibus
983 4019 1128 4093 solvitur
1155 4019 1290 4100 decima
1316 4072 1465 4090 .....
1500 4019 1588 4090 Item
1616 4025 1697 4090 sunt
1723 4019 1773 4091 ibi
1798 4020 1869 4090 trIa
1894 4020 2045 4110 praedia
2073 4087 2080 4099 ,

490 4137 674 4227 militaria,
701 4137 744 4209 de
779 4137 904 4233 quibus
940 4139 1097 4212 omnibus
1134 4141 1282 4212 solvitur
1317 4139 1450 4212 decima
1484 4140 1709 4231 manipularis
1739 4160 1804 4231 pro
1832 4139 1980 4210 ecclesia
2005 4147 2045 4210 et

487 4258 562 4330 eins
589 4259 736 4350 plebano
763 4259 800 4330 in
826 4257 974 4350 Plaza,
1001 4265 1037 4332 (1
1063 4262 1161 4334 valor
1188 4262 1263 4334 eius
1290 4261 1493 4333 aestimatur
1520 4260 1564 4332 ad
1592 4315 1600 4330 .
1627 4315 1635 4330 .
1663 4315 1671 4331 .
1698 4315 1706 4331 .
1741 4260 1830 4332 Item
1857 4260 1965 4332 habet
1991 4261 2043 4331 ibi

487 4379 633 4451 ccclesia
659 4384 695 4450 et
721 4378 888 4471 plebanus
915 4382 1075 4471 proprios
1102 4395 1206 4473 agros
1232 4383 1371 4473 liberos,
1397 4402 1462 4472 pro
1489 4401 1552 4454 suo
1581 4401 1648 4452 usu
1675 4387 1712 4453 et
1737 4382 1955 4453 necessitate.

592 4501 809 4592 Bonnczrn,
835 4501 919 4573 villa
953 4503 1017 4575 snb
1043 4505 1209 4594 parochia
1236 4504 1278 4576 (1(
1305 4503 1449 4575 Plaza
1475 4502 1560 4592 sita,
1587 4502 1684 4573 cuins
1710 4501 1835 4573 haeres
1862 4501 2042 4574 Iohannes

488 4619 716 4714 Plasszky
751 4621 938 4714 praefatus.
973 4623 1013 4694 In
1049 4645 1117 4715 qua
1151 4629 1233 4696 sunt
1266 4625 1358 4695 lanei
1393 4621 1643 4713 cmcthonales,
1670 4621 1713 4693 de
1740 4623 1866 4713 quibus
1893 4621 2042 4694 solvitur

488 4744 621 4816 decima
656 4743 880 4835 manIpularis
913 4749 949 4816 et
984 4745 1159 4835 canapalis
1195 4744 1360 4816 ecclesIao
1396 4750 1433 4816 et
1467 4743 1615 4835 plebano
1642 4743 1678 4814 in
1705 4743 1919 4834 Ilkusch,
1946 4744 2041 4814 cuius

487 4865 586 4937 valor
612 4866 816 4938 aestimatur
842 4864 886 4937 ((1
914 4920 922 4937 .
949 4917 956 4936 .
984 4921 991 4938 .
1017 4866 1105 4938 Item
1133 4871 1189 4937 est
1214 4865 1264 4937 ibi
1289 4865 1471 4956 praedium
1497 4886 1612 4955 unum,
1639 4864 1682 4935 de
1710 4865 1811 4936 cuius
1834 4866 1930 4955 agris
1948 4863 2039 4935 deci-

489 4991 606 5058 matur
632 4987 797 5059 ecelesiae
824 4986 860 5056 11
887 4985 1037 5077 Plana,
1064 4992 1101 5058 et
1126 4986 1225 5058 valor
1252 4985 1405 5058 decimae
1432 4985 1636 5058 aestimatur
1662 4985 1706 5056 ad
1734 5040 1741 5056 .
1769 5040 1777 5055 .
1804 5039 1812 5056 .

937 5105 1197 5179 Novomoncza
1223 5105 1312 5178 alias
1338 5105 1460 5179 Nows
1486 5125 1596 5178 noan.

592 5227 764 5319 Oppidum
791 5226 922 5299 habens
949 5225 1130 5298 ecclesiam
1155 5225 1390 5316 parochialem
1415 5225 1567 5317 ligneam
1593 5227 1629 5297 in
1656 5245 1712 5316 se,
1739 5225 1867 5298 Sancto
1894 5221 2039 5316 Spiritui

488 5346 657 5439 dicatam,
684 5349 798 5458 cuius,
816 5347 939 5420 haeres
966 5346 1125 5419 Andreas
1153 5345 1493 5440 Thanczynslry
1520 5346 1564 5417 de
1590 5348 1696 5418 armis
1722 5347 2037 5438 Bippenninm.

487 5465 528 5540 In
556 5489 623 5559 qno
650 5475 731 5540 sunt
756 5467 849 5540 lanei
875 5468 1135 5561 oppidanorum,
1163 5467 1206 5539 de
1233 5468 1357 5559 quibus
1383 5468 1531 5541 solvitur
1557 5467 1691 5540 decima
1716 5467 1814 5540 vario
1840 5467 2017 5538 modo...

1127 5585 1402 5660 Kosczrnrncz.
1674 5599 1677 5604 ·

592 5703 687 5778 Villa
712 5707 845 5782 habens
871 5707 1050 5783 ecclesiam
1076 5706 1311 5803 parochialem
1336 5713 1519 5802 muratam,
1545 5705 1673 5784 Sancto
1689 5703 1843 5784 Iohanni
1859 5704 2036 5799 Baptistae
