4550 6600
1758 738 1834 857 ao1

281 956 520 1073 episcopatum
549 979 812 1055 cracoviensem
840 982 1000 1096 pertinet.
1027 982 1067 1056 ln
1096 993 1165 1077 qua
1191 942 1271 1057 sunt
1298 983 1446 1077 triginta
1473 992 1546 1059 tres
1573 986 1665 1059 lanei
1684 990 1836 1084 ematho-

178 1178 180 1182 ,
281 1102 391 1192 nales,
418 1104 499 1174 item
528 1103 879 1195 duaerhortnlaniae,
907 1106 949 1175 de
977 1105 1101 1195 quibus
1128 1106 1287 1176 omnibus
1314 1108 1462 1179 solvitur
1489 1108 1621 1178 deciana
1647 1110 1837 1199 pecunialis

280 1242 348 1310 pro
375 1223 577 1313 episcopatu
604 1220 834 1316 cracoviensi,
861 1231 897 1295 et
924 1226 1070 1316 quilibet
1097 1226 1202 1297 solvit
1228 1247 1289 1297 sex
1307 1248 1448 1317 grossos
1466 1229 1616 1299 latorum
1633 1250 1836 1318 grossorum

280 1340 521 1433 Pragensium.
555 1344 643 1417 Item
670 1351 724 1417 est
752 1346 799 1417 ibi
836 1346 994 1418 scoltetia
1020 1346 1152 1419 habens
1184 1326 1316 1438 septem
1342 1348 1480 1440 laneos,
1509 1349 1552 1420 de
1579 1348 1705 1441 quibus
1732 1350 1837 1422 solvit

281 1462 452 1535 decimam
479 1520 487 1535 .
515 1518 558 1535 ..
1187 1527 1189 1530 .

388 1583 663 1657 Wovnowvczn
689 1584 885 1675 Komosna,
913 1586 997 1659 villa
1022 1588 1086 1659 sub
1113 1589 1281 1678 parochia
1306 1589 1349 1660 de
1368 1588 1623 1681 Szyevvyor,
1641 1590 1737 1685 cuius
1755 1610 1837 1681 pro·

281 1704 416 1794 pristas
443 1706 487 1777 ad
514 1706 750 1798 episcopatum
777 1705 1039 1779 cracoviensem
1065 1709 1227 1798 pertinet,
1255 1731 1343 1800 quac
1369 1711 1476 1781 habet
1501 1716 1574 1782 tres
1600 1711 1719 1782 laneos
1747 1730 1837 1802 eme7

281 1826 462 1918 thonales,
490 1827 533 1901 de
569 1828 694 1917 quibus
728 1827 859 1901 decima
894 1828 1083 1919 pecunialis
1111 1829 1259 1900 solvitur
1284 1850 1348 1920 pro
1376 1832 1578 1921 episcopatu
1605 1829 1836 1921 Gracoviensi,

282 1946 330 2017 de
356 1947 510 2036 quolibet
535 1948 636 2021 laneo
663 1969 726 2038 per
752 1970 856 2019 unum
882 1947 1053 2053 fertonem
1079 1949 1229 2020 latorum
1254 1970 1475 2041 grossorum3
1501 1951 1585 2021 item
1612 1958 1666 2023 est
1691 1949 1741 2021 ibi
1767 1954 1868 2021 una·

281 2066 501 2159 hortularia,
528 2069 610 2139 item
646 2074 700 2140 est
734 2070 784 2141 ibi
820 2070 977 2163 scoltetia
1012 2070 1144 2141 habens
1180 2069 1265 2140 duos
1301 2070 1420 2141 laneos
1446 2071 1594 2160 liberos,
1622 2072 1704 2141 item
1730 2090 1838 2142 unum

282 2187 520 2293 molendinum
547 2195 583 2261 et
609 2190 850 2280 hortulaniam,
879 2190 921 2263 de
949 2191 1073 2281 quibus
1100 2190 1246 2263 solvitur
1274 2190 1406 2261 decima
1433 2190 1597 2261 ecclesiae
1624 2191 1660 2261 in
1683 2190 1839 2262 Mislo-

283 2308 444 2401 wicze;
479 2311 563 2383 item
599 2315 653 2383 est
688 2310 725 2382 in
759 2310 878 2383 eadem
904 2308 988 2382 villa
1013 2332 1102 2381 unus
1128 2310 1267 2400 laneus,
1295 2311 1354 2400 qui
1380 2306 1576 2381 cumomni
1603 2310 1679 2381 iure
1705 2314 1840 2401 spectat
1920 2304 1924 2309 ’

282 2428 331 2501 ad
357 2432 603 2521 proprietatem
641 2430 807 2503 ecclesiae
835 2435 871 2501 et
897 2431 1078 2521 plebaniae
1105 2431 1142 2501 in
1169 2429 1400 2522 Szevvyor,
1428 2430 1470 2501 de
1498 2452 1565 2523 quo
1593 2432 1661 2503 sibi
1691 2429 1840 2503 solvitur

282 2571 355 2620 una
380 2572 498 2623 marca
523 2552 673 2623 latorum
707 2572 908 2641 grossorum
934 2551 1180 2642 Pragensium;
1215 2551 1348 2622 decima
1375 2540 1492 2624 antem
1517 2550 1562 2622 de
1588 2530 1836 2624 eodem'ianeo

283 2672 475 2761 pecunialis
503 2672 651 2745 solvitur
671 2654 839 2763 'episcopo
867 2661 1104 2763 cracoviensi,
1124 2693 1213 2743 unus
1239 2670 1330 2743 ferto
1357 2672 1509 2743 latorum
1534 2667 1744 2763 grossorum.

376 2790 597 2885 'Szunrnovv,
624 2794 707 2865 villa
733 2793 797 2864 sub
825 2794 990 2883 parochia
1008 2793 1051 2863 de
1070 2792 1282 2882 Szevvyor
1309 2793 1386 2881 sita,
1405 2794 1502 2863 euius
1522 2792 1690 2865 haeredes
1709 2791 1840 2864 lohan-

272 2933 348 2985 nes
375 2918 411 2985 et
436 2914 620 2988 Mieossius
647 2913 780 2986 nobiles
808 2912 850 2985 de
878 2913 984 2985 domo
1006 2913 1356 2985 Prawditarum.
1383 2912 1425 2984 ln
1452 2934 1520 3003 qua
1546 2919 1627 2985 sunt
1654 2913 1722 2984 duo
1750 2912 1842 2983 lanei

283 3038 323 3104 et
349 3039 499 3124 quatuor
524 3034 740 3106 hortulaniae
767 3034 935 3105 habentes
962 3055 1073 3126 agree,
1103 3035 1189 3126 item
1215 3037 1269 3105 est
1286 3033 1336 3104 ibi
1353 3054 1459 3104 unum
1476 3034 1656 3123 praedium
1679 3033 1841 3123 mditare,

282 3154 328 3225 de
357 3155 490 3245 quibus·
509 3156 666 3229 omnibus
695 3156 841 3227 solvitur
867 3153 1000 3227 decima
1027 3153 1254 3245 manipularis
1281 3158 1317 3225 et
1344 3154 1518 3243 canapalis
1545 3175 1609 3244 pro
1636 3156 1842 3245 episcopatu
1934 3248 1938 3252 ‚

246 3274 255 3285 '
285 3274 518 3368 cracoviensi,
545 3280 581 3349 et
607 3276 705 3350 valor
732 3276 806 3355 eius
833 3276 1038 3348 aestimatur
1066 3275 1111 3348 ad
1138 3275 1224 3348 duas
1251 3294 1397 3346 marcas.

393 3397 730 3488 Taznnrsnnvvvczn,
758 3397 840 3470 villa
867 3375 930 3470 sub
957 3397 1123 3488 parochia
1149 3397 1193 3469 de
1220 3395 1432 3487 Szewyor
1458 3396 1537 3494 sita,
1556 3397 1653 3468 cuius
1671 3391 1843 3466 haeredes

286 3515 419 3589 Paulus
447 3517 701 3608 Spargalth
729 3517 771 3588 da
799 3517 899 3589 domo
926 3517 1201 3610 Wyenyawa
1227 3521 1262 3590 et
1288 3515 1453 3589 Nicolaus
1479 3517 1773 3608 Myrzowsky
1800 3516 1843 3587 de

285 3639 389 3710 domo
425 3635 687 3710 Grilfonum
724 3644 760 3711 et
786 3638 989 3710 Marcissius
1026 3637 1322 3729 Grabowslry.
1361 3638 1402 3707 ln
1430 3659 1498 3728 qua
1523 3638 1722 3717 suntlanei
1749 3657 1840 3707 ome-

284 3758 456 3851 thonaleS,
483 3758 525 3830 de
553 3757 677 3850 quibus
705 3759 851 3832 solvitur
878 3760 1011 3832 decima
1038 3811 1189 3830 .....
1220 3757 1308 3830 Item
1335 3758 1370 3828 in
1397 3757 1557 3848 praelata
1583 3757 1667 3830 villa
1692 3779 1761 3828 non
1789 3763 1844 3828 est
1904 3752 1907 3759 “

288 3879 461 3952 scoltetia
1355 3887 1360 3902 “
1827 3952 1831 3959 .

393 4000 747 4092 Dznwn1,paroehia
773 4001 808 4072 in
836 3999 1057 4092 Szewyor,
1083 4002 1208 4072 haeres
1234 3997 1267 4070 N
1294 4053 1301 4068 .
1330 4054 1338 4068 .
1365 4053 1372 4069 .
1404 3998 1691 4092 Mirzovslry,
1716 4019 1843 4071 novem

223 4109 227 4118 ’
285 4120 382 4193 lanei
418 4122 668 4212 emethonaleS,
696 4122 829 4192 decima
863 4121 1088 4212 manipularis
1116 4120 1236 4192 totalis
1263 4121 1411 4194 solvitur
1439 4120 1604 4192 ecclesiae
1632 4126 1669 4192 et
1695 4121 1843 4210 plebano

290 4244 325 4314 in
355 4241 709 4334 Targosclricze,
736 4247 772 4314 et
798 4241 894 4316 valor
922 4244 996 4314 eius
1025 4242 1068 4313 ad
1096 4241 1182 4312 duos
1208 4241 1357 4312 florenos
1383 4243 1598 4313 aestimatur.

394 4363 693 4455 Znnvsnavvrczn,
719 4363 803 4435 villa
838 4363 902 4434 sub
936 4357 1105 4453 parochia
1128 4362 1171 4433 de
1199 4361 1410 4454 Szevvyor
1425 4363 1524 4453 sita,
1551 4344 1662 4434 cuins
1676 4361 1843 4432 haeredes

290 4481 485 4572 Stanislaus
512 4483 788 4575 Banduszlry
815 4483 858 4554 de
885 4463 990 4555 armis
1017 4481 1226 4574 Osthoya
1253 4488 1289 4553 et
1315 4482 1440 4554 Petrus
1460 4483 1502 4554 de
1521 4481 1845 4574 armisPylawa,

290 4624 381 4696 quae
415 4605 521 4676 habet
556 4604 750 4696 quindecim
783 4604 918 4695 laneos,
944 4605 1029 4675 item
1065 4602 1276 4693 scoltetiam,
1303 4624 1391 4693 quae
1427 4602 1534 4673 habet
1564 4625 1670 4673 unum
1696 4602 1844 4692 laneum,

289 4727 375 4796 item
409 4724 588 4815 praedium
623 4701 792 4814 militare,
821 4724 1015 4816 dequibus
1051 4724 1228 4814 omnibuS,
1254 4724 1480 4813 manipularis
1507 4721 1746 4795 tantummodo
1776 4743 1846 4794 non

289 4845 468 4937 canapalis
504 4845 650 4938 decima,
687 4845 834 4918 solvitur
869 4865 933 4936 pro
969 4845 1112 4916 ecelesia
1148 4846 1183 4915 in
1219 4823 1428 4934 Antiqua
1461 4843 1784 4934 Kozyeglowi,
1811 4847 1848 4913 et

290 4967 392 5038 valor
418 4965 493 5037 eius
520 4965 564 5036 ad
591 4966 708 5038 decem
735 4985 869 5038 mareas
896 4966 1106 5036 aestimatur.

397 5083 600 5177 Wnnnzm,
634 5087 800 5176 parochia
834 5085 1094 5177 Szevyerensis,
1130 5083 1326 5176 proprietas
1362 5081 1465 5154 villae
1501 5081 1640 5172 plebani
1676 5082 1719 5153 de
1746 5081 1845 5152 Sze·

289 5227 423 5298 avyor,
451 5227 539 5300 quae
564 5207 671 5280 habet
698 5227 759 5278 sex
785 5207 913 5298 laneos,
938 5213 979 5278 et
1006 5206 1048 5277 de
1076 5207 1232 5297 quolibet
1262 5203 1409 5277 solvitur
1427 5203 1597 5292 plebano.
1613 5226 1663 5291 ..;
1690 5203 1773 5274 item
1791 5199 1855 5273 est'

292 5329 343 5400 ibi
369 5328 518 5403 taberna
543 5326 691 5418 plebani,
719 5347 807 5418 quae
834 5326 938 5400 solvit
965 5348 1029 5419 pro
1057 5346 1163 5398 censu
1190 5381 1197 5394 .
1225 5379 1232 5396 .
1260 5380 1268 5396 .

924 5485 928 5491 ·
1011 5447 1139 5518 Rnrrr.
1238 5511 1242 5518 .

398 5567 492 5640 Villa
522 5552 657 5641 'habens
684 5567 917 5660 parochialem
944 5566 1143 5658 eeclesiam,
1168 5587 1270 5638 muro
1297 5563 1434 5655 lapideo
1462 5564 1609 5653 pulchro
1636 5581 1759 5653 opere,
1785 5579 1849 5654 per

292 5687 484 5766 Henrieum
503 5689 545 5762 de
566 5689 687 5782 Repti
714 5690 915 5772 canopicum
943 5687 1205 5764 cracoviensem
1223 5707 1293 5758 nna
1311 5707 1388 5758 cum
1407 5686 1615 5760 coemeterio
1632 5684 1848 5774 fabricatam,

397 5857 445 5899 rau
460 5855 556 5900 nonme
573 5857 606 5901 ra
770 5850 779 5862 “
1642 5834 1680 5883 ⁹⁶
