4550 6600
1709 778 1781 857 lor

232 984 410 1062 aediculae
436 985 555 1063 Sancti
581 983 680 1062 Petri
706 988 743 1062 in
770 983 1010 1080 Cracovia,
1037 994 1196 1083 coempta
1221 1008 1294 1081 per·
1311 986 1370 1063 e'os
1398 986 1567 1063 aJacobo
1585 986 1717 1063 Petri
1744 992 1788 1066 dc

233 1110 491 1183 Tharnowa
526 1116 562 1183 et
596 1111 674 1183 aliis
700 1112 857 1202 personis
884 1131 975 1203 area,
1003 1110 1084 1182 dum
1110 1111 1278 1203 viverent,
1306 1117 1505 1184 constructa
1531 1113 1594 1203 est,
1621 1118 1657 1185 et
1684 1134 1789 1205 super

231 1253 303 1323 qua
327 1233 458 1305 habent
484 1237 689 1323 perpetuum
717 1232 1001 1322 anniversarium,
1029 1231 1122 1323 quod
1149 1252 1212 1321 per
1238 1232 1386 1304 alcarios
1405 1231 1651 1304 Oracorienses
1670 1234 1788 1325 exple·
1856 1239 1860 1247 '

230 1358 301 1442 tur,
328 1359 547 1444 pronepotes,
573 1353 713 1425 uariis
739 1358 855 1425 aumm
881 1374 945 1444 pro
960 1352 1080 1425 labore
1097 1352 1337 1444 anniversarii,
1364 1353 1468 1425 solvit
1487 1353 1671 1425 canonicus
1689 1354 1788 1426 inha-

231 1474 368 1547 bitator
403 1474 524 1547 domus
559 1472 755 1565 praefatae,
792 1493 898 1546 unam
932 1478 1092 1545 marcam.
1131 1474 1173 1545 In
1211 1494 1280 1565 qua
1307 1472 1444 1565 quidem
1479 1474 1564 1546 villa
1590 1480 1672 1547 sunt
1697 1474 1788 1550 Ianci

232 1595 490 1687 cmethonales‚
526 1595 609 1667 item
640 1596 825 1686 tahemae,
851 1572 936 1666 item
969 1595 1187 1667 hortulaniae
1222 1596 1391 1668 hahentes
1427 1616 1546 1688 agros,
1573 1596 1656 1669 item
1683 1616 1788 1669 unum

231 1715 415 1805 praedium
452 1716 622 1807 militare,
649 1715 692 1787 de
720 1716 844 1807 quihus
871 1716 1020 1789 solvitur
1045 1721 1082 1787 et
1107 1715 1314 1789 conducitur
1341 1717 1474 1788 decima
1500 1716 1727 1808 manipularis
1754 1721 1789 1787 et

231 1837 411 1928 canapalis
437 1857 501 1927 pro
528 1837 676 1909 ecclesia
700 1837 892 1927 parochiali
918 1842 955 1909 et
972 1838 1119 1927 plebano
1138 1838 1183 1909 in
1202 1836 1434 1930 Ghihicze‚
1452 1838 1549 1911 cuius
1568 1838 1666 1911 valor
1684 1838 1788 1909 aesti-

114 1990 119 1996 ·
231 1966 351 2031 matur
376 1959 421 2031 ad
448 2014 456 2029 .
483 2014 491 2029 .
519 2014 527 2031 .
553 1978 696 2031 marcas
722 1959 812 2031 Item
837 1959 999 2051 plebanis
1023 1959 1131 2031 hahet
1157 1960 1193 2031 in
1220 1959 1339 2033 cadem
1367 1960 1449 2032 villa
1475 1961 1615 2051 curiam,
1634 1965 1670 2031 ct
1688 1978 1788 2049 prue-
1922 2021 1927 2029 .

232 2080 329 2153 dium
357 2102 435 2153 curn
461 2080 557 2173 agris
582 2081 684 2155 honis
711 2087 749 2153 et
774 2082 895 2172 pratis.

937 2198 1089 2275 Wsnou.

339 2322 434 2397 Villa
459 2322 593 2397 hahens
618 2324 655 2395 in
682 2344 721 2394 se
748 2323 982 2414 parochialem
1005 2322 1193 2415 ecclesiam,
1221 2320 1369 2395 Sanctae
1387 2322 1634 2413 Margarethae
1661 2322 1790 2414 virgini

231 2442 396 2536 dicatum,
421 2445 591 2537 ligneam,
629 2445 726 2517 cuius
760 2444 958 2535 proprietas
986 2443 1031 2515 ad
1058 2444 1295 2535 episcopatum
1322 2442 1587 2517 cracoviensem
1622 2444 1789 2536 pertinet,

233 2567 336 2639 cuius
363 2567 532 2657 plebanus
551 2620 692 2637 ......
719 2566 826 2639 hahet
851 2566 1014 2656 proprios
1039 2585 1143 2655 agros
1170 2566 1299 2637 liberos
1327 2570 1363 2637 et
1390 2570 1500 2656 prata.
1545 2567 1586 2639 In
1613 2588 1681 2658 qua
1708 2573 1790 2639 sunt

234 2686 364 2777 uiginti
391 2688 459 2759 duo
486 2709 565 2759 cum
590 2688 704 2759 medio
738 2669 831 2757 lanei
865 2687 1117 2777 cmethonales,
1156 2674 1351 2778 dequibus
1386 2688 1545 2759 omnihus
1581 2688 1729 2760 solvitur
1755 2695 1791 2760 et

232 2808 441 2883 conducitur
467 2809 600 2881 decima
626 2808 852 2899 manipularis
869 2813 906 2879 et
923 2808 1097 2898 canapalis
1123 2828 1188 2898 pro
1215 2808 1417 2899 episcopatu
1444 2807 1675 2881 Oracoviensi.
1702 2810 1790 2883 Item

230 2930 273 3001 in
300 2930 421 3001 eadem
447 2930 530 3002 villu
556 2936 611 3001 est
638 2930 812 3020 scoltetus‚
839 2931 898 3023 qui
925 2930 1032 3001 habet
1056 2935 1131 3002 tres
1157 2929 1277 3001 laneos
1296 2936 1332 3001 et
1350 2951 1454 3002 unam
1481 2930 1726 3023 hortulaniam,
1754 2938 1790 3003 et

231 3050 281 3123 (Ie
307 3050 443 3124 duobus
479 3052 615 3141 quidem
651 3051 761 3121 laneis
788 3056 824 3122 et
850 3072 921 3122 una
954 3050 1172 3141 hortulania,
1210 3050 1315 3124 solvit
1350 3059 1386 3121 et
1421 3051 1582 3125 conducit
1618 3053 1786 3125 decimam

231 3173 487 3264 manipularem
513 3173 678 3245 ecclesiae
704 3172 896 3263 parochiali
922 3173 959 3243 in
985 3171 1160 3263 Wsdol,
1196 3172 1239 3245 de
1266 3174 1373 3255 tortio
1401 3194 1484 3245 vero
1511 3174 1611 3245 laneo
1640 3175 1790 3247 solvitur

232 3294 372 3366 decima
397 3295 559 3387 episcopo
587 3293 818 3366 Oracoviensi.
861 3293 949 3366 item
976 3300 1030 3366 est
1056 3295 1105 3365 ibi
1131 3294 1279 3366 taherna
1305 3294 1437 3367 hebens
1465 3317 1578 3386 agros,
1606 3318 1693 3387 quae
1721 3296 1790 3370 sol-

233 3416 292 3489 vit
317 3416 483 3488 decimam
510 3416 759 3507 manipularem
786 3416 951 3488 ecclesiae
978 3417 1014 3487 in
1041 3415 1208 3504 Wsdol.
1239 3416 1327 3487 Item
1355 3423 1409 3491 est
1436 3417 1485 3488 ihi
1513 3419 1690 3517 praedium
1719 3421 1792 3509 epi·
1913 3465 1917 3476 «

232 3538 376 3628 scopale
402 3537 535 3610 hahens
561 3538 648 3612 duos
674 3538 794 3610 laneos
820 3559 993 3629 agrorum,
1021 3537 1208 3628 dequibus
1236 3537 1383 3611 solvitur
1406 3539 1539 3610 decima
1565 3540 1791 3632 manipularis

234 3658 406 3732 ecclesiae
432 3657 610 3750 praefatae
637 3658 830 3749 parochiali
855 3660 892 3730 in
917 3657 1083 3729 Wsdol.

340 3779 590 3870 Saramene,
616 3781 702 3852 villa
728 3780 793 3850 sub
820 3779 986 3870 parochia
1011 3779 1179 3852 ecclesiae
1206 3777 1249 3848 de
1276 3777 1432 3850 Wsdol
1457 3779 1546 3870 sita,
1584 3781 1680 3851 cuius
1707 3801 1790 3870 pro-

232 3904 370 3995 prietas
405 3902 451 3974 ad
477 3902 711 3992 episcopatum
748 3900 1012 3974 (iracoriensem
1028 3901 1209 3990 pertinet.
1252 3900 1390 3991 Inque
1425 3906 1506 3972 sunt
1542 3901 1659 3972 decem
1694 3902 1788 3973 lanei

234 4022 485 4114 cmethonales,
524 4023 567 4096 de
594 4024 719 4114 quihus
745 4023 893 4096 solvitur
920 4029 956 4094 et
982 4023 1187 4095 conducitur
1214 4021 1346 4093 decima
1371 4023 1597 4113 manipularis
1625 4029 1661 4094 et
1688 4043 1791 4094 cana-

234 4145 328 4245 palis
354 4166 418 4237 pro
445 4145 648 4236 episcopatu
673 4143 911 4235 Oracoriensi,
947 4151 983 4216 et
1009 4144 1109 4216 valor
1135 4143 1210 4216 eius
1238 4143 1442 4215 aestimetur
1469 4144 1513 4214 ad
1542 4149 1619 4216 octo
1647 4163 1790 4216 marcas.

233 4266 328 4339 Item
353 4267 389 4338 in
416 4265 537 4338 mem
564 4267 648 4339 villa
673 4272 728 4338 est
753 4267 923 4356 scoltetia‚
952 4286 1039 4356 quae
1066 4266 1174 4338 hahet
1201 4265 1288 4337 duos
1311 4265 1429 4338 laneos
1456 4266 1621 4357 speciales
1649 4266 1788 4357 liberos,

236 4389 326 4461 duas
352 4389 516 4462 tabernas
542 4389 712 4461 hahentes
738 4409 850 4478 agros,
877 4394 913 4460 et
940 4387 1026 4460 duas
1053 4387 1273 4459 hortulanias
1300 4387 1467 4459 hahentes
1495 4408 1617 4478 agros,
1644 4388 1687 4459 de
1715 4389 1790 4478 qui-

234 4511 305 4584 hus
331 4510 479 4584 soIvItur
504 4515 542 4582 ct
567 4510 771 4583 conducitur
797 4510 931 4582 decima
964 4509 1190 4600 manipularis
1218 4515 1255 4580 et
1281 4509 1455 4601 canepalis
1491 4531 1555 4600 pro
1582 4509 1727 4580 ecclesia
1753 4509 1789 4579 in

238 4631 408 4705 Wsdol.

343 4753 534 4846 Lanczun,
560 4753 645 4828 villa
669 4754 735 4826 sub
761 4754 926 4844 parochia
952 4753 1118 4826 ecclesiae
1143 4751 1188 4824 de
1214 4751 1372 4824 Wsdol
1399 4753 1483 4844 sita,
1509 4753 1614 4846 cuius
1633 4753 1790 4844 proprie·

237 4881 296 4948 tas
323 4875 368 4946 ad
394 4876 630 4966 episcopatum
657 4873 921 4947 cracoviensem
947 4874 1108 4965 pertinet
1133 4873 1175 4944 In
1203 4893 1271 4963 qua
1297 4879 1379 4945 sunt
1404 4872 1563 4946 undecim
1590 4874 1680 4945 lanei
1699 4893 1789 4946 cmc-

237 4997 408 5088 thonales,
434 4999 520 5070 item
531 5003 593 5070 ‘est
609 4998 660 5070 ihi
674 4996 843 5089 scoltetia‚
868 4996 1001 5068 hahens
1019 4995 1106 5068 duos
1123 4995 1242 5068 laneos
1268 4995 1398 5068 liberos
1425 5001 1462 5067 et
1487 5016 1594 5095 unam·
1608 4997 1790 5070 tabernam
1852 5077 1857 5084 .

193 5184 196 5188 .
237 5119 424 5192 habentem
451 5139 572 5210 agros,
611 5119 696 5190 item
722 5119 829 5191 habet
864 5117 951 5190 duas
977 5117 1196 5190 hortulanias
1231 5116 1401 5188 habentes
1427 5137 1549 5208 agros,
1589 5117 1632 5188 de
1664 5118 1790 5208 quihus

239 5241 399 5313 omnihus
427 5241 575 5313 solvitur
600 5246 638 5313 et
663 5239 867 5313 conducitur
888 5239 1022 5311 decima
1047 5237 1273 5331 manipularis
1300 5244 1336 5310 et
1362 5237 1538 5329 canapalis
1565 5259 1629 5329 pro
1656 5241 1789 5330 episco-

237 5367 324 5454 patu
349 5361 580 5453 OracovIensi,
608 5363 705 5434 cuius
730 5361 830 5434 valor
856 5361 1061 5433 aestimatur
1087 5360 1131 5432 ad
1160 5359 1278 5431 decem
1304 5379 1449 5432 marcas.
1493 5359 1581 5431 Item
1607 5360 1787 5450 praedium

238 5483 436 5575 episcopale
462 5505 532 5555 non
558 5490 613 5555 est
639 5485 675 5554 in
701 5481 823 5554 cariem
849 5483 941 5573 villa,
967 5481 1030 5553 sed
1055 5487 1110 5553 est
1127 5481 1369 5553 molendinum.

344 5604 459 5677 Villae
484 5605 711 5696 parochiales·
737 5603 915 5695 Wsdol,
941 5601 1438 5696 syekirn0,1,hanozna.
1577 5585 1579 5589 ¹
