4550 6600
1733 747 1813 823 81

239 954 425 1029 Stanislaus
451 952 662 1030 Pazonlra
688 954 731 1026 de
759 956 864 1027 armis
882 954 904 1026 J
915 956 1150 1029 astrzamb
1163 958 1239 1046 cri,
1257 956 1293 1027 in
1312 977 1380 1046 qua
1397 978 1467 1028 non
1485 962 1566 1027 sunt
1583 956 1675 1027 lanei
1694 978 1784 1028 cme-

236 1078 396 1167 thonalea
424 1076 485 1148 sed
511 1077 730 1147 hortulaniae
757 1077 944 1167 duntaxat,
971 1078 1055 1148 item
1083 1083 1136 1147 est
1163 1078 1212 1147 ibi
1238 1078 1418 1167 praedium
1446 1078 1613 1167 militare,
1643 1078 1687 1148 de
1715 1099 1782 1168 quo

236 1200 407 1289 perceptio
435 1197 586 1267 decimae
613 1199 789 1285 variatur3
825 1198 868 1267 de
895 1198 1085 1287 aliquibus
1105 1198 1196 1268 enim
1223 1198 1317 1287 agris
1345 1198 1491 1267 solvitur
1518 1198 1650 1267 decima
1677 1199 1784 1269 eccle-

236 1320 304 1389 siae
330 1319 365 1388 in
393 1317 597 1407 Msthow,
625 1316 667 1388 de
689 1318 868 1389 nonnullis
895 1340 978 1389 vero
1007 1318 1173 1389 ecclcsiae
1199 1320 1235 1388 in
1263 1300 1536 1408 Mironicze,
1563 1319 1659 1388 cuius
1686 1319 1785 1389 valor

236 1439 437 1509 aestimatur
456 1438 500 1509 ad
526 1445 599 1509 tres
626 1437 788 1510 fertones.

333 1558 543 1649 Gownnow,
569 1560 653 1631 11111(
682 1560 745 1629 sub
772 1559 938 1649 parochia
965 1560 1007 1630 de
1034 1558 1296 1632 Mironicze
1323 1561 1401 1649 sita,
1428 1561 1526 1630 cuius
1552 1561 1676 1630 haeres
1703 1559 1812 1656 81(

236 1680 363 1751 nislaus
396 1679 714 1771 Oowalowsky
742 1680 784 1750 (1(
812 1681 917 1750 armis
944 1680 1308 1771 Jastrzambczy,
1335 1683 1371 1751 in
1398 1703 1466 1771 qua
1484 1688 1566 1751 sant
1583 1682 1675 1751 lanei
1694 1702 1784 1751 cmc-

235 1800 401 1892 thonaleS,
427 1802 512 1871 item
538 1802 718 1891 praedium
745 1802 913 1890 militare,
940 1801 984 1871 de
1011 1802 1134 1891 quibus
1162 1804 1320 1873 omnibus
1347 1803 1495 1873 solvitur
1521 1808 1557 1872 et
1582 1803 1786 1874 conducitur

235 1922 366 1993 decima
391 1922 617 2012 manipularis
645 1928 680 1992 (1
706 1923 881 2011 canapalis
909 1923 1073 1993 ecclesiae
1101 1925 1136 1993 in
1164 1925 1397 1995 Tarnawa.

335 2044 693 2134 Srnznsznowrczs‚
719 2044 803 2115 villa
830 2044 893 2114 sub
920 2045 1085 2143 parochia
1120 2044 1164 2114 de
1190 2044 1542 2141 Pyotrkowicze
1575 2045 1660 2135 sita,
1688 2046 1784 2117 cuius

235 2146 400 2236 haeredes
417 2164 570 2235 Jacobus
597 2164 997 2256 Strzeszlrowsky,
1016 2164 1143 2235 Petrus
1162 2164 1358 2236 Sczirba
1385 2166 1499 2235 dictus
1517 2164 1784 2255 Opathlrorr-

236 2287 323 2375 sky,
350 2286 554 2376 Mikolayek
582 2284 951 2375 Andrzeykonia
980 2286 1022 2355 de
1041 2287 1146 2356 armis
1172 2286 1535 2386 Jastrzambcza,
1563 2287 1599 2355 in
1618 2292 1785 2377 quasunt

204 2404 211 2411 ’
236 2412 383 2495 quatuor
417 2406 562 2495 praedia
597 2406 780 2495 militaria,
808 2406 851 2477 de
879 2407 1003 2495 quibus
1039 2408 1199 2477 omnibus
1226 2407 1374 2478 solvitur
1400 2406 1535 2495 decima
1560 2408 1786 2496 manipularis

234 2532 268 2595 et
300 2527 478 2617 canapalis
518 2527 682 2633 ecclesiae
723 2531 759 2596 et
794 2526 942 2617 plebano
979 2527 1015 2597 in
1052 2526 1331 2616 Mironicze,
1366 2528 1464 2598 cuius
1500 2528 1598 2598 valor
1632 2528 1677 2597 ad
1711 2534 1785 2598 tres

123 2642 126 2649 ⁴
234 2666 375 2717 marcas.

334 2763 668 2857 P1snoazowrczn,
698 2768 782 2839 villa
816 2769 880 2839 (1111
915 2768 1080 2857 parochia
1115 2766 1159 2837 de
1185 2767 1214 2836 P
1222 2768 1541 2857 yotrlrowioze
1566 2769 1654 2858 sita,
1681 2771 1778 2839 cuius

235 2888 400 2959 haeredes
428 2888 586 2959 Pakosch
613 2888 806 2959 Stanislaus
832 2894 869 2957 (1
893 2887 1112 2978 Dyonyssius
1139 2888 1226 2958 alias
1252 2888 1429 2979 Dzywysz,
1456 2890 1685 2979 permonita
1713 2910 1782 2979 qua

236 3010 297 3080 soli
323 3010 460 3081 nobiles
487 3010 618 3080 colunt
634 3030 737 3099 agros
764 3008 1016 3099 cmethonaleS,
1043 3009 1086 3078 de
1114 3009 1239 3099 quibus
1266 3008 1405 3080 solvunt
1430 3009 1597 3079 decimam
1623 3010 1780 3100 manipu-

235 3131 341 3201 larem
371 3132 536 3203 ecclesiae
563 3133 598 3201 in
626 3131 893 3219 Mironicze,
922 3131 1018 3201 cuius
1045 3130 1144 3200 valor
1170 3130 1373 3200 aestimatur
1400 3130 1444 3200 ad
1463 3131 1610 3200 mediam
1629 3151 1779 3201 marcam

335 3254 620 3325 Bocznowrczs
651 3252 799 3344 Maron,
826 3252 908 3324 villa
944 3253 1008 3323 sub
1043 3252 1210 3342 parochia
1244 3252 1287 3323 de
1323 3251 1473 3324 Parva
1498 3252 1682 3323 Xansch
1710 3253 1787 3342 sita,
1898 3315 1905 3322 .

236 3377 329 3446 cuius
367 3376 494 3446 haeres
521 3375 685 3445 Nicolans
712 3373 1052 3464 Kowalowsky,
1080 3375 1115 3443 in
1144 3394 1212 3463 qua
1238 3380 1320 3444 suut
1345 3374 1437 3444 lanei
1464 3374 1716 3462 cmethonalesr,
1743 3373 1787 3443 de

236 3498 357 3586 quibus
390 3497 547 3567 omnibus
577 3497 723 3568 solvitur
749 3496 886 3566 decima
909 3493 1134 3584 manipularis
1161 3501 1197 3564 et
1223 3495 1398 3584 canapalis
1430 3495 1594 3565 ecclesiae
1621 3495 1657 3564 in
1685 3494 1787 3564 Par-

235 3639 286 3687 va
320 3617 529 3706 Xansch;
565 3619 649 3687 item
685 3623 740 3687 est
773 3617 824 3687 ibi
859 3615 1039 3704 praedium
1076 3615 1246 3704 militare,
1273 3617 1316 3686 de
1352 3617 1449 3686 cuins
1476 3616 1570 3704 agris
1597 3615 1789 3686 decimatur

237 3739 403 3809 ecclesiae
430 3739 465 3824 in
491 3737 757 3837 Mironicze,
784 3743 821 3807 (1
848 3737 947 3807 valor
974 3735 1178 3807 aestimatur
1204 3736 1249 3806 ((1
1275 3741 1349 3806 tres
1375 3756 1519 3806 marcas.

339 3859 622 3930 Boczuowrczu
658 3857 804 3947 Minoa,
840 3857 925 3928 villa
960 3857 1023 3927 sub
1059 3857 1226 3946 parochia
1261 3857 1305 3926 de
1330 3856 1480 3927 Parva
1506 3855 1539 3925 X
1547 3876 1683 3946 yausz
1710 3857 1788 3945 sita,

239 3981 333 4050 caius
369 3979 538 4050 haeredes
575 3979 739 4050 Nicolaus
775 3977 1095 4066 Kowalowsky
1130 3984 1167 4047 et
1201 3977 1366 4047 Nicolaus
1402 3977 1605 4048 Mleczin
1632 3978 1675 4047 de
1702 3975 1787 4046 Μ(-

238 4121 425 4191 czyeow,
453 4101 489 4170 in
517 4120 585 4190 qua
611 4105 692 4170 (11111
717 4100 809 4169 lanei
837 4076 1079 4187 cmetlmnales,
1104 4097 1289 4187 dequibus
1309 4098 1454 4168 solvitur
1473 4098 1637 4168 ecclesiae
1656 4098 1789 4168 decima

237 4221 271 4291 in
297 4221 475 4292 Minori
502 4220 663 4291 Xansz.
689 4221 778 4291 ltem
804 4198 957 4310 praedia,
984 4220 1026 4289 de
1054 4217 1179 4308 quibus
1206 4219 1364 4289 omnibus
1392 4219 1539 4290 solvitur
1566 4223 1601 4289 et
1628 4219 1789 4290 conduci-

237 4349 293 4413 tur
319 4342 456 4413 decima
481 4341 707 4431 manipularis
734 4347 770 4412 (1
796 4340 971 4429 canapalis
999 4339 1163 4410 ecclesiae
1189 4339 1226 4408 in
1252 4338 1522 4409 Mironicze.
1830 4336 1834 4342 ’

340 4463 638 4552 Prscznnrnor,
674 4461 757 4533 villa
792 4462 856 4531 (1111
887 4461 1052 4550 parochia
1079 4460 1121 4529 de
1149 4459 1444 4531 Slaboschcw
1471 4461 1555 4548 sita,
1583 4460 1680 4529 cuius
1706 4459 1789 4528 hae-

237 4584 337 4655 redes
375 4583 554 4654 Johanncs
590 4589 626 4654 et
661 4582 854 4653 Stanislaus
889 4581 1063 4671 germani,
1091 4581 1134 4650 de
1162 4581 1263 4651 dumo
1291 4579 1523 4671 Godulya,
1550 4580 1586 4650 in
1614 4601 1685 4674 qua¹
1708 4585 1790 4650 (11111

237 4705 326 4776 1(11(1
354 4704 599 4795 (111(1111111(1((,
626 4703 669 4774 de
696 4704 821 4793 quibus
849 4703 1010 4774 omnibus
1037 4701 1185 4772 solvitur
1211 4702 1344 4772 decima
1368 4701 1594 4790 manipularis
1613 4703 1790 4790 episcopa-

238 4826 288 4896 tui
315 4825 547 4915 cracoviensi,
576 4823 673 4895 cuius
700 4825 799 4896 valor
825 4823 870 4894 ad
897 4829 1046 4913 quatuor
1072 4843 1229 4911 marcas;
1256 4823 1338 4893 item
1365 4828 1419 4892 ((1
1436 4823 1485 4893 ibi
1504 4822 1683 4911 praedium
1701 4821 1790 4890 mili-

238 4951 323 5038 tare,
352 4947 396 5018 de
424 4947 521 5016 cuius
548 4947 643 5036 agris
671 4945 859 5016 decimatur
886 4945 922 5014 iu
949 4944 1217 5034 Mironicze,
1244 4943 1371 5016 valoris
1398 4944 1501 5025 unius
1527 4963 1672 5013 marcae.

428 5280 596 5365 Erectio
628 5280 842 5365 eccleciae
875 5279 1128 5388 parochialis
1161 5279 1329 5362 invilla
1364 5277 1610 5362 Mironicze.

341 5558 384 5631 In
411 5558 548 5632 nomine
573 5557 714 5631 Domini
749 5557 869 5629 Amen.
909 5556 1076 5646 Quoniam
1113 5556 1245 5646 omnia,
1281 5575 1368 5646 quae
1402 5555 1466 5627 sub
1487 5561 1660 5646 tempore
1694 5555 1790 5647 fiunt,

240 5682 340 5752 simul
377 5685 454 5752 crim
488 5687 644 5778 tempore
672 5681 927 5770 contigescunt,
955 5680 1022 5749 nisi
1053 5679 1234 5749 literarum
1270 5679 1424 5768 apicibus
1460 5680 1530 5748 sint
1564 5679 1790 5768 perhennata,
