4550 6600
1709 782 1782 852 561

145 971 148 975 ¹
227 1002 240 1070 ἶ
335 990 587 1080 Busrazvczl,
615 988 699 1061 villa
725 989 790 1062 sub
816 988 985 1089 parochia
1011 986 1055 1059 de
1081 988 1158 1060 We
1168 988 1437 1087 yczeszkov
1464 988 1550 1079 sita,
1577 988 1674 1061 errius
1701 988 1808 1059 hae-r

228 1134 293 1185 res
319 1111 498 1185 lohannes
526 1109 816 1202 Goszaczsky
842 1109 886 1181 de
911 1110 1019 1181 armis
1044 1110 1243 1213 Dolyva.
1269 1110 1310 1181 ln
1329 1130 1398 1200 qua
1416 1114 1498 1182 sunt
1519 1110 1612 1182 lanei
1630 1110 1783 1205 ematho-

223 1234 337 1324 nalcs,
363 1233 407 1305 de
433 1233 559 1324 quibus
585 1232 734 1306 solvitur
761 1236 797 1303 et
823 1232 1028 1305 conducitur
1054 1231 1201 1303 decima.
1215 1225 1442 1321 manipularis
1459 1234 1496 1303 et
1514 1232 1690 1321 canapalis
1717 1252 1781 1321 pro
1874 1248 1876 1255 ’

222 1357 433 1447 episcopatu
459 1354 690 1444 cracoviensi,
716 1344 820 1426 cuius
840 1354 940 1425 valor
965 1353 1171 1425 aestimatur
1197 1352 1243 1424 ed
1269 1356 1418 1445 quatuor
1444 1371 1588 1423 mareas.
1613 1352 1702 1423 Item
1728 1356 1783 1427 est

220 1478 280 1550 ibi
305 1498 411 1549 unum
438 1476 637 1573 praedium,
673 1476 717 1549 de
744 1497 813 1566 quo
840 1475 1034 1547 decimatur
1058 1456 1225 1548 ecclesiae
1251 1473 1288 1545 in
1315 1472 1658 1564 Woczeszkovv,
1685 1475 1782 1547 cuius

222 1600 328 1671 valor
354 1599 559 1670 resumatur
585 1597 629 1671 ad
656 1597 745 1670 duas
770 1618 916 1669 marcas.
1038 1652 1050 1664 ,

332 1720 465 1791 Pnnvn
491 1720 755 1810 Rnnonzrscn,
783 1719 867 1791 villa
883 1720 948 1791 sub
966 1718 1132 1809 parochia
1154 1717 1198 1789 de
1225 1717 1547 1789 Woczeszlrow
1574 1717 1652 1807 site,
1680 1716 1778 1791 cuius

220 1844 352 1916 haeres
378 1842 543 1915 Nicolaus
570 1842 869 1934 Szolryeszky
894 1841 938 1913 de
956 1841 1062 1912 armis
1089 1838 1112 1912 J
1122 1861 1175 1910 an
1185 1861 1278 1931 yna
1305 1838 1346 1911 In
1370 1859 1438 1929 qua
1465 1843 1547 1917 sunt
1573 1838 1665 1909 lanei
1692 1860 1782 1910 eme-

221 1966 407 2055 thouales,
425 1964 478 2043 de
506 1964 630 2055 umbus
657 1964 804 2037 solvitur
830 1968 868 2035 et
894 1962 1100 2059 conducitur
1127 1961 1261 2033 decimu
1287 1950 1577 2051 manipulariset
1604 1960 1781 2051 canapalis

221 2109 312 2178 pro
320 2088 522 2179 episcopatu
548 2085 786 2176 Οιιιοιιιιιεί,
806 2086 905 2157 cuius
922 2084 1022 2156 valor
1048 2084 1212 2155 aestimat
1210 2103 1253 2215 ur
1195 2082 1324 2155 tad
1350 2103 1419 2173 qua
1418 2086 1498 2155 tuor
1523 2102 1668 2154 marcas.
1694 2082 1781 2153 Item

221 2211 279 2285 ibi
305 2208 567 2302 praedium...
586 2209 705 2299 ,item
732 2204 950 2279 crescitur...

333 2331 478 2403 Wonva
510 2331 819 2420 Brsrnzvczsua,
856 2328 942 2401 villa
976 2327 1041 2399 sub
1077 2326 1245 2416 parochia
1280 2324 1323 2396 de
1349 2324 1751 2397 Woczeszkowt
1704 2325 1780 2413 sita,

221 2455 326 2526 euius
352 2454 475 2524 haeres
501 2451 679 2542 praelatus
704 2451 883 2523 lohannes
917 2446 1157 2539 Gosezslry
1192 2448 1236 2519 de
1263 2448 1370 2519 armis
1405 2446 1603 2537 Dolyva.
1646 2445 1687 2515 In
1714 2466 1782 2535 qua
1902 2500 1910 2511 1,
2005 2506 2013 2517 ,

221 2581 311 2647 sunt
335 2575 427 2646 lanei
453 2572 698 2661 emethonales,
725 2573 769 2643 de
795 2571 919 2663 quibus
945 2570 1095 2643 solvitur
1112 2573 1149 2641 et
1167 2568 1371 2641 conducitur
1398 2567 1531 2639 decima
1557 2587 1621 2657 pro
1648 2566 1782 2657 episco-

220 2701 312 2787 patu
339 2695 576 2785 Graeoviensi,
614 2698 650 2767 et
666 2694 774 2765 valor
799 2679 886 2765 eius*
910 2691 956 2763 ad
983 2696 1135 2782 quatuor
1160 2710 1303 2761 mareas.
1348 2690 1449 2761 Hanc
1476 2690 1581 2761 etiam
1613 2688 1781 2761 decimam

222 2818 461 2909 Sbigneus
496 2817 680 2907 episeopus
706 2814 949 2887 Oracoviensis
984 2834 1069 2885 suae
1105 2832 1246 2884 mensae
1272 2812 1530 2903 appropriavit,
1566 2810 1712 2881 ecelesia
1738 2809 1781 2881 de

130 3010 133 3017 ,
221 2940 575 3029 Thuclrow'yecz
602 2937 680 3008 aliis
707 2935 849 3008 decimis
867 2954 1007 3007 mensae
1033 2933 1241 3025 episcopalis
1268 2936 1538 3005 contentatat
1504 2931 1594 3004 Item
1611 2931 1661 3003 ibi
1678 2951 1780 3022 prae-

221 3061 403 3133 dium...
420 3060 540 3149 ,item
566 3057 729 3138 moechm

332 3180 499 3272 Gomon,
525 3181 609 3252 villa
635 3181 699 3252 sub
725 3180 894 3270 parochia
914 3178 964 3250 de
982 3176 1307 3249 Woczeazkovv
1335 3176 1412 3266 rita,
1441 3175 1538 3247 cuius
1563 3174 1688 3245 haeres
1715 3172 1780 3245 Pe-

220 3311 304 3377 trus
330 3303 501 3376 Gzolek
528 3303 800 3395 Byelynsky
827 3301 871 3374 de
897 3301 1003 3373 armis
1031 3300 1297 3372 Taurorum
1325 3299 1366 3370 ln
1386 3301 1554 3388 quarunt
1579 3295 1781 3367 laneieme-

220 3426 396 3516 thonales,
436 3425 480 3497 da
507 3425 632 3516 quibus
659 3425 807 3496 solvitur
833 3429 870 3496 et
896 3422 1102 3495 conducitur
1127 3421 1263 3493 decima
1288 3419 1579 3510 manipulariset
1605 3417 1780 3507 canapalis
1891 3433 1895 3438 ·

220 3567 291 3638 pro
316 3548 517 3638 episcopatu
543 3545 777 3635 Gracoviensi,
804 3552 841 3617 et
857 3544 957 3616 valor
975 3544 1050 3616 eius
1068 3543 1114 3615 ad
1132 3547 1266 3632 septem
1284 3561 1420 3612 marcas
1440 3540 1654 3612 aestimatur.
1681 3537 1782 3609 Hanc

220 3671 331 3741 etiam
357 3668 598 3759 appropriavit
623 3666 855 3758 Sbigneus
887 3664 1075 3748 cardinalis
1101 3669 1138 3735 et
1165 3663 1346 3754 episcopus
1374 3660 1614 3734 Oracoviensis
1641 3679 1780 3730 mensae

220 3789 424 3880 episcopali,
451 3788 598 3860 eeclesia
615 3787 652 3859 in
670 3788 1016 3878 Thuchovvyecz
1043 3788 1257 3857 contenteta.
1284 3783 1371 3855 Item
1391 3783 1441 3854 ibi
1459 3781 1677 3872 praedium...,
1697 3779 1780 3850 item

219 3908 377 3981 mancare
377 3963 521 3980 ......

899 4027 1101 4100 chzrvvon.

328 4151 501 4244 Oppidum
529 4151 697 4224 habens
688 4173 722 4222 ιιι
751 4172 789 4222 se
815 4149 996 4221 eeclesiam
1024 4147 1264 4239 parochialem
1285 4147 1451 4238 ligneam,
1478 4143 1625 4218 Sanctae
1651 4142 1778 4216 Gathe-

219 4275 322 4348 rinae
348 4275 477 4365 virgini
502 4278 540 4347 et
564 4273 710 4364 martyri
735 4271 949 4363 dimtamm

795 4585 797 4588 y
873 4495 1126 4568 onrnnvvvu.

328 4637 423 4710 Villa
449 4638 581 4710 habens
608 4639 645 4708 in
672 4658 710 4710 se
736 4635 972 4726 parochialem
999 4627 1188 4724 emlesiam,
1214 4633 1325 4704 latere
1344 4637 1441 4704 cocto
1468 4652 1533 4722 per
1559 4630 1777 4704 reverendis-

219 4762 350 4834 simum
377 4760 458 4832 olim
485 4764 621 4850 patrem
656 4759 905 4849 Sbigueum
935 4756 1135 4846 episcopum
1170 4753 1433 4826 Gracoviensem
1468 4753 1700 4844 pulcherrime
1726 4752 1777 4824 la-

219 4883 413 4971 bricatam,
448 4886 486 4954 ct
512 4882 549 4952 iu
575 4880 735 4952 omnibus
771 4878 927 4969 partibus
962 4878 1034 4948 suis
1069 4875 1340 4966 testudinatam,
1376 4895 1477 4966 quam
1515 4896 1553 4947 se
1589 4874 1778 4947 devoverat

219 5025 326 5076 muro
360 5003 627 5093 fabricaturum,
664 5003 695 5074 si
729 5001 766 5072 in
801 4999 1040 5091 pontificatum
1084 4996 1367 5088 Graeoviensem,
1411 5002 1516 5087 prout
1550 5002 1587 5069 et
1623 4997 1777 5087 contigit,

154 5146 159 5156 ’
223 5124 360 5198 inisset
385 5130 585 5215 promotus,
612 5143 761 5214 arguens
788 5123 825 5193 in
851 5120 955 5194 eorde
983 5138 1045 5192 suo
1072 5123 1268 5192 massacius
1305 5117 1551 5216 Gracovienses
1586 5117 1778 5209 pontifices,

169 5319 173 5326 .
221 5245 316 5336 quod
351 5247 463 5332 locum
499 5252 571 5318 tarn
606 5247 777 5336 insignem
817 5243 917 5317 Petri
950 5241 1073 5315 militis
1108 5241 1396 5332 resuscitatione,
1432 5261 1496 5332 per
1532 5240 1777 5312 Beatissimum

221 5366 435 5440 Stanislaum
461 5373 542 5458 post
568 5367 769 5459 triennium,
782 5365 890 5457 facta,
917 5370 954 5438 et
970 5364 1040 5437 illis
1058 5383 1277 5456 magnopere
1304 5383 1518 5453 succensens,
1546 5362 1638 5454 quod
1664 5361 1777 5434 locum

219 5487 320 5560 illum
346 5509 446 5560 muro
473 5510 542 5560 non
570 5494 762 5579 ornassent,
790 5486 852 5560 sed
878 5492 978 5559 tanto
1004 5491 1181 5578 tempore,
1209 5505 1252 5558 ex
1279 5505 1346 5576 quo
1375 5484 1446 5556 illic
1472 5484 1651 5560 suscitatio
1678 5482 1777 5554 Petri

218 5630 285 5700 per
309 5610 557 5683 Beatissimum
574 5610 784 5684 stanislaum
801 5608 895 5682 facta
912 5613 975 5700 eat,
1002 5607 1263 5700 corruptibilem
1283 5607 1462 5678 materiam
1489 5607 1638 5698 ligneam
1666 5605 1775 5676 eccle-

222 5732 312 5804 siam
338 5732 469 5806 habere
495 5733 747 5824 permisissent.
772 5732 979 5825 Antiquitas
1005 5735 1123 5806 autem
1150 5729 1296 5804 eeclesia
1322 5728 1487 5822 praelata·
1505 5727 1622 5802 dicata
1647 5727 1714 5801 iuuit
1740 5731 1776 5799 et

327 5899 375 5941 hir.
392 5898 491 5942 Βοιιοίο.
500 5899 533 5941 11.
977 5913 983 5924 ·
1582 5879 1616 5928 71
