4550 6600
966 1109 1348 1172 ARCHIDIACONATUS
1371 1110 1645 1170 LUBLINENSIS.
1701 1158 1704 1163 ,

630 1249 942 1322 Archidiaconatus
978 1250 1200 1321 Luhlinensis
1238 1250 1282 1320 ob
1310 1250 1550 1319 necessitatem
1588 1270 1749 1338 magnam
1783 1252 1919 1318 creatus
1952 1254 1999 1319 est
2026 1256 2053 1322 et
2132 1258 2133 1267 ’

526 1371 708 1461 fundatus,
736 1371 952 1468 deecclesia
978 1372 1169 1461 parochiali
1205 1369 1408 1443 Luhlinensi
1435 1368 1552 1440 Sancti
1580 1369 1781 1457 Michaelis,
1811 1390 1899 1459 quae
1924 1376 1994 1440 erat
2016 1372 2052 1442 ibi

526 1495 758 1583 abantiquo,
795 1497 831 1563 et
857 1494 953 1563 cuius
991 1492 1130 1563 collatio
1158 1497 1194 1563 et
1220 1493 1481 1581 iuspatronatus
1510 1490 1552 1561 ad
1581 1492 1777 1580 episcopum
1815 1489 2053 1562 Gracouiensem

525 1638 568 1686 ex
596 1616 739 1705 antiqno
766 1616 983 1703 pertinebat,
1019 1616 1055 1685 in
1083 1615 1179 1684 cuius
1208 1614 1343 1704 signum
1371 1613 1684 1701 evidentissimum,
1721 1612 1978 1683 archidiaconus
2001 1614 2055 1684 Lu·

526 1738 693 1808 blinensis
720 1757 783 1825 pro
811 1741 984 1825 tempore,
1021 1736 1201 1807 ecclesiam
1229 1735 1461 1824 parochialem
1490 1734 1609 1805 Sancti
1636 1734 1819 1804 Michaelis
1846 1734 1883 1803 in
1909 1733 2054 1807 Lublin

527 1881 589 1929 sno
619 1858 713 1947 iure,
740 1878 804 1947 pro
832 1858 992 1946 qnalibet⁴
1022 1858 1203 1927 vacatione
1241 1856 1456 1943 corrferebat3
1494 1855 1555 1927 sed
1583 1856 1761 1927 abstracta
1787 1859 1842 1925 est
1869 1855 1934 1924 sibi
1958 1856 2055 1927 huius-

527 1980 622 2051 modi
656 1980 812 2067 collatio,
850 1984 886 2048 et
921 1999 984 2067 per
1018 1957 1210 2067 potentiam
1246 1978 1418 2067 regalem,
1455 1981 1490 2047 et
1525 1998 1588 2066 per
1624 1977 1831 2047 sententiam
1869 1974 2055 2048 definitivam

526 2101 696 2172 lobannis
724 2098 1045 2190 Grusczinsky
1072 2099 1313 2201 Graeoviensis
1342 2105 1377 2169 et
1404 2098 1574 2170 Johannis
1611 2096 1879 2169 Lnthhonis
1906 2096 2054 2170 1116611616-

527 2223 656 2294 niensis
684 2222 932 2311 episcoporum.
958 2220 1077 2291 Habet
1103 2227 1220 2291 autem
1248 2222 1312 2291 sub
1341 2241 1377 2290 se
1396 2222 1471 2310 ipse
1499 2216 1800 2290 archidiaconatus
1828 2218 1945 2307 plures
1970 2220 2055 2290 eccle·

528 2345 608 2431 sias,
630 2349 774 2438 propter
792 2349 1004 2413 crementum
1022 2344 1223 2413 continuum
1242 2347 1358 2413 terrae
1376 2341 1616 2429 Luhlinensis,
1644 2340 1679 2410 in
1699 2360 1767 2429 qua
1785 2360 1899 2410 novae
1917 2341 2055 2411 ecclesiae

528 2466 745 2555 parochiales
782 2470 1013 2554 consurgunt,
1049 2469 1085 2534 et
1120 2464 1207 2534 fines
1244 2464 1546 2534 archidiaconatus
1582 2462 1636 2532 sui
1671 2461 1864 2533 tenduntur
1899 2462 2056 2552 usquead

528 2588 694 2659 terminos
731 2586 954 2657 Brzescensis
981 2591 1016 2655 et
1042 2586 1257 2656 Chelmensis
1294 2585 1510 2656 dioecesium.
1552 2582 1656 2653 Curius
1693 2582 1956 2653 archidiaconus
1986 2604 2057 2653 nunc

526 2714 581 2778 est
608 2706 799 2796 Gregorius
826 2706 1035 2777 Lithwos
1063 2707 1105 2776 de
1133 2706 1234 2777 domo
1263 2685 1675 2795 Grzyma'litarum,
1704 2703 1854 2793 praelati
1884 2710 1990 2775 autem
2013 2726 2056 2775 ar·
2132 2776 2133 2781 ,

526 2828 787 2899 chidiaconatus
814 2828 978 2898 introitus
1006 2834 1042 2897 et
1068 2834 1274 2917 proventus,
1303 2828 1371 2897 iam
1399 2848 1462 2916 per
1479 2846 1543 2897 nos
1562 2826 1728 2915 descripti
1755 2830 1838 2896 sunt
1864 2826 1901 2895 in
1926 2832 2056 2915 regestro
2132 2824 2133 2873 1

527 2950 748 3020 ecclesiarum
776 2950 1056 3039 collegiatarum,
1084 2954 1119 3019 et
1147 2948 1225 3019 ideo
1253 2950 1332 3019 illos
1359 2949 1416 3018 hic
1443 2948 1652 3037 omittimus,
1680 2947 1786 3043 etad
1813 2947 2055 3035 descriptionem
2132 2930 2133 2959 ³

527 3071 777 3161 parochialium
804 3071 1027 3141 ecclesiarum
1055 3070 1139 3140 dicti
1166 3069 1469 3140 archidiaconatus
1496 3066 1731 3156 procedemus

1228 3295 1382 3369 Lunum.

630 3419 803 3509 Oppidum
830 3419 961 3490 babens
989 3420 1026 3488 in
1044 3439 1081 3489 se
1108 3419 1343 3508 parochialem
1370 3417 1551 3490 ecclesiam
1579 3424 1675 3499 cocto
1703 3417 1834 3506 latere,
1864 3417 1907 3487 de
1934 3416 2054 3486 eleemo-

528 3542 623 3632 synis
650 3541 777 3612 civium
804 3547 985 3630 muratam,
1014 3546 1049 3612 et
1075 3540 1201 3612 Sancto
1229 3539 1394 3610 Michaeli
1422 3539 1642 3629 Archangelo
1670 3539 1838 3624 dicatam,
1881 3541 1973 3609 cuins
1995 3559 2056 3626 pro

527 3664 660 3752 pristas
687 3669 722 3734 et
749 3663 937 3733 dominium
964 3662 1008 3732 ad
1036 3662 1291 3734 serenissimum
1320 3660 1485 3732 Poloniae
1512 3681 1630 3750 regem
1657 3662 1818 3750 pertinet.
1848 3660 1892 3730 In
1916 3677 1979 3750 quo
1995 3663 2055 3729 sunt

527 3786 603 3874 agri
630 3785 880 3874 oppidanorum
909 3789 944 3854 et
970 3785 1247 3855 suburbanorum
1275 3782 1317 3854 ad
1338 3835 1451 3852 .....
1470 3783 1587 3854 laneos
1615 3783 1781 3870 extimati,
1808 3787 1845 3852 et
1873 3781 1915 3852 de
1933 3786 2054 3869 utroque

527 3907 693 3978 suburbio
729 3907 877 3977 solvitur
904 3912 940 3976 et
968 3906 1172 3976 conducitur
1208 3901 1341 3974 decima
1376 3905 1601 3993 manipularis
1637 3910 1673 3974 et
1700 3903 1878 3992 canapalis
1915 3901 2052 3972 ecclesiae

529 4027 647 4098 Sancti
672 4027 854 4098 Michaelis
881 4028 917 4096 in
944 4026 1132 4114 Lublin,
1170 4031 1204 4096 et
1230 4026 1330 4096 valor
1356 4026 1429 4096 eius
1457 4026 1662 4096 aestimatur
1689 4024 1734 4095 ad
1760 4024 1913 4096 sedecim
1939 4041 2055 4098 marcas.

529 4149 617 4218 Item
652 4149 759 4218 habet
795 4148 939 4218 ecclesia
965 4154 1001 4217 et
1027 4148 1197 4236 plebanus
1234 4151 1314 4216 ante
1352 4145 1515 4235 oppidum
1551 4146 1766 4235 praedictum
1793 4144 1971 4234 praedium
1994 4161 2055 4231 pro

528 4270 652 4360 prium,
679 4269 724 4340 ad
750 4275 823 4340 tres
850 4271 968 4340 laneos
996 4269 1232 4341 cmethonales
1260 4268 1490 4356 aestimatum,
1518 4289 1582 4357 pro
1600 4287 1665 4338 usn
1692 4273 1727 4339 et
1752 4267 1967 4338 necessitate.
1990 4265 2056 4334 lten

527 4392 635 4462 habet
663 4391 799 4462 domum
828 4391 1038 4462 coemeterio
1065 4390 1330 4462 confrontatam.
1358 4391 1445 4460 Item
1472 4390 1508 4459 in
1536 4389 1702 4460 suburbio
1730 4409 1854 4460 versus
1881 4384 2055 4458 Dlothli·

528 4535 622 4602 cze,
650 4518 732 4584 sunt
758 4514 904 4602 triginta
931 4519 966 4582 et
993 4512 1062 4584 duo
1089 4513 1189 4600 lanei,
1218 4511 1413 4601 dequibus
1440 4511 1703 4582 archidiaconns
1722 4509 1943 4580 Luhlinensis
1967 4505 2053 4596 perci-

527 4636 581 4723 pit
608 4634 774 4705 decimam
801 4634 1069 4722 manipularem,
1105 4654 1148 4704 ex
1176 4633 1253 4703 aliis
1280 4631 1389 4704 laneis
1417 4633 1571 4704 eiusdem
1599 4631 1756 4703 suburbii
1787 4630 1939 4720 percipit
1962 4646 2055 4698 mona·

528 4756 673 4827 sterium
709 4755 855 4826 Sanctae
892 4754 1012 4826 Crucis
1049 4753 1178 4824 Calvi
1215 4753 1409 4840 Montis3
1446 4754 1530 4824 item
1564 4771 1606 4824 ex
1634 4752 1744 4822 laneis
1781 4751 1901 4822 decem
1927 4755 1961 4819 et
1985 4751 2053 4830 octo,
2132 4729 2133 4732 ¹

527 4877 675 4966 percipit
702 4877 848 4946 eeclesia
874 4875 1096 4947 Luhlinensis
1123 4875 1292 4946 decimam
1318 4875 1578 4964 manipularem,
1606 4893 1650 4944 ex
1677 4872 1837 4944 undecim
1863 4892 1946 4942 vero
1970 4867 2056 4938 laneis

528 5019 634 5088 supra
651 4998 791 5068 fluvium
811 4982 1093 5086 Bys'trzicza
1119 4997 1207 5084 sitis,
1226 4995 1441 5085 pecunialem
1460 4995 1609 5084 percipit
1626 4995 1808 5084 episcopus
1833 4988 2056 5064 cracoviensis-

630 5118 840 5206 Morrncza,
867 5117 951 5188 villa
978 5118 1042 5188 sub
1069 5118 1235 5206 parochia
1261 5117 1304 5188 de
1331 5117 1505 5188 Lublin
1532 5117 1616 5204 sita,
1653 5115 1751 5186 cuius
1777 5115 1903 5186 haeres
1929 5110 2053 5184 Jacobs

526 5240 726 5312 Zaklika
752 5240 796 5310 de
822 5241 927 5310 armis
955 5239 1273 5328 Bippennium.
1300 5238 1340 5308 In
1360 5259 1429 5327 qua
1447 5245 1529 5308 sunt
1550 5237 1643 5308 lanei
1670 5235 1914 5323 cmethonales,
1940 5233 1979 5304 dc
2000 5228 2055 5318 qad-

527 5365 593 5434 bus
621 5363 768 5434 soluitur
795 5362 928 5432 decima
953 5359 1146 5450 pecunialis
1174 5380 1237 5449 pro
1264 5361 1466 5449 episcopatu
1490 5358 1721 5446 cracoviensi,
1749 5357 1791 5428 de
1817 5357 1919 5428 laneo
1944 5373 2056 5444 per...

526 5485 616 5556 Item
643 5488 697 5554 est
722 5484 773 5554 ibi
799 5482 981 5572 praedium
1008 5482 1177 5570 militare,
1219 5481 1262 5551 de
1289 5481 1386 5551 cuins
1414 5481 1513 5552 laneo
1541 5501 1609 5552 uno
1637 5479 1785 5578 solvitur
1812 5477 1946 5550 decima
1969 5469 2051 5542 mani·

528 5605 670 5694 pulcris,
702 5604 869 5676 ecclesiae
897 5609 933 5672 et
958 5603 1107 5692 plebano
1135 5602 1253 5673 Sancti
1280 5601 1464 5672 Michaelis
1491 5602 1526 5671 in
1554 5600 1731 5678 Lublin.
