4550 6600
493 744 544 817 80

595 949 846 1041 Kosoznvovv,
884 949 968 1023 villa
994 949 1059 1025 sub
1085 948 1253 1043 parochia
1277 949 1321 1023 de
1346 946 1704 1042 Raczslavycze
1730 946 1809 1040 sita
1837 947 1936 1021 cuins
1961 966 2045 1040 pro-

493 1072 623 1163 prietas
655 1071 699 1143 ad
724 1073 972 1144 monasterium
998 1070 1269 1163 Zvvyerzynense
1294 1071 1427 1143 ordinis
1461 1070 1853 1161 praemonstratensium
1878 1070 2045 1160 pertinet,

491 1193 624 1284 inqua
659 1192 851 1284 quindecim
888 1192 981 1265 lanei
1016 1192 1268 1282 cmethonales,
1303 1192 1387 1263 item
1420 1192 1567 1263 taberna
1591 1212 1681 1282 una,
1712 1190 1795 1262 item
1820 1188 2044 1262 hortulaniue

491 1317 647 1405 quatuor,
674 1312 842 1385 habentes
870 1334 988 1404 agros,
1014 1312 1098 1385 item
1125 1312 1294 1401 scoltetia,
1320 1312 1453 1385 habens
1480 1316 1628 1404 quatuor
1653 1312 1782 1401 laneos,
1807 1310 1891 1383 item
1917 1311 2042 1383 hortu-

491 1432 617 1504 laniam
644 1454 748 1505 unam
773 1434 898 1523 habet,
925 1433 1111 1524 dequibus
1137 1433 1297 1505 omnibus
1324 1432 1471 1505 solvitur
1497 1438 1534 1504 et
1551 1430 1755 1505 conducitur
1772 1430 1904 1503 decima
1930 1430 2044 1501 mani-

491 1552 622 1644 pularis
649 1558 685 1625 et
711 1554 886 1644 canapalis
919 1573 984 1644 pro
1010 1553 1211 1643 praebenda
1235 1551 1458 1624 Gracoviensi
1484 1552 1578 1625 dicta
1601 1536 1853 1642 Zalrrzovvslra,
1879 1556 1917 1639 qt
1942 1550 2045 1623 valor

492 1662 546 1747 ad'
554 1674 677 1763 viginti
703 1694 837 1745 marcas
864 1675 1076 1746 aestimatur.
1115 1672 1203 1745 Item
1229 1678 1285 1745 est
1310 1672 1492 1764 praedium
1517 1672 1734 1762 coenobiale,
1760 1672 1920 1743 deonna
1947 1672 2045 1761 agris

338 1817 341 1823 ·
490 1814 555 1885 pro
583 1814 620 1866 se
645 1793 738 1865 tollit
763 1794 938 1867 decimam.

1152 1914 1381 1986 Znnnsvezn.

595 2032 698 2126 Villo,
732 2034 866 2106 habens
893 2034 1073 2105 ecclesiam
1098 2034 1333 2124 parochialem
1359 2035 1460 2106 inse
1486 2034 1650 2124 ligneam,
1677 2030 1784 2104 Sanct
1802 2086 1916 2102 .....
1943 2030 2042 2103 dica-
2133 2094 2142 2103 .

491 2159 580 2245 tam,
615 2155 712 2226 cuius
738 2155 870 2253 haeres
906 2153 1075 2245 Nenayko
1101 2152 1477 2245 Wyeloglovsky
1511 2154 1555 2225 de
1590 2153 1692 2225 domo
1729 2152 2043 2243 Antiqnornm

491 2272 741 2365 Equorum,
768 2275 804 2345 in
832 2294 900 2364 qua
926 2279 1008 2345 sunt
1027 2279 1176 2364 quatuor
1194 2294 1271 2345 cum
1289 2274 1402 2346 medio
1428 2274 1521 2345 lanei
1546 2273 1792 2365 emethonales,
1818 2272 1903 2344 item
1919 2272 2041 2343 taber-

491 2414 575 2483 nae,
610 2394 694 2465 item
720 2394 956 2485 hortulaniae,
992 2394 1035 2465 de
1071 2394 1196 2485 quibus
1231 2395 1390 2468 omnihus
1425 2394 1572 2466 solvitur
1605 2398 1644 2465 et
1668 2392 1872 2465 conducitur
1906 2392 2043 2463 decima

491 2514 716 2605 manipularis
743 2520 779 2587 et
805 2514 980 2606 canapalis
1014 2534 1079 2606 pro
1106 2516 1335 2587 universitate
1369 2514 1682 2587 mansionariorum
1716 2514 1883 2586 ecclesiae
1918 2513 2042 2584 cathe-

492 2634 600 2706 dralis
627 2633 876 2726 tirasonensis,
904 2640 940 2707 et
966 2635 1065 2707 valor
1092 2634 1167 2706 eius
1194 2636 1396 2708 aestimatur
1422 2635 1467 2706 ud
1483 2634 1608 2725 viginti
1633 2654 1780 2723 marcas3
1805 2634 1889 2705 item
1915 2639 1972 2704 est
1990 2633 2042 2704 ibi

491 2776 596 2827 unum
622 2756 801 2847 praedium
827 2756 991 2847 militare,
1027 2756 1071 2829 de
1098 2755 1196 2827 cuius
1222 2756 1316 2847 agris
1342 2756 1534 2827 decimatur
1559 2755 1726 2827 ecclesiae
1753 2756 1789 2824 in
1814 2752 2040 2845 Zelyeny-

493 2894 587 2967 eze3
622 2876 706 2949 item
733 2876 879 2949 ecelesia
910 2882 948 2949 et
973 2877 1142 2968 plebanus
1167 2876 1276 2949 hahet
1309 2878 1359 2949 ibi
1384 2877 1546 2969 proprios
1579 2896 1684 2968 agros
1718 2875 1848 2947 liberos
1874 2879 1912 2947 et
1936 2879 2043 2965 pram

492 3016 557 3088 pro
584 3016 646 3070 suo
672 3018 739 3071 usu
765 3003 802 3070 ct
827 2998 1045 3070 necessitate.
2033 3062 2066 3077 ,,

594 3116 899 3191 Pammenezasr
924 3117 1069 3207 Maron,
1096 3116 1181 3190 villa
1207 3118 1271 3190 snb
1296 3118 1463 3208 parochia
1489 3118 1653 3189 ecclesiae
1677 3116 1723 3188 de
1748 3115 2042 3209 Zelyenycre

491 3238 569 3329 sita,
581 3239 679 3311 cuins
694 3238 890 3330 proprietas
904 3238 949 3310 ad
962 3237 1211 3311 monasterium
1224 3238 1536 3310 sanctimonialium
1549 3238 1593 3310 de
1609 3236 1818 3329 Stanyan
1828 3236 1944 3329 thky
1959 3256 2042 3328 per·
2061 3304 2068 3310 .

490 3351 589 3448 tinet,
616 3359 652 3429 in
680 3379 747 3449 qua
774 3364 855 3431 sunt
882 3359 1076 3450 quindecim
1101 3359 1193 3430 lanei
1219 3360 1462 3450 emethonules‚
1488 3360 1573 3430 item
1593 3359 1682 3431 duae
1707 3358 1883 3448 tabernae,
1909 3358 2041 3429 haben-

491 3485 545 3551 tes
572 3497 684 3570 agree,
710 3483 813 3570 prata
836 3484 874 3551 ct
899 3480 1029 3570 hortos,
1055 3479 1137 3551 item
1159 3501 1266 3552 unum
1282 3480 1529 3570 molendinum,
1555 3479 1688 3552 habens
1714 3499 1828 3570 agros,
1852 3476 2042 3568 dequibus

492 3601 649 3674 omnibus
676 3600 824 3672 solvitur
859 3599 992 3672 decima
1016 3600 1242 3691 manipularis
1268 3608 1305 3672 et
1330 3596 1508 3692 canapalis
1537 3600 1652 3673 tribus
1678 3599 1885 3691 praebendis
1911 3597 2040 3670 Oraco·

491 3720 667 3794 aiensibus
693 3721 867 3794 videlieet:
892 3720 1243 3813 Wyanczlrovskyey,
1270 3722 1565 3812 Bossuthouskey
1591 3727 1628 3793 et
1652 3720 1896 3812 Zyruvvskyey,
1922 3718 2040 3791 diver-

492 3841 646 3914 sificatur
672 3847 787 3914 autem
814 3843 991 3933 perceptio
1018 3841 1171 3914 decimae
1197 3841 1375 3933 praelatae
1392 3844 1429 3914 in
1446 3843 1539 3914 hunc
1564 3840 1712 3931 modum3
1736 3861 1818 3911 nam
1839 3838 2040 3931 praebenda

490 3961 678 4051 Zyravska
704 3963 851 4053 percipit
876 3969 1011 4053 partem
1032 3963 1242 4054 hyemalium
1267 3963 1439 4053 aliquibus
1466 3963 1575 4052 annm,
1601 3963 1638 4032 in
1656 3961 1828 4052 aliquibus
1853 3981 1938 4033 vero
1956 3980 2037 4051 par·

490 4086 561 4150 tem
588 4081 806 4152 aestivalium
832 4082 930 4152 iusta
956 4102 1106 4172 campos3
1132 4083 1331 4172 praebenda
1356 4103 1440 4153 vero
1466 4082 1765 4172 Wyanczlrowslra
1789 4081 1930 4154 biennio
1956 4101 2039 4170 per-

491 4199 577 4290 cipit
610 4199 775 4271 maiorem
809 4206 945 4291 partem
980 4205 1043 4274 aut
1077 4203 1296 4273 aestivalium
1329 4208 1392 4273 aut
1423 4202 1641 4293 hyemalium,
1668 4207 1706 4274 et
1739 4202 1777 4272 in
1802 4202 1910 4273 tertio
1945 4221 2067 4272 anno.

431 4409 434 4415 ἢ
491 4321 677 4410 minorem3
712 4321 911 4410 praebenda
944 4341 1028 4394 vero
1055 4321 1330 4394 Bossnthovvska
1362 4322 1502 4394 biennio
1536 4323 1704 4396 minorem
1729 4328 1864 4413 partem
1890 4322 2040 4413 percipit

331 4539 339 4548 .
491 4447 552 4512 aut
578 4439 795 4513 aestivalium
821 4447 881 4514 aut
906 4441 1123 4533 hyemalium,
1151 4443 1248 4514 etin
1274 4443 1380 4515 tertio
1406 4444 1582 4516 maiorem.
1612 4445 1779 4535 Duaeque
1804 4442 2037 4534 praebendae,

490 4561 653 4634 videlicet
678 4561 877 4652 praebenda
903 4562 1092 4653 Zyravslra
1111 4568 1150 4634 et
1167 4563 1466 4654 Wyanczkovvslra
1489 4565 1577 4636 nihil
1603 4565 1735 4638 habent
1759 4565 1846 4640 iuris
1872 4564 1919 4635 ad
1944 4563 2039 4635 deci·

490 4702 581 4754 marn
607 4683 739 4774 canapi,
767 4682 827 4755 sed
854 4683 929 4755 sola
954 4683 1154 4774 praebenda
1180 4685 1454 4758 Bossuthovslra
1486 4685 1636 4777 percipit
1670 4706 1748 4757 eam
1782 4687 1919 4776 integre
1944 4683 2039 4756 omni

490 4821 590 4875 anno.
616 4802 704 4876 Item
730 4803 910 4895 praedium
937 4825 1007 4876 non
1034 4805 1151 4877 estin
1177 4806 1298 4878 eadem
1323 4806 1408 4879 villa
1432 4806 1642 4879 coenobiale

594 4923 871 5014 Paznnrqcznrvv
896 4923 1035 5016 bimos,
1062 4926 1146 4998 villa
1171 4927 1235 4998 suh
1256 4927 1421 5018 parochia
1446 4927 1490 4998 de
1515 4925 1804 5018 Zelyenycze
1830 4925 1909 5015 sita,
1935 4925 2036 4996 cuius

492 5043 689 5136 proprietas
717 5044 762 5117 ad
787 5045 1067 5119 sanctimoniales
1093 5047 1129 5118 in
1156 5046 1485 5139 Sthanyantky
1510 5047 1680 5138 pertinet,
1706 5047 1743 5118 in
1769 5067 1838 5137 qua
1863 5065 1933 5117 nou
1959 5049 2042 5120 sunt

490 5165 597 5256 aliqui
623 5165 714 5238 lanei
741 5166 983 5257 cmethonales,
1010 5167 1072 5238 sed
1097 5173 1180 5239 sunt
1205 5167 1304 5239 multi
1330 5169 1407 5258 agri
1432 5167 1637 5258 praedialeq
1664 5172 1701 5239 et
1718 5173 1773 5238 est
1789 5167 1838 5240 ibi
1855 5165 2038 5257 praedium

489 5285 655 5375 optimum
681 5305 758 5358 cunr
784 5288 914 5378 pratis,
949 5286 985 5358 in
1010 5291 1083 5358 tres
1109 5307 1248 5378 campos
1275 5286 1483 5378 distinctum,
1509 5287 1602 5379 quod
1619 5288 1651 5358 si
1667 5287 1756 5360 bene
1773 5287 1904 5360 cultum
1919 5285 2038 5379 ruent,

491 5421 633 5492 magnos
658 5409 775 5494 potest
801 5406 924 5478 afferre
950 5405 1101 5498 duetus,
1137 5407 1181 5478 de
1208 5409 1305 5479 cuins
1331 5408 1426 5497 agria
1460 5408 1708 5479 monasterium
1742 5409 1830 5480 nulli
1865 5405 2035 5481 decimam

491 5517 613 5611 solvit,
640 5523 702 5594 sed
728 5545 803 5595 earn
830 5547 893 5616 pro
920 5546 958 5598 se
984 5525 1078 5599 tollit
1104 5531 1141 5598 et
1166 5527 1202 5598 in
1227 5527 1392 5600 horreum
1417 5547 1518 5600 suum
1552 5528 1694 5601 inducit
1736 5529 1826 5600 Item
1852 5529 1889 5600 in
1914 5530 2037 5602 cadem
2142 5573 2155 5594 =

491 5640 574 5716 villa
600 5646 681 5714 sunt
706 5649 839 5734 septem
865 5646 1101 5738 hortulaniae,
1135 5646 1304 5719 habentes
1331 5668 1434 5737 agros
1463 5649 1591 5740 honos,
1616 5650 1677 5740 qui
1703 5649 1870 5723 decimam
1896 5649 2037 5724 solvunt
