4550 6600
1711 754 1787 827 295
1891 749 1898 761 “

885 958 1151 1031 Xrnucurcza.

232 1150 236 1157 .
340 1079 435 1151 Villa
460 1080 592 1151 habens
620 1080 655 1153 in
684 1099 720 1151 se
749 1078 929 1151 ecclesiam
955 1077 1189 1169 parochialem
1216 1078 1374 1169 ligneam,
1403 1079 1508 1151 Sanct
1525 1135 1534 1149 .
1552 1135 1587 1149 ..
1627 1081 1786 1173 dicatam,

232 1201 335 1273 cuius
362 1200 485 1272 haeres
521 1199 698 1283 lohannes
733 1200 832 1272 Felix
868 1200 910 1273 de
947 1199 1173 1272 Tharnow
1208 1199 1380 1272 dedomo
1416 1200 1607 1289 Lelywa.
1651 1203 1692 1273 In
1719 1224 1787 1293 qua

237 1327 326 1393 sunt
351 1321 444 1393 lanei
471 1320 743 1409 cmethonales...;
771 1322 855 1393 item
881 1321 988 1393 habet
1014 1321 1064 1392 ibi
1090 1320 1258 1410 plebanus
1276 1325 1312 1391 et
1330 1320 1474 1392 ecclesia
1499 1323 1659 1413 proprios
1685 1344 1788 1416 agros

231 1442 367 1515 liberos
394 1446 430 1511 et
455 1422 568 1530 prata,
594 1463 659 1532 pro
686 1462 748 1513 sno
775 1462 840 1513 usu
867 1446 903 1513 et
928 1442 1145 1513 necessitato.

886 1562 1145 1635 Paznozsuaw.

340 1682 514 1774 Oppidum
550 1682 682 1755 habens
716 1684 752 1754 iu
784 1703 821 1753 se
858 1682 1036 1753 ecclesiam
1072 1683 1308 1772 parochialem
1343 1684 1511 1774 ligneam,
1547 1683 1787 1776 Assumptioni

233 1802 371 1875 Beatae
398 1802 534 1891 Mariae
562 1803 719 1893 llirginis
746 1803 905 1893 dicatam,
932 1802 1028 1874 cuins
1055 1802 1196 1874 fuerunt
1222 1805 1328 1893 prisci
1354 1784 1520 1895 temporis
1547 1806 1615 1877 duo
1633 1812 1787 1878 rectores

233 1930 270 1995 ot
298 1924 371 1995 duo
398 1925 553 2014 plebani,
590 1922 702 1995 Adam
739 1924 902 1995 videlicet
936 1926 973 1995 et
999 1920 1207 2014 Gregorius,
1244 1930 1281 1995 et
1308 1938 1350 1995 ex
1377 1925 1577 2014 pluralitate
1603 1932 1787 2017 rectorum,

233 2045 356 2134 plures
384 2045 622 2117 contentiones
649 2050 686 2115 et
712 2043 905 2115 discordiae
933 2045 1207 2134 consurgebant3
1240 2067 1326 2136 quas
1352 2047 1661 2119 reverendissimus
1687 2053 1788 2137 pater

234 2164 315 2235 olim
346 2164 517 2254 Sbigneus
544 2163 730 2235 cardinalis
757 2169 794 2235 et
821 2163 1001 2255 episcopus
1028 2161 1268 2237 Gracoviensis
1295 2166 1487 2255 sedaturus,
1513 2168 1558 2237 ad
1585 2168 1787 2257 petitionem

235 2284 406 2359 Stanislai
432 2285 640 2375 Liganza
674 2284 717 2355 dc
745 2281 978 2374 Gorzycze
1014 2285 1195 2355 castellani
1221 2284 1490 2377 Malogosteusis
1517 2288 1609 2358 unici
1635 2287 1789 2359 eiusdem

236 2406 407 2479 ecclesiae
434 2406 591 2495 patroni,
627 2404 746 2476 militis
773 2405 816 2476 de
844 2404 944 2477 domo
972 2403 1229 2496 Polnkoza,
1264 2412 1301 2477 et
1327 2407 1425 2478 Adae
1452 2410 1562 2498 partis
1589 2410 1691 2481 unius
1716 2410 1790 2499 ple-

193 2544 197 2553 ·
235 2525 319 2597 bani
348 2524 526 2616 praelatae
553 2524 725 2613 ecclesiae,
753 2521 924 2615 Gregorio
951 2530 1088 2596 mortno
1116 2526 1330 2616 superstitis,
1366 2526 1570 2616 petitionem
1597 2533 1633 2599 et
1659 2529 1790 2621 suppli·
1919 2616 1928 2621 -
1978 2570 1987 2585 ·

236 2646 421 2736 cntionem,
448 2666 553 2717 unum
580 2644 818 2723 tantummodo
844 2644 1028 2735 plebanum
1056 2646 1128 2717 sive
1155 2648 1408 2737 praepositum,
1434 2654 1471 2719 et
1496 2654 1570 2720 tres
1596 2650 1791 2721 mansiona-

236 2767 309 2839 rios
337 2787 401 2838 seu
429 2766 578 2838 vicarios
605 2770 801 2856 perpetuos,
827 2766 933 2837 horas
952 2766 1134 2837 canonicas
1153 2766 1198 2837 de
1216 2767 1329 2837 Beata
1348 2768 1494 2859 Virgine
1511 2769 1628 2841 Maria
1645 2770 1790 2861 singulis

238 2887 365 2961 diebus
392 2888 602 2979 expleturoS,
620 2892 656 2958 et
674 2907 758 2958 voce
784 2907 912 2957 sonora
938 2890 1148 2976 cantaturos,
1174 2889 1362 2979 constituit,
1389 2894 1426 2959 et
1449 2890 1640 2979 proventus
1667 2896 1703 2961 et
1730 2890 1789 2961 de·

240 3010 348 3081 cimas
376 3008 608 3099 manipulares
636 3028 678 3079 ex
706 3008 848 3097 antiquo
877 3004 923 3081 ad
949 3010 1131 3097 utramque
1162 3007 1351 3079 ecclesiam
1365 3011 1598 3101 pertinenter,
1637 3012 1789 3083 onducto

236 3130 342 3202 uano
372 3130 568 3202 medietatis
595 3128 738 3201 arcenus
756 3128 879 3219 paras,
906 3127 1067 3199 discunt
1089 3133 1124 3199 a
1142 3128 1318 3201 oronam
1343 3132 1379 3199 a
1406 3130 1498 3201 uuna
1524 3131 1670 3203 morum:
1698 3132 1790 3222 quon
1883 3105 1890 3116 '

239 3251 411 3343 plebanus
438 3250 511 3324 sive
538 3249 759 3341 praepositus
786 3247 900 3322 Adam
927 3254 963 3325 et
989 3248 1043 3320 sui
1070 3268 1304 3341 sucmssores,
1339 3271 1403 3340 pro
1431 3270 1468 3322 se
1495 3257 1532 3322 et
1557 3272 1621 3323 sua
1646 3273 1791 3344 praepo-

240 3374 373 3462 situra,
400 3373 474 3444 sive
500 3371 679 3463 plebanis,
716 3374 756 3441 ut
781 3369 916 3441 facilius
944 3389 1050 3442 onera
1076 3368 1177 3458 ferre,
1204 3376 1241 3441 et
1265 3373 1492 3443 necessitates
1517 3357 1685 3445 ecclesiae
1711 3393 1792 3464 por-

240 3499 317 3566 tare
347 3494 469 3585 possit,
496 3493 650 3565 habebit·
665 3491 816 3564 decimas
843 3491 1082 3582 infrascriptos
1109 3492 1351 3582 manipulares

347 3613 552 3704 Snrnrczlr,
578 3613 662 3685 villa
688 3613 752 3684 sub
779 3613 945 3702 parochia
971 3613 1136 3684 ecclesiae
1159 3613 1203 3685 de
1220 3613 1466 3706 Lubrzpna
1492 3616 1568 3704 sita,
1595 3616 1692 3688 cuius
1710 3617 1792 3688 hae-

240 3757 296 3808 res
331 3735 491 3828 Spythelr
526 3733 918 3825 Melschthynsky
955 3734 998 3804 de
1034 3733 1135 3812 domo
1171 3734 1363 3824 Lelywa.
1407 3735 1448 3806 In
1484 3757 1552 3824 qua
1583 3741 1666 3808 sunt
1699 3737 1791 3808 lanei

242 3855 487 3946 cmethonales,
514 3855 597 3928 item
624 3855 809 3944 tabernae,
837 3856 920 3926 item
947 3854 1145 3944 hortulani,
1171 3853 1216 3926 de
1243 3855 1367 3945 quibus
1395 3855 1552 3928 omnibus
1580 3857 1729 3928 solvitur
1755 3863 1792 3928 et

242 3977 448 4050 conducitur
483 3975 617 4048 decima
651 3974 876 4065 manipularis
912 3980 949 4046 et
968 3973 1159 4065 *canapalis
1195 3975 1361 4046 ecclesiae
1396 3976 1533 4048 eteius
1571 3976 1718 4066 plebano
1754 3977 1790 4048 in

122 4127 123 4131 ¹
243 4097 544 4170 Przoczslaw.
570 4097 659 4168 Iteru
686 4100 741 4166 est
768 4095 817 4164 ibi
843 4095 1023 4185 praedium
1049 4115 1155 4166 uuum
1182 4095 1349 4185 militare,
1384 4095 1429 4168 de
1454 4097 1552 4168 cuius
1579 4097 1673 4188 agris
1700 4097 1792 4204 dem·

245 4223 360 4290 matur
388 4217 553 4290 ecclesiae
579 4217 615 4286 in
642 4215 896 4307 Lubrzyna.

346 4338 538 4426 ZawanA,
574 4335 658 4408 villa
683 4336 747 4407 sub
774 4336 939 4426 parochia
965 4335 1008 4406 de
1034 4334 1282 4427 Lubrzyna
1308 4337 1395 4426 sita,
1431 4338 1529 4410 cuius
1555 4338 1678 4410 haeres
1704 4338 1792 4430 Spy-

246 4459 328 4530 tlrclr
356 4457 706 4549 lllelschtinslry
733 4456 918 4548 praelatus.
944 4456 985 4528 In
1004 4476 1072 4546 qua
1089 4461 1172 4528 sunt
1188 4456 1281 4528 lanei
1297 4458 1541 4548 cmethonales,
1567 4459 1650 4532 item
1676 4459 1792 4530 taber-

247 4599 329 4668 nae,
356 4579 441 4650 item
475 4577 711 4667 hortulaniae,
747 4576 790 4648 de
822 4577 945 4668 quibus
981 4577 1140 4648 omnibus
1176 4577 1325 4650 solvitur
1360 4584 1397 4650 et
1422 4579 1626 4650 conducitur
1661 4579 1793 4677 decima
1877 4604 1883 4622 ’

245 4699 470 4792 manipularis
497 4704 533 4770 et
559 4698 733 4790 canapalis
760 4718 824 4790 pro
851 4697 997 4770 ecclesia
1022 4698 1058 4768 in
1084 4696 1394 4788 Przeczslaw3
1420 4700 1505 4772 item
1529 4699 1790 4790 praedium...

262 4877 268 4890 .
350 4820 572 4892 Srazrssow
597 4818 682 4891 villa
707 4818 783 4891 sub'
799 4818 965 4909 parochia
990 4818 1033 4890 de
1057 4873 1172 4890 .....
1199 4820 1276 4890 sita
1315 4819 1356 4890 In
1384 4840 1452 4911 qua
1477 4825 1559 4892 sunt
1585 4819 1677 4892 lanei
1702 4840 1792 4892 cme-

248 4941 423 5032 thonales,
450 4941 534 5012 item
560 4941 725 5030 taberna,
756 4941 840 5012 item
866 4939 1103 5030 hortulaniae,
1130 4939 1175 5012 de
1201 4940 1327 5032 quibus
1353 4940 1501 5014 soluitur
1527 4946 1563 5014 et
1589 4940 1793 5016 conducitur

249 5061 380 5136 decima
405 5060 630 5152 manipularis
656 5066 704 5168 et,
719 5059 894 5152 canapalis
928 5081 992 5154 pro
1019 5060 1167 5134 ecclesia
1192 5065 1230 5134 et
1256 5061 1330 5134 eiua
1364 5061 1512 5153 plebano
1546 5062 1583 5133 in
1610 5061 1793 5134 Przecz·

250 5182 367 5276 elau,
394 5181 491 5258 cuius
516 5181 616 5258 valor
642 5182 849 5256 aestimatur
874 5179 920 5254 ad
938 5235 946 5251 .
964 5235 972 5252 .
990 5233 1051 5251 ...

351 5302 522 5396 Ouurczn,
548 5303 632 5377 villa
658 5304 723 5378 sub
749 5302 916 5396 parochia
941 5302 985 5376 de
1003 5355 1120 5373 .....
1148 5303 1226 5376 sita
1252 5303 1293 5374 In
1320 5323 1390 5394 qua
1415 5305 1498 5376 aaut
1522 5301 1614 5374 lanei
1641 5301 1793 5400 cmetho-

249 5425 352 5518 noles,
378 5427 461 5498 item
486 5425 642 5516 taberna,
669 5425 751 5498 item
777 5423 964 5516 hortulani,
992 5423 1179 5516 dequibus
1206 5424 1354 5498 solvitur
1380 5429 1417 5497 et
1440 5422 1644 5496 conducitur
1662 5423 1794 5495 decima
1840 5457 1847 5469 ,

250 5547 474 5640 manipularis
500 5551 537 5619 et
561 5546 739 5638 canapalis
765 5546 931 5620 ecclesiae
958 5545 994 5617 in
1020 5543 1333 5639 Przeczalau,
1359 5550 1396 5618 et
1421 5544 1520 5622 valor
1545 5544 1620 5624 eius
1647 5543 1692 5621 ad
1710 5598 1718 5620 .
1736 5599 1744 5618 .
1762 5597 1794 5621 ..
1881 5573 1883 5575 ¹

251 5687 381 5743 marcas
407 5669 620 5742 aestimatur.
646 5667 734 5741 Item
760 5667 948 5760 praedium.
967 5721 974 5737 .
993 5720 1054 5741 .,.
