4550 6600
1658 808 1729 879 123

185 1016 266 1087 Item
295 1004 443 1086 eeclesia
469 1006 627 1105 praeia‘ta
653 1014 759 1085 habet
786 1035 888 1104 agros
915 1014 1077 1105 proprios
1104 1019 1279 1111 etprata,
1306 1034 1370 1104 pro
1393 1036 1456 1087 suo
1482 1036 1548 1087 usu
1565 1020 1602 1085 et
1618 1036 1736 1089 neces·

184 1137 294 1207 sitate.
322 1136 412 1207 Item
439 1136 545 1208 habet
572 1134 710 1207 domum
737 1140 774 1206 et
798 1135 1000 1225 pomeritrm.
1060 1202 1062 1207 ,
1653 1196 1657 1203 .

283 1256 475 1347 Prnnnar,
502 1256 586 1328 villa
612 1255 676 1329 sub
703 1256 869 1346 parochia
895 1256 938 1327 de
966 1255 1209 1348 Thynyecz
1237 1256 1313 1346 sita,
1341 1257 1439 1329 ouius
1465 1258 1663 1347 proprietas
1690 1258 1736 1331 ad

184 1379 428 1450 monasterium
464 1378 685 1470 Tbyuczense
721 1378 881 1468 pertinet.
921 1378 962 1449 In
999 1398 1066 1468 qua
1104 1382 1187 1449 sunt
1221 1378 1440 1449 hortulaniae
1477 1398 1538 1449 sex
1565 1379 1735 1453 babentes

182 1520 290 1589 agros,
318 1503 356 1570 et
382 1498 559 1570 hortulani
585 1499 621 1569 iu
648 1498 698 1571 eis
727 1497 919 1569 residentes
947 1503 1116 1570 vocantur
1144 1498 1321 1569 hortulani
1347 1498 1507 1587 maiores,
1534 1505 1570 1571 et
1586 1500 1735 1590 quilibet

181 1620 282 1692 babet
308 1619 382 1691 trit
409 1619 522 1691 stadia
549 1620 634 1710 agri.
661 1620 749 1691 Item
776 1619 904 1692 ibidem
931 1624 1013 1691 sunt
1038 1619 1127 1691 aliae
1154 1619 1374 1692 hortulaniae
1401 1626 1552 1711 quatuor
1573 1621 1734 1713 minores,

180 1742 345 1812 habentes
374 1742 479 1813 etiam
505 1740 627 1813 hortos
654 1748 691 1813 et
717 1742 852 1831 aliquos
879 1760 992 1831 agros.
1020 1741 1109 1811 Item
1136 1746 1190 1811 est
1207 1762 1277 1811 una
1294 1742 1441 1813 taberna
1458 1742 1592 1814 habens
1610 1763 1733 1833 agrum

181 1864 301 1933 bonum
340 1862 416 1933 sine
451 1862 573 1952 burto,
600 1867 636 1934 et
663 1862 705 1934 de
732 1862 890 1935 omnibus
917 1862 972 1933 his
1000 1861 1149 1933 solvitur
1175 1853 1211 1933 et
1238 1861 1441 1933 conducitur
1467 1862 1599 1933 decima
1624 1863 1734 1935 mani·

180 1982 305 2073 palaris
344 1988 383 2054 et
409 1983 585 2073 canapalis
613 2004 676 2074 pro
703 1983 912 2056 monasterio
941 1982 1180 2074 Thyncziensi,
1207 1982 1304 2055 cuius
1331 1982 1430 2055 valor
1456 1982 1663 2055 aestimatur
1688 1984 1733 2056 ad

181 2109 324 2194 quatuor
354 2097 499 2176 marcas.

278 2224 559 2315 Gzrnrowrczm
586 2226 669 2297 villa
697 2226 760 2298 sub
787 2225 954 2315 parochia
980 2224 1023 2296 de
1051 2224 1283 2316 Thyniecz
1310 2227 1387 2313 sita,
1413 2225 1511 2296 cuius
1536 2227 1734 2317 proprietas
1818 2286 1822 2291 ,

181 2346 220 2417 ad
245 2346 498 2418 monasterium
526 2346 748 2439 Thynczense
776 2347 937 2437 pertinet.
965 2346 1005 2417 In
1034 2368 1102 2437 qua
1128 2351 1211 2417 sunt
1238 2366 1298 2417 sen
1317 2345 1545 2437 hortulanIae,
1563 2348 1646 2419 item
1664 2368 1735 2421 una
1805 2396 1818 2403 -

179 2470 321 2539 taberna
348 2467 483 2539 habens
518 2488 639 2559 agroS,
667 2468 710 2539 de
737 2468 862 2559 quibus
888 2467 1066 2558 perceptio
1093 2467 1246 2539 decimae
1272 2466 1443 2557 variatum
1469 2488 1548 2540 nam
1575 2490 1638 2558 pro
1665 2490 1736 2541 una

180 2589 365 2693 medietate
392 2590 541 2680 percipit
567 2611 643 2661 earn
670 2590 890 2681 episcopatus
917 2588 1179 2679 cracoviensis,
1206 2589 1304 2661 cuius
1331 2590 1429 2661 valor
1456 2589 1664 2663 aestimatur
1689 2590 1734 2663 ad
1792 2618 1797 2631 ¹

105 2703 106 2708 ’
180 2710 259 2782 duas
285 2730 435 2801 marcas,
462 2732 526 2803 pro
554 2711 666 2783 altera
692 2732 775 2784 vero
802 2710 990 2782 medietate
1016 2710 1165 2800 percipit
1191 2730 1268 2781 eam
1294 2710 1441 2781 ecclesia
1466 2710 1678 2800 parochialis
1696 2713 1733 2785 in

180 2832 467 2923 Montanium,
495 2833 592 2905 cuius
626 2832 725 2905 valor
760 2832 964 2905 aestimatur
999 2832 1044 2903 ad
1080 2831 1166 2903 duas
1200 2851 1345 2903 marcas.
1383 2831 1473 2903 Item
1506 2853 1575 2903 non
1602 2837 1662 2905 est¹
1683 2834 1732 2905 ibi

180 2932 368 3044 praedium.

275 3054 675 3165 unncznn'‚vi11osuu
703 3076 868 3166 parochia
894 3074 937 3146 de
966 3073 1213 3165 Thynyecz
1240 3073 1322 3163 sita,
1349 3073 1447 3145 cuius
1474 3075 1670 3165 proprietas
1687 3076 1732 3149 ad

180 3196 424 3269 monasterium
452 3196 675 3289 Thynczense
701 3197 862 3287 pertinet.
889 3196 930 3267 In
955 3217 1023 3287 qua
1049 3199 1130 3267 sunt
1157 3216 1218 3267 sex
1245 3195 1337 3266 lanei
1355 3196 1590 3267 emetbonales
1610 3203 1646 3269 et
1664 3218 1734 3269 uua

181 3325 306 3411 quarta,
336 3321 423 3392 item
450 3321 599 3392 taberna
625 3341 694 3391 una
720 3320 853 3391 habens
872 3339 984 3410 agros,
1003 3320 1086 3390 item
1104 3317 1325 3390 hortulaniae
1342 3324 1416 3389 tres
1433 3319 1602 3390 habentes
1621 3341 1734 3410 agros,

181 3441 254 3512 item
281 3463 372 3532 ager
399 3441 557 3531 specialis
595 3441 707 3517 dictus
733 3440 1031 3512 Dambrowslr
1039 3462 1085 3530 y,
1112 3439 1308 3530 dequibus
1336 3440 1494 3512 omnibus
1522 3440 1670 3512 solvitur
1697 3447 1734 3512 et

181 3562 383 3634 conducitur
410 3561 543 3634 decima
569 3563 794 3654 manipularis
821 3568 858 3634 et
884 3561 1059 3652 canapalis
1078 3582 1143 3652 pro
1161 3561 1372 3632 monasterio
1392 3560 1636 3652 Thyneczensi,
1652 3583 1734 3652 gra·

182 3705 255 3754 num
291 3684 430 3774 dando,
458 3684 605 3775 quilibet
640 3683 683 3756 de
709 3684 811 3755 laneo
845 3703 948 3754 unam
976 3703 1173 3754 mensuram
1199 3657 1319 3753 tritici.
1359 3672 1447 3753 Item
1474 3688 1529 3753 est
1555 3682 1734 3772 praedium

181 3805 397 3895 coenobiale,
426 3805 468 3878 de
504 3806 602 3877 cuius
638 3805 733 3896 agris
759 3801 1007 3878 monasterium
1034 3825 1103 3876 non
1131 3803 1237 3875 solvit
1263 3802 1450 3892 decimam,
1476 3803 1538 3874 sed
1566 3824 1733 3893 compro

181 3946 214 3996 se
237 3926 337 3998 tollit.
369 3927 457 3998 Item
483 3927 629 4018 quilibet
656 3927 698 3998 de
725 3927 825 3999 laneo
853 3925 958 3998 solvit
984 3925 1131 4016 plebano
1159 3925 1195 3996 in
1223 3923 1465 4016 Thynyecz
1491 3921 1643 3994 melane
1669 3945 1732 4014 per

182 4099 219 4116 ..
245 4102 252 4117 .
278 4049 371 4120 Item
399 4053 453 4120 est
478 4049 528 4119 ibi
554 4048 713 4121 scoltetia
738 4049 870 4120 babens
897 4047 1025 4138 laneos,
1053 4045 1096 4118 de
1136 4045 1263 4138 quibus
1290 4045 1440 4118 decimat
1465 4044 1641 4136 manipulo
1666 4065 1731 4137 pro

181 4168 321 4257 plebano
353 4170 389 4242 in
417 4169 669 4262 Thynyecz.
791 4233 795 4254 ,

885 4290 1022 4364 Lrsnr.

281 4411 379 4483 Villa
406 4412 538 4486 babens
564 4411 799 4504 parochialem
826 4412 1005 4484 ecclesiam
1033 4411 1068 4483 in
1095 4431 1132 4482 εε
1160 4409 1310 4502 ligneam
1330 4407 1458 4480 Sancto
1476 4408 1620 4481 Nicolao
1639 4408 1732 4480 dica-
1827 4457 1836 4476 .

183 4535 256 4622 ban,
283 4534 385 4605 cuius
412 4535 609 4625 proprietas
637 4535 681 4606 ad
708 4535 954 4606 monasterium
973 4533 1197 4626 Thynczense
1214 4531 1377 4622 pertinet.
1403 4531 1444 4601 In
1463 4552 1531 4621 qua
1548 4536 1630 4602 sunt
1647 4530 1732 4602 duo

183 4651 286 4725 decim
314 4656 407 4726 lanei
434 4656 677 4747 cmetlronales,
704 4658 788 4728 Item
816 4657 983 4728 tabernae
1009 4659 1093 4746 tres,
1111 4654 1280 4726 habentes
1299 4673 1411 4743 agros,
1430 4652 1513 4722 item
1533 4651 1733 4723 hortulania

183 4793 245 4845 una
269 4777 405 4849 habens
431 4799 543 4869 agros,
570 4779 653 4849 item
680 4777 748 4849 duo
775 4777 867 4848 lanei
893 4777 988 4849 ultra
1013 4777 1088 4866 Iros,
1116 4775 1175 4866 qui
1201 4780 1304 4846 eraut
1329 4772 1556 4862 scoltetiales,
1584 4771 1626 4844 de
1654 4773 1730 4863 qui-

183 4895 242 4967 bus
277 4900 438 4971 omnibus
475 4900 622 4971 solvitur
658 4905 693 4972 et
729 4899 932 4971 conducitur
969 4898 1102 4970 decima
1129 4895 1356 4986 manipularis
1394 4900 1432 4965 et
1466 4894 1642 4984 canapalis
1668 4915 1732 4984 pro

184 5022 390 5092 monasterio
418 5021 665 5114 Thynczyensi,
693 5025 728 5092 et
755 5020 853 5092 valor
880 5022 954 5092 eius
981 5019 1026 5090 ad
1054 5073 1061 5090 .
1090 5073 1097 5089 .
1124 5073 1132 5089 .
1159 5037 1293 5089 marcas
1319 5016 1533 5088 aestiuatur.
1560 5014 1609 5085 Et
1626 5014 1732 5087 s'olet

185 5139 324 5227 quilibet
352 5163 416 5233 pro
444 5143 577 5214 decima
598 5143 647 5214 ¹de
673 5143 783 5234 laneo,
810 5145 919 5233 grano
948 5141 1034 5214 duas
1062 5160 1242 5212 mensuras
1269 5137 1426 5228 siliginis,
1453 5136 1539 5242 duas
1558 5135 1678 5226 tritici,
1695 5142 1733 5208 et

185 5258 263 5333 duas
291 5284 432 5335 arenae.
458 5265 546 5336 Item
572 5265 751 5355 praedium
778 5286 848 5336 nou
875 5268 929 5335 est
955 5263 990 5334 in
1018 5261 1138 5335 eadem
1166 5261 1258 5334 villa.
1280 5259 1369 5332 Item
1387 5258 1554 5349 plebanus
1572 5257 1678 5330 babet
1695 5257 1732 5330 in

187 5381 299 5454 eadem
318 5385 403 5457 villa
419 5386 579 5476 proprios
598 5407 702 5477 agros
721 5390 756 5457 et
773 5389 882 5477 prata,
901 5405 965 5476 pro
993 5405 1055 5456 suo
1081 5405 1148 5455 usu
1165 5387 1202 5454 et
1219 5380 1427 5453 necessitate
1445 5384 1481 5451 et
1498 5400 1562 5450 suo
1580 5379 1732 5473 praedio.

281 5506 613 5599 Szmrnnnnnnczn,
641 5507 724 5578 villa
751 5509 814 5580 sub
841 5507 1008 5599 parochia
1035 5505 1078 5577 de
1104 5504 1287 5597 Lyszky
1314 5503 1392 5592 sita
1419 5501 1517 5572 cuius
1534 5501 1732 5591 proprietas

185 5623 225 5696 ad
257 5629 507 5700 monasterium
543 5629 766 5721 Tbyuczense
800 5629 962 5720 pertinet.
1002 5627 1043 5698 ln
1079 5647 1148 5717 qua
1183 5631 1266 5698 sunt
1301 5624 1453 5716 quinque
1480 5621 1575 5694 lanei
1600 5627 1636 5694 et
1661 5643 1732 5695 una

187 5757 304 5842 quarm
331 5750 576 5849 emetbouales,
603 5751 685 5828 item
712 5772 780 5829 una
808 5750 973 5845 taberna,
999 5755 1072 5826 tres
1099 5747 1319 5824 homalauiae
1345 5746 1516 5822 habentes
1541 5765 1662 5840 agros,
1687 5742 1732 5819 de
1870 5800 1873 5806 .
