4550 6600
341 938 625 1021 Gnanzrnrozu
650 945 839 1023 Jonnnms
858 1004 1054 1021 ........

298 1080 305 1111 ··
339 1064 609 1143 Sarromaena
628 1124 822 1143 ........

923 1191 1110 1268 Lnuczun.

337 1308 517 1401 Oppidum
545 1312 677 1385 habens
705 1314 740 1384 in
759 1334 796 1385 se
824 1314 1004 1386 ecclesiam
1031 1314 1264 1406 parochialem
1291 1315 1458 1406 ligneam,
1486 1314 1637 1403 Sanctae
1659 1315 1795 1402 Mariae
1897 1374 1901 1382 .

217 1426 470 1519 Magdalenae
496 1432 663 1523 dicatam,
691 1434 788 1507 maius
806 1436 1003 1526 proprietas
1022 1437 1066 1509 ad
1084 1436 1295 1509 Stanislaum
1323 1435 1644 1529 Thauczinsky
1671 1438 1795 1509 castel·

216 1548 351 1621 lanum
382 1552 682 1645 Woynicziensem
718 1557 880 1647 pertinet.
906 1558 947 1628 In
976 1579 1043 1648 quo
1071 1564 1152 1629 sunt
1178 1559 1269 1629 lanei
1306 1558 1571 1649 oppidanorum,
1600 1557 1642 1630 de
1671 1560 1795 1649 quibus

218 1671 387 1745 solvitur
423 1683 459 1747 et
486 1676 690 1749 conducitur
718 1678 850 1750 decima
884 1680 1111 1769 manipularis
1149 1686 1185 1751 et
1212 1680 1388 1770 canapalis
1415 1701 1478 1771 pro
1622 1680 1710 1751 Item
1735 1688 1793 1753 est
1894 1730 1897 1735 -

218 1792 274 1865 ibi
315 1815 430 1866 unum
465 1795 646 1887 praedium
680 1798 849 1890 militare,
887 1799 929 1871 de
957 1800 1053 1872 cuius
1090 1800 1184 1890 agris
1221 1800 1368 1873 solvitur
1403 1802 1537 1873 decima
1564 1802 1791 1893 manipularis

221 1913 405 1987 ecclesiae
440 1918 475 1988 in
503 1917 733 2009 Lauerna,
771 1922 867 1993 cauus
904 1920 1002 1991 valor
1028 1922 1233 1993 aestimatur
1268 1922 1312 1993 ad
1341 1930 1490 2013 quatuor
1517 1920 1667 1995 marcas
1702 1923 1791 1995 Item

176 2046 184 2055 ’
221 2036 384 2109 ecclesia
410 2038 519 2110 habet
544 2039 594 2111 ibi
620 2042 781 2132 proprios
809 2062 912 2132 agros
939 2041 1068 2114 liberos
1095 2049 1132 2115 et
1158 2050 1277 2135 prata,
1313 2065 1377 2135 pro
1406 2066 1467 2117 suo
1500 2044 1642 2135 praedio
1671 2052 1707 2117 et
1734 2065 1793 2116 ne-

222 2158 412 2231 cessitate.

340 2293 604 2373 Onacuowsur
634 2298 861 2375 Bracmanum
884 2356 1079 2374 ........

344 2416 544 2493 Srurrcza
562 2476 756 2495 ........

341 2537 588 2616 Osculanow
606 2598 801 2616 ........

337 2660 637 2740 Tuanusaczow
656 2720 852 2737 ........
889 2646 892 2653 ’

895 2891 1134 2965 Brsrumczu.
1726 2962 1728 2966 ,

336 3008 513 3103 Oppidum
540 3013 672 3085 habens
698 3013 929 3105 parochialem
956 3015 1136 3085 ecclesiam
1163 3014 1313 3123 ligneam
1340 3013 1375 3085 in
1394 3033 1448 3104 se,
1476 3012 1601 3086 Sancto
1620 3014 1791 3087 Stauislao

230 3131 405 3222 dicatam;
431 3154 495 3223 per
521 3132 630 3205 felicis
657 3135 843 3209 memoriae
871 3133 1115 3225 Sbigneum
1144 3134 1353 3206 cardinalem
1380 3141 1416 3205 et
1442 3135 1639 3226 episcopum
1667 3134 1793 3207 Oraco-

227 3254 409 3345 viansem,
446 3275 536 3327 anno
564 3254 703 3328 Domini
734 3257 842 3328 1444.
858 3256 925 3328 die
945 3247 1116 3330 dominica
1142 3262 1223 3328 ante
1250 3254 1377 3328 festum
1404 3256 1531 3328 natalis
1559 3254 1691 3330 Christi
1716 3255 1792 3328 lirn-
1853 3240 1861 3247 ¹

227 3374 333 3467 data,
363 3376 502 3467 dotata,
538 3375 662 3449 dicata.
702 3377 743 3448 lu
779 3400 846 3468 quo
873 3385 955 3450 sunt
990 3379 1116 3470 viginti
1151 3379 1242 3450 lanei
1278 3377 1548 3468 oppidanorum,
1585 3377 1627 3449 de
1664 3379 1789 3470 quibus

192 3577 195 3582 ,
228 3496 384 3569 solvitur
420 3504 455 3570 et
482 3499 686 3591 conducitur
713 3499 847 3571 decima
881 3501 1104 3591 manipularis
1140 3521 1203 3592 pro
1241 3501 1442 3590 episcopatu
1479 3497 1718 3590 Oracoviensi,
1755 3501 1790 3570 in

227 3617 397 3691 horreum
434 3620 646 3712 episcopale,
682 3626 718 3692 et
743 3622 843 3692 valor
878 3622 952 3718 eius
988 3623 1193 3694 aestimatur
1228 3621 1272 3692 ad
1299 3620 1479 3693 duodecim
1516 3641 1659 3692 marcas.
1700 3620 1787 3690 Item

231 3740 382 3813 ecclesia
408 3747 444 3813 et
461 3742 630 3832 plebanus
657 3743 787 3815 habent
813 3743 862 3815 ibi
889 3744 1056 3834 speciales
1083 3760 1186 3834 agros
1214 3743 1374 3834 proprios
1401 3749 1437 3814 et
1463 3747 1579 3832 prata,
1608 3747 1643 3812 at
1669 3742 1805 3814 hortos·

229 3868 266 3932 et
284 3863 440 3953 piscinas
466 3881 530 3954 pro
558 3885 621 3935 sua
646 3864 872 3955 necessitate,
899 3865 1042 3955 praedio
1070 3871 1105 3935 et
1123 3887 1197 3936 usu.
1237 3863 1326 3934 Item
1354 3869 1407 3934 ast
1435 3863 1482 3934 ibi
1510 3862 1689 3952 praedium
1717 3864 1789 3954 epi·

110 4013 117 4081 j.
230 3983 387 4074 scopale,
415 3983 458 4055 de
476 3984 574 4056 cuius
601 3986 696 4076 agris
722 3985 868 4058 solvitur
887 3986 1019 4058 decima
1047 3985 1273 4077 manipularis
1299 4006 1363 4076 pro
1392 3984 1538 4058 ecclesia
1564 3983 1599 4054 in
1628 3983 1790 4054 Bisku-
1841 4027 1846 4032 -

230 4105 384 4196 picze,
420 4111 456 4177 et
482 4106 580 4178 valor
608 4107 914 4184 eiusaestimatnr
950 4079 1171 4198 ad'qnatuor
1198 4127 1341 4178 marcas.
1386 4107 1473 4178 Item
1501 4096 1554 4177 ost
1581 4105 1629 4178 ibi
1658 4105 1789 4196 optima

229 4225 384 4316 piscina,
411 4246 475 4317 per
510 4225 757 4318 Sbigne'um
783 4229 982 4329 episcopum
1013 4228 1215 4299 influmine
1244 4225 1453 4300 Gelczaw
1481 4249 1557 4300 cum
1586 4226 1784 4300 molendino

233 4346 435 4439 aedificata,
461 4349 497 4420 in
525 4370 593 4440 qua
619 4350 786 4440 plebanus
813 4350 958 4440 liparam
986 4351 1093 4421 habet
1120 4350 1342 4422 molitionem.

339 4468 581 4561 Brsuunrtza,
616 4470 699 4542 villa
733 4472 832 4542 iuxta
867 4471 1008 4543 fluvium
1044 4469 1253 4542 Gelonem
1279 4473 1365 4562 sita,
1394 4471 1490 4542 cuius
1518 4469 1713 4562 proprietas
1740 4469 1783 4540 ad

232 4567 470 4683 episcdpaturn
498 4591 761 4666 cracoviensem
788 4594 977 4684 pertinens,
1003 4592 1097 4664 sistit
1123 4594 1186 4664 sub
1214 4593 1377 4684 parochia
1404 4591 1569 4666 ecclesiae
1597 4590 1640 4662 de
1659 4589 1786 4680 oppido

233 4707 524 4804 Biskupicze.
550 4715 591 4785 ln
619 4737 688 4806 qua
714 4722 795 4788 sunt
822 4737 944 4788 novem
972 4735 1049 4786 cum
1076 4714 1190 4786 medio
1217 4714 1308 4784 lanei
1336 4712 1577 4803 cmetlronales,
1596 4713 1679 4782 item
1699 4711 1786 4784 scol-

233 4835 323 4906 tetia
348 4835 481 4908 habens
517 4842 590 4909 tres
616 4837 754 4929 laneos,
781 4858 883 4928 unam
911 4837 1091 4918 tabernam
1119 4841 1155 4907 et
1182 4856 1284 4907 unam
1312 4834 1564 4924 hortulaniam,
1593 4833 1635 4905 de
1663 4832 1787 4924 quibus

235 4957 396 5029 omnibns
422 4958 571 5030 solvitur
598 4965 634 5030 et
660 4959 870 5032 conducitur.
889 4958 1022 5039 decima
1052 4957 1278 5048 manipularis
1305 4977 1369 5048 pro
1397 4957 1600 5048 episcopatu
1627 4952 1788 5028 Oracovi·

235 5080 318 5169 ensi,
347 5080 444 5152 cuius
457 5080 569 5171 ⁴valor
595 5082 800 5154 aestimatur
827 5081 871 5152 ad
899 5080 1014 5153 decern
1043 5071 1187 5152 marcas.

339 5199 485 5273 Sraoza
521 5203 608 5274 alias
642 5203 875 5294 Baznzncnn,
901 5203 984 5273 nilla
1019 5203 1083 5274 sub
1118 5201 1285 5294 parochia
1321 5201 1363 5272 de
1395 5199 1680 5292 Biskupicze
1708 5197 1784 5289 sita,
1860 5237 1863 5243 ·
1988 5233 1995 5242 ·

236 5319 332 5396 cuius
346 5317 607 5414 proprietatem
635 5322 712 5396 Sbi
720 5346 863 5415 gneus
891 5323 1131 5396 Cracoviensis
1158 5323 1339 5414 episcopus
1367 5341 1493 5412 emens,
1521 5342 1583 5393 suo
1610 5323 1786 5414 episcopa-

236 5443 287 5514 tui
313 5450 481 5536 perpetuo
509 5446 676 5519 adiunxit.
715 5447 756 5517 ln
785 5467 853 5538 qua
879 5451 960 5518 sunt
987 5450 1064 5519 octo
1090 5445 1184 5517 lanei
1212 5443 1462 5535 cmethonales,
1490 5443 1574 5515 item
1602 5463 1671 5514 una
1698 5440 1785 5513 scol-

236 5566 323 5638 tatia
347 5567 480 5639 habens
507 5589 612 5640 unum
639 5569 793 5659 laneum,
820 5568 862 5639 de
890 5567 1014 5659 quibus
1033 5567 1192 5642 ommlrus
1211 5565 1358 5638 solvitur
1376 5571 1413 5638 et
1430 5565 1637 5636 conducitur
1654 5563 1786 5636 decima

237 5688 462 5780 manipularis
488 5697 525 5761 et
551 5690 727 5781 canapalis
753 5711 816 5781 pro
845 5690 1045 5782 episcopatu
1060 5687 1299 5780 Cracoviensi,
1319 5693 1354 5760 et
1373 5687 1470 5758 valor
1488 5687 1563 5758 eius
1581 5685 1786 5780 aestimatur
