<?xml version="1.0" encoding="UTF-8"?>
<!DOCTYPE html PUBLIC "-//W3C//DTD XHTML 1.0 Transitional//EN"
    "http://www.w3.org/TR/xhtml1/DTD/xhtml1-transitional.dtd">
<html xmlns="http://www.w3.org/1999/xhtml" xml:lang="en" lang="en">
 <head>
  <title>
</title>
<meta http-equiv="Content-Type" content="text/html;charset=utf-8" />
  <meta name='ocr-system' content='tesseract 3.04.00' />
  <meta name='ocr-capabilities' content='ocr_page ocr_carea ocr_par ocr_line ocrx_word'/>
</head>
<body>
  <div class='ocr_page' id='page_1' title='image "./operaomnia03paulgoog_0199.png"; bbox 0 0 4550 6600; ppageno 0'>
   <div class='ocr_carea' id='block_1_1' title="bbox 514 774 585 849">
    <p class='ocr_par' dir='ltr' id='par_1_1' title="bbox 514 774 585 849">
     <span class='ocr_line' id='line_1_1' title="bbox 514 774 585 849; baseline 0.028 -3"><span class='ocrx_word' id='word_1_1' title='bbox 514 774 585 849; x_wconf 87' lang='grc'><strong>166</strong></span> 
     </span>
    </p>
   </div>
   <div class='ocr_carea' id='block_1_2' title="bbox 507 978 2055 1433">
    <p class='ocr_par' dir='ltr' id='par_1_2' title="bbox 507 978 2055 1433">
     <span class='ocr_line' id='line_1_2' title="bbox 611 978 2055 1072; baseline -0.001 -19"><span class='ocrx_word' id='word_1_2' title='bbox 611 980 818 1071; x_wconf 83' lang='lat' dir='ltr'><strong>Lrnxrezn,</strong></span> <span class='ocrx_word' id='word_1_3' title='bbox 853 980 937 1051; x_wconf 89' lang='lat' dir='ltr'><strong>villa</strong></span> <span class='ocrx_word' id='word_1_4' title='bbox 973 978 1037 1051; x_wconf 87' lang='lat' dir='ltr'><strong>suh</strong></span> <span class='ocrx_word' id='word_1_5' title='bbox 1064 980 1231 1072; x_wconf 92' lang='lat' dir='ltr'><strong>parochia</strong></span> <span class='ocrx_word' id='word_1_6' title='bbox 1265 978 1309 1051; x_wconf 91' lang='lat' dir='ltr'><strong>de</strong></span> <span class='ocrx_word' id='word_1_7' title='bbox 1334 978 1649 1052; x_wconf 89' lang='lat' dir='ltr'><strong>Koszczelecz</strong></span> <span class='ocrx_word' id='word_1_8' title='bbox 1683 982 1761 1052; x_wconf 91' lang='lat' dir='ltr'><strong>sita.</strong></span> <span class='ocrx_word' id='word_1_9' title='bbox 1803 982 1845 1052; x_wconf 93' lang='lat' dir='ltr'><strong>In</strong></span> <span class='ocrx_word' id='word_1_10' title='bbox 1872 1002 1943 1072; x_wconf 85' lang='lat' dir='ltr'><strong>qna</strong></span> <span class='ocrx_word' id='word_1_11' title='bbox 1978 986 2055 1053; x_wconf 88' lang='lat' dir='ltr'><strong>sant</strong></span> 
     </span>
     <span class='ocr_line' id='line_1_3' title="bbox 508 1100 2055 1191; baseline -0.002 -17"><span class='ocrx_word' id='word_1_12' title='bbox 508 1102 598 1174; x_wconf 89' lang='lat' dir='ltr'><strong>lanei</strong></span> <span class='ocrx_word' id='word_1_13' title='bbox 625 1100 867 1190; x_wconf 89' lang='lat' dir='ltr'><strong>emethonales,</strong></span> <span class='ocrx_word' id='word_1_14' title='bbox 895 1101 978 1171; x_wconf 91' lang='lat' dir='ltr'><strong>item</strong></span> <span class='ocrx_word' id='word_1_15' title='bbox 1004 1100 1159 1189; x_wconf 83' lang='lat' dir='ltr'><strong>taberna,</strong></span> <span class='ocrx_word' id='word_1_16' title='bbox 1186 1101 1268 1171; x_wconf 90' lang='lat' dir='ltr'><strong>item</strong></span> <span class='ocrx_word' id='word_1_17' title='bbox 1296 1100 1493 1191; x_wconf 90' lang='lat' dir='ltr'><strong>hortulani,</strong></span> <span class='ocrx_word' id='word_1_18' title='bbox 1529 1100 1573 1172; x_wconf 91' lang='lat' dir='ltr'><strong>de</strong></span> <span class='ocrx_word' id='word_1_19' title='bbox 1601 1102 1725 1191; x_wconf 90' lang='lat' dir='ltr'><strong>quihus</strong></span> <span class='ocrx_word' id='word_1_20' title='bbox 1752 1101 1899 1173; x_wconf 84' lang='lat' dir='ltr'><strong>solvitur</strong></span> <span class='ocrx_word' id='word_1_21' title='bbox 1926 1100 2055 1172; x_wconf 90' lang='lat' dir='ltr'><strong>decima</strong></span> 
     </span>
     <span class='ocr_line' id='line_1_4' title="bbox 508 1221 2055 1313; baseline -0.001 -19"><span class='ocrx_word' id='word_1_22' title='bbox 508 1222 732 1312; x_wconf 81' lang='lat' dir='ltr'><strong>manipularis</strong></span> <span class='ocrx_word' id='word_1_23' title='bbox 760 1226 796 1292; x_wconf 92' lang='lat' dir='ltr'><strong>et</strong></span> <span class='ocrx_word' id='word_1_24' title='bbox 822 1222 997 1311; x_wconf 89' lang='lat' dir='ltr'><strong>canapalis</strong></span> <span class='ocrx_word' id='word_1_25' title='bbox 1025 1242 1088 1311; x_wconf 92' lang='lat' dir='ltr'><strong>pro</strong></span> <span class='ocrx_word' id='word_1_26' title='bbox 1163 1277 1170 1290; x_wconf 91' lang='lat'><strong><em>.</em></strong></span> <span class='ocrx_word' id='word_1_27' title='bbox 1189 1276 1223 1291; x_wconf 93' lang='lat'><strong>..</strong></span> <span class='ocrx_word' id='word_1_28' title='bbox 1250 1222 1338 1292; x_wconf 84' lang='lat' dir='ltr'><strong>Item</strong></span> <span class='ocrx_word' id='word_1_29' title='bbox 1364 1227 1419 1292; x_wconf 90' lang='lat' dir='ltr'><strong>est</strong></span> <span class='ocrx_word' id='word_1_30' title='bbox 1445 1222 1481 1293; x_wconf 94' lang='lat' dir='ltr'><strong>in</strong></span> <span class='ocrx_word' id='word_1_31' title='bbox 1508 1221 1628 1293; x_wconf 90' lang='lat' dir='ltr'><strong>eadem</strong></span> <span class='ocrx_word' id='word_1_32' title='bbox 1654 1223 1737 1294; x_wconf 88' lang='lat' dir='ltr'><strong>villa</strong></span> <span class='ocrx_word' id='word_1_33' title='bbox 1762 1223 1946 1313; x_wconf 84' lang='lat' dir='ltr'><strong>praedium</strong></span> <span class='ocrx_word' id='word_1_34' title='bbox 1968 1223 2055 1293; x_wconf 91' lang='lat' dir='ltr'><strong>mili·</strong></span> 
     </span>
     <span class='ocr_line' id='line_1_5' title="bbox 507 1341 2055 1433; baseline -0.001 -18"><span class='ocrx_word' id='word_1_35' title='bbox 507 1350 603 1433; x_wconf 90' lang='lat' dir='ltr'><strong>tare,</strong></span> <span class='ocrx_word' id='word_1_36' title='bbox 639 1342 682 1415; x_wconf 89' lang='lat' dir='ltr'><strong>de</strong></span> <span class='ocrx_word' id='word_1_37' title='bbox 709 1342 806 1413; x_wconf 94' lang='lat' dir='ltr'><strong>cuius</strong></span> <span class='ocrx_word' id='word_1_38' title='bbox 842 1343 936 1432; x_wconf 82' lang='lat' dir='ltr'><strong>agris</strong></span> <span class='ocrx_word' id='word_1_39' title='bbox 974 1342 1122 1413; x_wconf 89' lang='lat' dir='ltr'><strong>solvitur</strong></span> <span class='ocrx_word' id='word_1_40' title='bbox 1159 1341 1293 1413; x_wconf 88' lang='lat' dir='ltr'><strong>decima</strong></span> <span class='ocrx_word' id='word_1_41' title='bbox 1327 1343 1552 1433; x_wconf 85' lang='lat' dir='ltr'><strong>manipularis</strong></span> <span class='ocrx_word' id='word_1_42' title='bbox 1588 1343 1754 1414; x_wconf 91' lang='lat' dir='ltr'><strong>ecclesiae</strong></span> <span class='ocrx_word' id='word_1_43' title='bbox 1780 1344 1826 1415; x_wconf 77' lang='lat' dir='ltr'><strong>in·</strong></span> <span class='ocrx_word' id='word_1_44' title='bbox 1844 1342 2055 1415; x_wconf 83' lang='lat' dir='ltr'><strong>Goszcze·</strong></span> 
     </span>
    </p>
   </div>
   <div class='ocr_carea' id='block_1_3' title="bbox 357 1462 1322 1559">
    <p class='ocr_par' dir='ltr' id='par_1_3' title="bbox 357 1462 1322 1559">
     <span class='ocr_line' id='line_1_6' title="bbox 357 1462 1322 1559; baseline -0.005 -22"><span class='ocrx_word' id='word_1_45' title='bbox 357 1482 363 1493; x_wconf 90' lang='grc'><strong><em>·</em></strong></span> <span class='ocrx_word' id='word_1_46' title='bbox 508 1465 655 1559; x_wconf 87' lang='lat' dir='ltr'><strong>lyecz,</strong></span> <span class='ocrx_word' id='word_1_47' title='bbox 683 1464 779 1535; x_wconf 89' lang='lat' dir='ltr'><strong>cuius</strong></span> <span class='ocrx_word' id='word_1_48' title='bbox 806 1464 905 1534; x_wconf 87' lang='lat' dir='ltr'><strong>valor</strong></span> <span class='ocrx_word' id='word_1_49' title='bbox 931 1462 975 1533; x_wconf 89' lang='lat' dir='ltr'><strong>ad</strong></span> <span class='ocrx_word' id='word_1_50' title='bbox 1003 1467 1152 1554; x_wconf 90' lang='lat' dir='ltr'><strong>quatuor</strong></span> <span class='ocrx_word' id='word_1_51' title='bbox 1178 1483 1322 1534; x_wconf 91' lang='lat' dir='ltr'><strong>marcas.</strong></span> 
     </span>
    </p>
   </div>
   <div class='ocr_carea' id='block_1_4' title="bbox 500 1580 2059 3608">
    <p class='ocr_par' dir='ltr' id='par_1_4' title="bbox 508 1580 2057 2163">
     <span class='ocr_line' id='line_1_7' title="bbox 614 1580 2057 1675; baseline -0.003 -18"><span class='ocrx_word' id='word_1_52' title='bbox 614 1584 819 1673; x_wconf 80' lang='lat' dir='ltr'><strong>Possrnow,</strong></span> <span class='ocrx_word' id='word_1_53' title='bbox 860 1582 943 1654; x_wconf 89' lang='lat' dir='ltr'><strong>villa</strong></span> <span class='ocrx_word' id='word_1_54' title='bbox 980 1584 1043 1655; x_wconf 90' lang='lat' dir='ltr'><strong>suh</strong></span> <span class='ocrx_word' id='word_1_55' title='bbox 1071 1583 1237 1673; x_wconf 89' lang='lat' dir='ltr'><strong>parochia</strong></span> <span class='ocrx_word' id='word_1_56' title='bbox 1272 1583 1315 1654; x_wconf 93' lang='lat' dir='ltr'><strong>de</strong></span> <span class='ocrx_word' id='word_1_57' title='bbox 1350 1580 1660 1675; x_wconf 80' lang='lat' dir='ltr'><strong>(losczelyecz</strong></span> <span class='ocrx_word' id='word_1_58' title='bbox 1695 1584 1770 1655; x_wconf 88' lang='lat' dir='ltr'><strong>sita.</strong></span> <span class='ocrx_word' id='word_1_59' title='bbox 1813 1584 1855 1654; x_wconf 89' lang='lat' dir='ltr'><strong>Iu</strong></span> <span class='ocrx_word' id='word_1_60' title='bbox 1882 1604 1952 1675; x_wconf 90' lang='lat' dir='ltr'><strong>qua</strong></span> <span class='ocrx_word' id='word_1_61' title='bbox 1978 1588 2057 1655; x_wconf 91' lang='lat' dir='ltr'><strong>sunt</strong></span> 
     </span>
     <span class='ocr_line' id='line_1_8' title="bbox 508 1703 2057 1795; baseline -0.002 -17"><span class='ocrx_word' id='word_1_62' title='bbox 508 1706 599 1778; x_wconf 90' lang='lat' dir='ltr'><strong>lanei</strong></span> <span class='ocrx_word' id='word_1_63' title='bbox 627 1704 875 1794; x_wconf 89' lang='lat' dir='ltr'><strong>emethonales,</strong></span> <span class='ocrx_word' id='word_1_64' title='bbox 912 1704 954 1775; x_wconf 94' lang='lat' dir='ltr'><strong>de</strong></span> <span class='ocrx_word' id='word_1_65' title='bbox 982 1704 1106 1795; x_wconf 92' lang='lat' dir='ltr'><strong>quihus</strong></span> <span class='ocrx_word' id='word_1_66' title='bbox 1134 1703 1281 1775; x_wconf 86' lang='lat' dir='ltr'><strong>solvitur</strong></span> <span class='ocrx_word' id='word_1_67' title='bbox 1308 1709 1344 1774; x_wconf 90' lang='lat' dir='ltr'><strong>et</strong></span> <span class='ocrx_word' id='word_1_68' title='bbox 1370 1703 1575 1775; x_wconf 82' lang='lat' dir='ltr'><strong>conducitur</strong></span> <span class='ocrx_word' id='word_1_69' title='bbox 1610 1704 1743 1775; x_wconf 89' lang='lat' dir='ltr'><strong>decima</strong></span> <span class='ocrx_word' id='word_1_70' title='bbox 1768 1703 1998 1794; x_wconf 80' lang='lat' dir='ltr'><strong>manipularis</strong></span> <span class='ocrx_word' id='word_1_71' title='bbox 2023 1708 2057 1775; x_wconf 90' lang='lat' dir='ltr'><strong>et</strong></span> 
     </span>
     <span class='ocr_line' id='line_1_9' title="bbox 510 1824 2057 1916; baseline -0.003 -16"><span class='ocrx_word' id='word_1_72' title='bbox 510 1826 683 1916; x_wconf 90' lang='lat' dir='ltr'><strong>canapalis</strong></span> <span class='ocrx_word' id='word_1_73' title='bbox 704 1879 816 1896; x_wconf 93' lang='grc'><strong>.....</strong></span> <span class='ocrx_word' id='word_1_74' title='bbox 842 1824 931 1896; x_wconf 91' lang='lat' dir='ltr'><strong>Item</strong></span> <span class='ocrx_word' id='word_1_75' title='bbox 959 1826 1074 1897; x_wconf 91' lang='lat' dir='ltr'><strong>estin</strong></span> <span class='ocrx_word' id='word_1_76' title='bbox 1102 1824 1222 1895; x_wconf 91' lang='lat' dir='ltr'><strong>eadem</strong></span> <span class='ocrx_word' id='word_1_77' title='bbox 1249 1824 1333 1895; x_wconf 88' lang='lat' dir='ltr'><strong>villa</strong></span> <span class='ocrx_word' id='word_1_78' title='bbox 1358 1824 1538 1914; x_wconf 83' lang='lat' dir='ltr'><strong>praedium</strong></span> <span class='ocrx_word' id='word_1_79' title='bbox 1563 1825 1732 1915; x_wconf 91' lang='lat' dir='ltr'><strong>militare,</strong></span> <span class='ocrx_word' id='word_1_80' title='bbox 1769 1824 1812 1896; x_wconf 91' lang='lat' dir='ltr'><strong>de</strong></span> <span class='ocrx_word' id='word_1_81' title='bbox 1839 1825 1938 1896; x_wconf 91' lang='lat' dir='ltr'><strong>cuius</strong></span> <span class='ocrx_word' id='word_1_82' title='bbox 1965 1826 2057 1914; x_wconf 81' lang='lat' dir='ltr'><strong>agris</strong></span> 
     </span>
     <span class='ocr_line' id='line_1_10' title="bbox 510 1944 2056 2037; baseline -0.002 -17"><span class='ocrx_word' id='word_1_83' title='bbox 510 1948 657 2021; x_wconf 89' lang='lat' dir='ltr'><strong>solvitur</strong></span> <span class='ocrx_word' id='word_1_84' title='bbox 685 1946 817 2018; x_wconf 90' lang='lat' dir='ltr'><strong>decima</strong></span> <span class='ocrx_word' id='word_1_85' title='bbox 844 1946 1009 2018; x_wconf 89' lang='lat' dir='ltr'><strong>ecclesiae</strong></span> <span class='ocrx_word' id='word_1_86' title='bbox 1036 1947 1071 2017; x_wconf 92' lang='lat' dir='ltr'><strong>in</strong></span> <span class='ocrx_word' id='word_1_87' title='bbox 1100 1944 1457 2037; x_wconf 83' lang='lat' dir='ltr'><strong>Goszczelyecz,</strong></span> <span class='ocrx_word' id='word_1_88' title='bbox 1493 1950 1529 2017; x_wconf 92' lang='lat' dir='ltr'><strong>et</strong></span> <span class='ocrx_word' id='word_1_89' title='bbox 1553 1946 1652 2017; x_wconf 83' lang='lat' dir='ltr'><strong>valor</strong></span> <span class='ocrx_word' id='word_1_90' title='bbox 1679 1946 1754 2017; x_wconf 90' lang='lat' dir='ltr'><strong>eius</strong></span> <span class='ocrx_word' id='word_1_91' title='bbox 1781 1946 1988 2017; x_wconf 89' lang='lat' dir='ltr'><strong>aestimatur</strong></span> <span class='ocrx_word' id='word_1_92' title='bbox 2014 1945 2056 2017; x_wconf 90' lang='lat' dir='ltr'><strong>ad</strong></span> 
     </span>
     <span class='ocr_line' id='line_1_11' title="bbox 511 2075 1810 2163; baseline -0.005 -20"><span class='ocrx_word' id='word_1_93' title='bbox 511 2075 661 2163; x_wconf 89' lang='lat' dir='ltr'><strong>quatuor</strong></span> <span class='ocrx_word' id='word_1_94' title='bbox 687 2088 829 2139; x_wconf 89' lang='lat' dir='ltr'><strong>marcas.</strong></span> <span class='ocrx_word' id='word_1_95' title='bbox 1802 2076 1810 2085; x_wconf 82' lang='grc'><em>·</em></span> 
     </span>
    </p>

    <p class='ocr_par' dir='ltr' id='par_1_5' title="bbox 500 2187 2059 2763">
     <span class='ocr_line' id='line_1_12' title="bbox 614 2187 2058 2279; baseline -0.001 -19"><span class='ocrx_word' id='word_1_96' title='bbox 614 2189 862 2279; x_wconf 79' lang='lat' dir='ltr'><strong>Nanonranr,</strong></span> <span class='ocrx_word' id='word_1_97' title='bbox 897 2188 982 2261; x_wconf 88' lang='lat' dir='ltr'><strong>villa</strong></span> <span class='ocrx_word' id='word_1_98' title='bbox 1017 2189 1081 2261; x_wconf 89' lang='lat' dir='ltr'><strong>suh</strong></span> <span class='ocrx_word' id='word_1_99' title='bbox 1108 2189 1274 2279; x_wconf 88' lang='lat' dir='ltr'><strong>parochia</strong></span> <span class='ocrx_word' id='word_1_100' title='bbox 1308 2188 1473 2260; x_wconf 90' lang='lat' dir='ltr'><strong>ecclesiae</strong></span> <span class='ocrx_word' id='word_1_101' title='bbox 1508 2187 1552 2259; x_wconf 91' lang='lat' dir='ltr'><strong>de</strong></span> <span class='ocrx_word' id='word_1_102' title='bbox 1578 2187 1947 2279; x_wconf 83' lang='lat' dir='ltr'><strong>Goszczyelyecz</strong></span> <span class='ocrx_word' id='word_1_103' title='bbox 1983 2188 2058 2259; x_wconf 87' lang='lat' dir='ltr'><strong>sita</strong></span> 
     </span>
     <span class='ocr_line' id='line_1_13' title="bbox 500 2308 2059 2401; baseline -0.003 -18"><span class='ocrx_word' id='word_1_104' title='bbox 500 2312 551 2393; x_wconf 72' lang='lat' dir='ltr'><strong>,In</strong></span> <span class='ocrx_word' id='word_1_105' title='bbox 579 2330 646 2401; x_wconf 91' lang='lat' dir='ltr'><strong>qua</strong></span> <span class='ocrx_word' id='word_1_106' title='bbox 673 2314 753 2380; x_wconf 89' lang='lat' dir='ltr'><strong>sunt</strong></span> <span class='ocrx_word' id='word_1_107' title='bbox 778 2308 870 2380; x_wconf 88' lang='lat' dir='ltr'><strong>lanei</strong></span> <span class='ocrx_word' id='word_1_108' title='bbox 897 2310 1149 2399; x_wconf 89' lang='lat' dir='ltr'><strong>emethonales,</strong></span> <span class='ocrx_word' id='word_1_109' title='bbox 1176 2310 1260 2380; x_wconf 92' lang='lat' dir='ltr'><strong>item</strong></span> <span class='ocrx_word' id='word_1_110' title='bbox 1287 2308 1452 2399; x_wconf 89' lang='lat' dir='ltr'><strong>tahema,</strong></span> <span class='ocrx_word' id='word_1_111' title='bbox 1478 2309 1563 2379; x_wconf 89' lang='lat' dir='ltr'><strong>item</strong></span> <span class='ocrx_word' id='word_1_112' title='bbox 1588 2308 1827 2397; x_wconf 89' lang='lat' dir='ltr'><strong>hortulaniae,</strong></span> <span class='ocrx_word' id='word_1_113' title='bbox 1863 2308 1906 2379; x_wconf 91' lang='lat' dir='ltr'><strong>de</strong></span> <span class='ocrx_word' id='word_1_114' title='bbox 1935 2308 2059 2399; x_wconf 87' lang='lat' dir='ltr'><strong>quihus</strong></span> 
     </span>
     <span class='ocr_line' id='line_1_14' title="bbox 511 2428 2058 2521; baseline -0.003 -17"><span class='ocrx_word' id='word_1_115' title='bbox 511 2433 658 2505; x_wconf 85' lang='lat' dir='ltr'><strong>solvitur</strong></span> <span class='ocrx_word' id='word_1_116' title='bbox 685 2431 818 2502; x_wconf 91' lang='lat' dir='ltr'><strong>decima</strong></span> <span class='ocrx_word' id='word_1_117' title='bbox 843 2431 1067 2521; x_wconf 88' lang='lat' dir='ltr'><strong>manipularis</strong></span> <span class='ocrx_word' id='word_1_118' title='bbox 1094 2435 1130 2502; x_wconf 91' lang='lat' dir='ltr'><strong>et</strong></span> <span class='ocrx_word' id='word_1_119' title='bbox 1158 2430 1333 2521; x_wconf 90' lang='lat' dir='ltr'><strong>canapalis</strong></span> <span class='ocrx_word' id='word_1_120' title='bbox 1360 2450 1423 2519; x_wconf 93' lang='lat' dir='ltr'><strong>pro</strong></span> <span class='ocrx_word' id='word_1_121' title='bbox 1443 2484 1556 2500; x_wconf 93' lang='grc'><strong>.....</strong></span> <span class='ocrx_word' id='word_1_122' title='bbox 1574 2430 1662 2501; x_wconf 85' lang='lat' dir='ltr'><strong>Item</strong></span> <span class='ocrx_word' id='word_1_123' title='bbox 1688 2428 1871 2520; x_wconf 87' lang='lat' dir='ltr'><strong>praedium</strong></span> <span class='ocrx_word' id='word_1_124' title='bbox 1896 2429 2058 2517; x_wconf 90' lang='lat' dir='ltr'><strong>militare,</strong></span> 
     </span>
     <span class='ocr_line' id='line_1_15' title="bbox 511 2547 2059 2647; baseline -0.003 -22"><span class='ocrx_word' id='word_1_125' title='bbox 511 2554 554 2625; x_wconf 90' lang='lat' dir='ltr'><strong>de</strong></span> <span class='ocrx_word' id='word_1_126' title='bbox 582 2575 649 2647; x_wconf 91' lang='lat' dir='ltr'><strong>quo</strong></span> <span class='ocrx_word' id='word_1_127' title='bbox 677 2552 824 2625; x_wconf 85' lang='lat' dir='ltr'><strong>solvitur</strong></span> <span class='ocrx_word' id='word_1_128' title='bbox 850 2551 983 2623; x_wconf 91' lang='lat' dir='ltr'><strong>decima</strong></span> <span class='ocrx_word' id='word_1_129' title='bbox 1009 2551 1234 2641; x_wconf 89' lang='lat' dir='ltr'><strong>manipularis</strong></span> <span class='ocrx_word' id='word_1_130' title='bbox 1261 2550 1426 2622; x_wconf 89' lang='lat' dir='ltr'><strong>ecclesiae</strong></span> <span class='ocrx_word' id='word_1_131' title='bbox 1452 2550 1488 2621; x_wconf 93' lang='lat' dir='ltr'><strong>in</strong></span> <span class='ocrx_word' id='word_1_132' title='bbox 1515 2547 1876 2641; x_wconf 79' lang='lat' dir='ltr'><strong>(loszczelyecz,</strong></span> <span class='ocrx_word' id='word_1_133' title='bbox 1902 2555 1940 2621; x_wconf 90' lang='lat' dir='ltr'><strong>et</strong></span> <span class='ocrx_word' id='word_1_134' title='bbox 1962 2550 2059 2620; x_wconf 78' lang='lat' dir='ltr'><strong>valor</strong></span> 
     </span>
     <span class='ocr_line' id='line_1_16' title="bbox 512 2672 1233 2763; baseline -0.008 -16"><span class='ocrx_word' id='word_1_135' title='bbox 512 2675 586 2747; x_wconf 90' lang='lat' dir='ltr'><strong>eins</strong></span> <span class='ocrx_word' id='word_1_136' title='bbox 613 2674 815 2745; x_wconf 87' lang='lat' dir='ltr'><strong>aestimatur</strong></span> <span class='ocrx_word' id='word_1_137' title='bbox 841 2672 886 2743; x_wconf 89' lang='lat' dir='ltr'><strong>ad</strong></span> <span class='ocrx_word' id='word_1_138' title='bbox 913 2676 1062 2763; x_wconf 89' lang='lat' dir='ltr'><strong>quatuor</strong></span> <span class='ocrx_word' id='word_1_139' title='bbox 1087 2692 1233 2754; x_wconf 83' lang='lat' dir='ltr'><strong>marcas.</strong></span> 
     </span>
    </p>

    <p class='ocr_par' dir='ltr' id='par_1_6' title="bbox 512 2786 2059 3125">
     <span class='ocr_line' id='line_1_17' title="bbox 615 2786 2058 2884; baseline -0.003 -19"><span class='ocrx_word' id='word_1_140' title='bbox 615 2794 803 2884; x_wconf 75' lang='lat' dir='ltr'><strong>Prnranr,</strong></span> <span class='ocrx_word' id='word_1_141' title='bbox 838 2794 922 2864; x_wconf 91' lang='lat' dir='ltr'><strong>villa</strong></span> <span class='ocrx_word' id='word_1_142' title='bbox 957 2786 1020 2865; x_wconf 90' lang='lat' dir='ltr'><strong>suh</strong></span> <span class='ocrx_word' id='word_1_143' title='bbox 1048 2793 1213 2883; x_wconf 84' lang='lat' dir='ltr'><strong>parochia</strong></span> <span class='ocrx_word' id='word_1_144' title='bbox 1246 2792 1289 2864; x_wconf 92' lang='lat' dir='ltr'><strong>de</strong></span> <span class='ocrx_word' id='word_1_145' title='bbox 1316 2791 1682 2884; x_wconf 82' lang='lat' dir='ltr'><strong>Ooszczyelyeez</strong></span> <span class='ocrx_word' id='word_1_146' title='bbox 1708 2792 1784 2881; x_wconf 86' lang='lat' dir='ltr'><strong>sita,</strong></span> <span class='ocrx_word' id='word_1_147' title='bbox 1811 2790 1909 2862; x_wconf 91' lang='lat' dir='ltr'><strong>cuius</strong></span> <span class='ocrx_word' id='word_1_148' title='bbox 1937 2792 2058 2862; x_wconf 86' lang='lat' dir='ltr'><strong>haeres</strong></span> 
     </span>
     <span class='ocr_line' id='line_1_18' title="bbox 514 2910 2059 3007; baseline -0.003 -21"><span class='ocrx_word' id='word_1_149' title='bbox 514 2913 1066 3007; x_wconf 85' lang='lat' dir='ltr'><strong>WyrzhyanthaPyekarsky</strong></span> <span class='ocrx_word' id='word_1_150' title='bbox 1089 2914 1215 2985; x_wconf 90' lang='lat' dir='ltr'><strong>nobilis</strong></span> <span class='ocrx_word' id='word_1_151' title='bbox 1229 2914 1272 2984; x_wconf 92' lang='lat' dir='ltr'><strong>de</strong></span> <span class='ocrx_word' id='word_1_152' title='bbox 1286 2913 1387 2984; x_wconf 94' lang='lat' dir='ltr'><strong>domo</strong></span> <span class='ocrx_word' id='word_1_153' title='bbox 1401 2913 1631 3004; x_wconf 77' lang='lat' dir='ltr'><strong>Nyesohya.</strong></span> <span class='ocrx_word' id='word_1_154' title='bbox 1656 2912 1699 2982; x_wconf 94' lang='lat' dir='ltr'><strong>In</strong></span> <span class='ocrx_word' id='word_1_155' title='bbox 1713 2932 1780 3002; x_wconf 92' lang='lat' dir='ltr'><strong>qua</strong></span> <span class='ocrx_word' id='word_1_156' title='bbox 1793 2916 1875 2983; x_wconf 91' lang='lat' dir='ltr'><strong>sunt</strong></span> <span class='ocrx_word' id='word_1_157' title='bbox 1887 2910 1956 2983; x_wconf 94' lang='lat' dir='ltr'><strong>duo</strong></span> <span class='ocrx_word' id='word_1_158' title='bbox 1969 2912 2059 2982; x_wconf 90' lang='lat' dir='ltr'><strong>lanei</strong></span> 
     </span>
     <span class='ocr_line' id='line_1_19' title="bbox 512 3032 1993 3125; baseline -0.003 -18"><span class='ocrx_word' id='word_1_159' title='bbox 512 3056 588 3108; x_wconf 91' lang='lat' dir='ltr'><strong>cum</strong></span> <span class='ocrx_word' id='word_1_160' title='bbox 615 3035 727 3107; x_wconf 92' lang='lat' dir='ltr'><strong>medio</strong></span> <span class='ocrx_word' id='word_1_161' title='bbox 755 3041 791 3106; x_wconf 88' lang='lat' dir='ltr'><strong>et</strong></span> <span class='ocrx_word' id='word_1_162' title='bbox 818 3035 1010 3106; x_wconf 79' lang='lat' dir='ltr'><strong>decimatur</strong></span> <span class='ocrx_word' id='word_1_163' title='bbox 1036 3035 1079 3106; x_wconf 89' lang='lat' dir='ltr'><strong>de</strong></span> <span class='ocrx_word' id='word_1_164' title='bbox 1106 3035 1226 3106; x_wconf 91' lang='lat' dir='ltr'><strong>eadem</strong></span> <span class='ocrx_word' id='word_1_165' title='bbox 1252 3034 1336 3105; x_wconf 86' lang='lat' dir='ltr'><strong>villa</strong></span> <span class='ocrx_word' id='word_1_166' title='bbox 1361 3054 1424 3125; x_wconf 94' lang='lat' dir='ltr'><strong>pro</strong></span> <span class='ocrx_word' id='word_1_167' title='bbox 1453 3033 1735 3105; x_wconf 84' lang='lat' dir='ltr'><strong>archidiaconatu</strong></span> <span class='ocrx_word' id='word_1_168' title='bbox 1760 3032 1993 3105; x_wconf 82' lang='lat' dir='ltr'><strong>Gracoviensi</strong></span> 
     </span>
    </p>

    <p class='ocr_par' dir='ltr' id='par_1_7' title="bbox 512 3153 2058 3486">
     <span class='ocr_line' id='line_1_20' title="bbox 618 3153 2056 3244; baseline -0.002 -17"><span class='ocrx_word' id='word_1_169' title='bbox 618 3154 917 3244; x_wconf 83' lang='lat' dir='ltr'><strong>Carnonowrozn,</strong></span> <span class='ocrx_word' id='word_1_170' title='bbox 944 3154 1029 3225; x_wconf 87' lang='lat' dir='ltr'><strong>villa</strong></span> <span class='ocrx_word' id='word_1_171' title='bbox 1050 3155 1113 3237; x_wconf 91' lang='lat' dir='ltr'><strong>suh</strong></span> <span class='ocrx_word' id='word_1_172' title='bbox 1132 3155 1298 3244; x_wconf 87' lang='lat' dir='ltr'><strong>parochia</strong></span> <span class='ocrx_word' id='word_1_173' title='bbox 1324 3155 1367 3225; x_wconf 89' lang='lat' dir='ltr'><strong>de</strong></span> <span class='ocrx_word' id='word_1_174' title='bbox 1394 3153 1729 3244; x_wconf 82' lang='lat' dir='ltr'><strong>Ooszczelyecz</strong></span> <span class='ocrx_word' id='word_1_175' title='bbox 1757 3153 1833 3242; x_wconf 80' lang='lat' dir='ltr'><strong>sita,</strong></span> <span class='ocrx_word' id='word_1_176' title='bbox 1860 3153 1958 3224; x_wconf 88' lang='lat' dir='ltr'><strong>cuius</strong></span> <span class='ocrx_word' id='word_1_177' title='bbox 1975 3154 2056 3224; x_wconf 89' lang='lat' dir='ltr'><strong>hue-</strong></span> 
     </span>
     <span class='ocr_line' id='line_1_21' title="bbox 512 3273 2058 3366; baseline -0.003 -18"><span class='ocrx_word' id='word_1_178' title='bbox 512 3274 627 3366; x_wconf 87' lang='lat' dir='ltr'><strong>redes,</strong></span> <span class='ocrx_word' id='word_1_179' title='bbox 654 3274 854 3346; x_wconf 88' lang='lat' dir='ltr'><strong>Vladislans</strong></span> <span class='ocrx_word' id='word_1_180' title='bbox 888 3294 952 3364; x_wconf 92' lang='lat' dir='ltr'><strong>pro</strong></span> <span class='ocrx_word' id='word_1_181' title='bbox 980 3294 1050 3346; x_wconf 90' lang='lat' dir='ltr'><strong>una</strong></span> <span class='ocrx_word' id='word_1_182' title='bbox 1076 3274 1263 3347; x_wconf 86' lang='lat' dir='ltr'><strong>medietate</strong></span> <span class='ocrx_word' id='word_1_183' title='bbox 1289 3274 1412 3366; x_wconf 85' lang='lat' dir='ltr'><strong>villae,</strong></span> <span class='ocrx_word' id='word_1_184' title='bbox 1439 3281 1475 3346; x_wconf 91' lang='lat' dir='ltr'><strong>et</strong></span> <span class='ocrx_word' id='word_1_185' title='bbox 1502 3273 1741 3366; x_wconf 84' lang='lat' dir='ltr'><strong>Sigismnndus</strong></span> <span class='ocrx_word' id='word_1_186' title='bbox 1767 3273 1828 3347; x_wconf 90' lang='lat' dir='ltr'><strong>Lo</strong></span> <span class='ocrx_word' id='word_1_187' title='bbox 1841 3274 2058 3366; x_wconf 78' lang='lat' dir='ltr'><strong>ohowslry</strong></span> 
     </span>
     <span class='ocr_line' id='line_1_22' title="bbox 514 3395 1648 3486; baseline -0.003 -17"><span class='ocrx_word' id='word_1_188' title='bbox 514 3397 557 3469; x_wconf 91' lang='lat' dir='ltr'><strong>de</strong></span> <span class='ocrx_word' id='word_1_189' title='bbox 584 3398 689 3468; x_wconf 90' lang='lat' dir='ltr'><strong>armis</strong></span> <span class='ocrx_word' id='word_1_190' title='bbox 717 3395 981 3468; x_wconf 87' lang='lat' dir='ltr'><strong>Griftonum</strong></span> <span class='ocrx_word' id='word_1_191' title='bbox 1008 3416 1071 3486; x_wconf 93' lang='lat' dir='ltr'><strong>pro</strong></span> <span class='ocrx_word' id='word_1_192' title='bbox 1098 3397 1209 3467; x_wconf 89' lang='lat' dir='ltr'><strong>altera</strong></span> <span class='ocrx_word' id='word_1_193' title='bbox 1235 3397 1422 3468; x_wconf 86' lang='lat' dir='ltr'><strong>medietate</strong></span> <span class='ocrx_word' id='word_1_194' title='bbox 1425 3450 1648 3467; x_wconf 91' lang='grc'><strong>.........</strong></span> 
     </span>
    </p>

    <p class='ocr_par' dir='ltr' id='par_1_8' title="bbox 616 3516 2059 3608">
     <span class='ocr_line' id='line_1_23' title="bbox 616 3516 2059 3608; baseline -0.001 -20"><span class='ocrx_word' id='word_1_195' title='bbox 616 3518 855 3608; x_wconf 85' lang='lat' dir='ltr'><strong>Paznzwonr,</strong></span> <span class='ocrx_word' id='word_1_196' title='bbox 891 3517 975 3588; x_wconf 88' lang='lat' dir='ltr'><strong>villa</strong></span> <span class='ocrx_word' id='word_1_197' title='bbox 1012 3518 1076 3589; x_wconf 91' lang='lat' dir='ltr'><strong>sub</strong></span> <span class='ocrx_word' id='word_1_198' title='bbox 1103 3517 1268 3608; x_wconf 89' lang='lat' dir='ltr'><strong>parochia</strong></span> <span class='ocrx_word' id='word_1_199' title='bbox 1294 3516 1338 3589; x_wconf 89' lang='lat' dir='ltr'><strong>de</strong></span> <span class='ocrx_word' id='word_1_200' title='bbox 1364 3517 1702 3608; x_wconf 82' lang='lat' dir='ltr'><strong>Goszczelyecz</strong></span> <span class='ocrx_word' id='word_1_201' title='bbox 1733 3518 1821 3603; x_wconf 91' lang='lat' dir='ltr'><strong>sita,</strong></span> <span class='ocrx_word' id='word_1_202' title='bbox 1858 3516 1956 3587; x_wconf 92' lang='lat' dir='ltr'><strong>cuins</strong></span> <span class='ocrx_word' id='word_1_203' title='bbox 1982 3537 2059 3606; x_wconf 91' lang='lat' dir='ltr'><strong>pro·</strong></span> 
     </span>
    </p>
   </div>
   <div class='ocr_carea' id='block_1_5' title="bbox 391 3636 2059 3731">
    <p class='ocr_par' dir='ltr' id='par_1_9' title="bbox 391 3636 2059 3731">
     <span class='ocr_line' id='line_1_24' title="bbox 391 3636 2059 3731; baseline -0.002 -20"><span class='ocrx_word' id='word_1_204' title='bbox 391 3715 393 3724; x_wconf 73' lang='grc'>,</span> <span class='ocrx_word' id='word_1_205' title='bbox 513 3641 644 3731; x_wconf 91' lang='lat' dir='ltr'><strong>prietas</strong></span> <span class='ocrx_word' id='word_1_206' title='bbox 671 3639 716 3711; x_wconf 91' lang='lat' dir='ltr'><strong>ad</strong></span> <span class='ocrx_word' id='word_1_207' title='bbox 743 3640 904 3711; x_wconf 91' lang='lat' dir='ltr'><strong>abbatem</strong></span> <span class='ocrx_word' id='word_1_208' title='bbox 931 3643 967 3711; x_wconf 91' lang='lat' dir='ltr'><strong>et</strong></span> <span class='ocrx_word' id='word_1_209' title='bbox 993 3639 1240 3711; x_wconf 91' lang='lat' dir='ltr'><strong>monasterium</strong></span> <span class='ocrx_word' id='word_1_210' title='bbox 1267 3637 1413 3709; x_wconf 88' lang='lat' dir='ltr'><strong>Sanctae</strong></span> <span class='ocrx_word' id='word_1_211' title='bbox 1431 3637 1552 3710; x_wconf 82' lang='lat' dir='ltr'><strong>Crucis</strong></span> <span class='ocrx_word' id='word_1_212' title='bbox 1579 3636 1698 3710; x_wconf 83' lang='lat' dir='ltr'><strong>Calvi</strong></span> <span class='ocrx_word' id='word_1_213' title='bbox 1724 3638 1876 3709; x_wconf 91' lang='lat' dir='ltr'><strong>montis</strong></span> <span class='ocrx_word' id='word_1_214' title='bbox 1902 3638 2059 3728; x_wconf 88' lang='lat' dir='ltr'><strong>pertinet</strong></span> 
     </span>
    </p>
   </div>
   <div class='ocr_carea' id='block_1_6' title="bbox 507 3758 2064 5406">
    <p class='ocr_par' dir='ltr' id='par_1_10' title="bbox 512 3758 2060 4094">
     <span class='ocr_line' id='line_1_25' title="bbox 512 3758 2060 3852; baseline -0.002 -20"><span class='ocrx_word' id='word_1_215' title='bbox 512 3762 553 3832; x_wconf 92' lang='lat' dir='ltr'><strong>In</strong></span> <span class='ocrx_word' id='word_1_216' title='bbox 581 3782 649 3852; x_wconf 91' lang='lat' dir='ltr'><strong>qua</strong></span> <span class='ocrx_word' id='word_1_217' title='bbox 676 3766 757 3832; x_wconf 90' lang='lat' dir='ltr'><strong>sunt</strong></span> <span class='ocrx_word' id='word_1_218' title='bbox 782 3782 905 3833; x_wconf 88' lang='lat' dir='ltr'><strong>novem</strong></span> <span class='ocrx_word' id='word_1_219' title='bbox 932 3761 1028 3832; x_wconf 92' lang='lat' dir='ltr'><strong>lanei</strong></span> <span class='ocrx_word' id='word_1_220' title='bbox 1054 3759 1298 3849; x_wconf 79' lang='lat' dir='ltr'><strong>emethonaleS,</strong></span> <span class='ocrx_word' id='word_1_221' title='bbox 1325 3759 1369 3830; x_wconf 89' lang='lat' dir='ltr'><strong>de</strong></span> <span class='ocrx_word' id='word_1_222' title='bbox 1396 3760 1522 3850; x_wconf 90' lang='lat' dir='ltr'><strong>quihus</strong></span> <span class='ocrx_word' id='word_1_223' title='bbox 1548 3760 1739 3831; x_wconf 89' lang='lat' dir='ltr'><strong>decimatur</strong></span> <span class='ocrx_word' id='word_1_224' title='bbox 1766 3758 2060 3830; x_wconf 90' lang='lat' dir='ltr'><strong>archidiaconatui</strong></span> 
     </span>
     <span class='ocr_line' id='line_1_26' title="bbox 513 3876 2059 3972; baseline -0.002 -19"><span class='ocrx_word' id='word_1_225' title='bbox 513 3881 741 3955; x_wconf 82' lang='lat' dir='ltr'><strong>cracoviensi.</strong></span> <span class='ocrx_word' id='word_1_226' title='bbox 767 3883 855 3954; x_wconf 90' lang='lat' dir='ltr'><strong>Item</strong></span> <span class='ocrx_word' id='word_1_227' title='bbox 874 3887 928 3954; x_wconf 91' lang='lat' dir='ltr'><strong>est</strong></span> <span class='ocrx_word' id='word_1_228' title='bbox 954 3883 1002 3954; x_wconf 93' lang='lat' dir='ltr'><strong>ibi</strong></span> <span class='ocrx_word' id='word_1_229' title='bbox 1021 3883 1211 3972; x_wconf 88' lang='lat' dir='ltr'><strong>praedium,</strong></span> <span class='ocrx_word' id='word_1_230' title='bbox 1239 3880 1282 3952; x_wconf 92' lang='lat' dir='ltr'><strong>de</strong></span> <span class='ocrx_word' id='word_1_231' title='bbox 1301 3901 1368 3971; x_wconf 90' lang='lat' dir='ltr'><strong>quo</strong></span> <span class='ocrx_word' id='word_1_232' title='bbox 1387 3881 1635 3953; x_wconf 89' lang='lat' dir='ltr'><strong>monasterium</strong></span> <span class='ocrx_word' id='word_1_233' title='bbox 1661 3877 1807 3952; x_wconf 88' lang='lat' dir='ltr'><strong>Sanctae</strong></span> <span class='ocrx_word' id='word_1_234' title='bbox 1830 3876 1953 3951; x_wconf 78' lang='lat' dir='ltr'><strong>Crucis</strong></span> <span class='ocrx_word' id='word_1_235' title='bbox 1972 3879 2059 3950; x_wconf 91' lang='lat' dir='ltr'><strong>deci·</strong></span> 
     </span>
     <span class='ocr_line' id='line_1_27' title="bbox 512 3982 1822 4094; baseline -0.001 -20"><span class='ocrx_word' id='word_1_236' title='bbox 512 4024 604 4075; x_wconf 88' lang='lat' dir='ltr'><strong>marn</strong></span> <span class='ocrx_word' id='word_1_237' title='bbox 631 4025 694 4094; x_wconf 92' lang='lat' dir='ltr'><strong>pro</strong></span> <span class='ocrx_word' id='word_1_238' title='bbox 722 4025 759 4074; x_wconf 90' lang='lat' dir='ltr'><strong>se</strong></span> <span class='ocrx_word' id='word_1_239' title='bbox 786 4004 888 4074; x_wconf 87' lang='lat' dir='ltr'><strong>tollit.</strong></span> <span class='ocrx_word' id='word_1_240' title='bbox 1818 3982 1822 3991; x_wconf 58' lang='grc'>’</span> 
     </span>
    </p>

    <p class='ocr_par' dir='ltr' id='par_1_11' title="bbox 513 4121 2063 4457">
     <span class='ocr_line' id='line_1_28' title="bbox 619 4121 2061 4215; baseline 0.001 -23"><span class='ocrx_word' id='word_1_241' title='bbox 619 4121 797 4212; x_wconf 73' lang='lat' dir='ltr'><strong>Orraon,</strong></span> <span class='ocrx_word' id='word_1_242' title='bbox 824 4124 907 4194; x_wconf 88' lang='lat' dir='ltr'><strong>villa</strong></span> <span class='ocrx_word' id='word_1_243' title='bbox 934 4123 998 4194; x_wconf 90' lang='lat' dir='ltr'><strong>sub</strong></span> <span class='ocrx_word' id='word_1_244' title='bbox 1026 4124 1192 4213; x_wconf 90' lang='lat' dir='ltr'><strong>parochia</strong></span> <span class='ocrx_word' id='word_1_245' title='bbox 1218 4124 1384 4196; x_wconf 89' lang='lat' dir='ltr'><strong>ecclesiae</strong></span> <span class='ocrx_word' id='word_1_246' title='bbox 1411 4123 1454 4195; x_wconf 90' lang='lat' dir='ltr'><strong>de</strong></span> <span class='ocrx_word' id='word_1_247' title='bbox 1482 4121 1820 4215; x_wconf 80' lang='lat' dir='ltr'><strong>Coszczelyecz</strong></span> <span class='ocrx_word' id='word_1_248' title='bbox 1846 4123 1933 4213; x_wconf 91' lang='lat' dir='ltr'><strong>sita,</strong></span> <span class='ocrx_word' id='word_1_249' title='bbox 1969 4123 2061 4194; x_wconf 91' lang='lat' dir='ltr'><strong>cuius</strong></span> 
     </span>
     <span class='ocr_line' id='line_1_29' title="bbox 514 4243 2063 4338; baseline 0 -24"><span class='ocrx_word' id='word_1_250' title='bbox 514 4243 710 4335; x_wconf 88' lang='lat' dir='ltr'><strong>proprietas</strong></span> <span class='ocrx_word' id='word_1_251' title='bbox 742 4243 786 4313; x_wconf 91' lang='lat' dir='ltr'><strong>ad</strong></span> <span class='ocrx_word' id='word_1_252' title='bbox 812 4245 1059 4315; x_wconf 91' lang='lat' dir='ltr'><strong>monasterium</strong></span> <span class='ocrx_word' id='word_1_253' title='bbox 1094 4243 1294 4315; x_wconf 90' lang='lat' dir='ltr'><strong>monialium</strong></span> <span class='ocrx_word' id='word_1_254' title='bbox 1322 4244 1365 4316; x_wconf 92' lang='lat' dir='ltr'><strong>de</strong></span> <span class='ocrx_word' id='word_1_255' title='bbox 1392 4245 1655 4338; x_wconf 74' lang='lat' dir='ltr'><strong>Stanyatlry</strong></span> <span class='ocrx_word' id='word_1_256' title='bbox 1690 4244 1843 4336; x_wconf 89' lang='lat' dir='ltr'><strong>pertinet</strong></span> <span class='ocrx_word' id='word_1_257' title='bbox 1868 4249 1905 4316; x_wconf 92' lang='lat' dir='ltr'><strong>et</strong></span> <span class='ocrx_word' id='word_1_258' title='bbox 1932 4244 2063 4316; x_wconf 90' lang='lat' dir='ltr'><strong>decima</strong></span> 
     </span>
     <span class='ocr_line' id='line_1_30' title="bbox 513 4363 1746 4457; baseline 0.001 -21"><span class='ocrx_word' id='word_1_259' title='bbox 513 4363 737 4454; x_wconf 90' lang='lat' dir='ltr'><strong>manipularis</strong></span> <span class='ocrx_word' id='word_1_260' title='bbox 765 4363 809 4434; x_wconf 90' lang='lat' dir='ltr'><strong>ad</strong></span> <span class='ocrx_word' id='word_1_261' title='bbox 836 4364 1072 4453; x_wconf 89' lang='lat' dir='ltr'><strong>episcopatum</strong></span> <span class='ocrx_word' id='word_1_262' title='bbox 1100 4363 1373 4437; x_wconf 77' lang='lat' dir='ltr'><strong>cracoviensem.</strong></span> <span class='ocrx_word' id='word_1_263' title='bbox 1741 4452 1746 4457; x_wconf 38' lang='lat'>‚</span> 
     </span>
    </p>

    <p class='ocr_par' dir='ltr' id='par_1_12' title="bbox 507 4483 2064 4939">
     <span class='ocr_line' id='line_1_31' title="bbox 619 4483 2063 4579; baseline 0.001 -23"><span class='ocrx_word' id='word_1_264' title='bbox 619 4483 925 4574; x_wconf 79' lang='lat' dir='ltr'><strong>Gamrnnczrozn,</strong></span> <span class='ocrx_word' id='word_1_265' title='bbox 952 4485 1036 4555; x_wconf 88' lang='lat' dir='ltr'><strong>villa</strong></span> <span class='ocrx_word' id='word_1_266' title='bbox 1058 4486 1121 4557; x_wconf 88' lang='lat' dir='ltr'><strong>suh</strong></span> <span class='ocrx_word' id='word_1_267' title='bbox 1140 4486 1307 4576; x_wconf 91' lang='lat' dir='ltr'><strong>parochia</strong></span> <span class='ocrx_word' id='word_1_268' title='bbox 1332 4485 1375 4557; x_wconf 90' lang='lat' dir='ltr'><strong>de</strong></span> <span class='ocrx_word' id='word_1_269' title='bbox 1402 4485 1740 4579; x_wconf 86' lang='lat' dir='ltr'><strong>Goszczelyecz</strong></span> <span class='ocrx_word' id='word_1_270' title='bbox 1766 4487 1842 4575; x_wconf 85' lang='lat' dir='ltr'><strong>sita,</strong></span> <span class='ocrx_word' id='word_1_271' title='bbox 1869 4485 1967 4557; x_wconf 90' lang='lat' dir='ltr'><strong>cuius</strong></span> <span class='ocrx_word' id='word_1_272' title='bbox 1985 4507 2063 4577; x_wconf 82' lang='lat' dir='ltr'><strong>pro</strong></span> 
     </span>
     <span class='ocr_line' id='line_1_32' title="bbox 513 4605 2064 4699; baseline 0.001 -23"><span class='ocrx_word' id='word_1_273' title='bbox 513 4605 645 4697; x_wconf 88' lang='lat' dir='ltr'><strong>prietas</strong></span> <span class='ocrx_word' id='word_1_274' title='bbox 672 4606 716 4677; x_wconf 90' lang='lat' dir='ltr'><strong>ad</strong></span> <span class='ocrx_word' id='word_1_275' title='bbox 744 4605 1000 4678; x_wconf 91' lang='lat' dir='ltr'><strong>serenissimum</strong></span> <span class='ocrx_word' id='word_1_276' title='bbox 1037 4606 1212 4677; x_wconf 92' lang='lat' dir='ltr'><strong>dominum</strong></span> <span class='ocrx_word' id='word_1_277' title='bbox 1246 4605 1412 4679; x_wconf 91' lang='lat' dir='ltr'><strong>Poloniae</strong></span> <span class='ocrx_word' id='word_1_278' title='bbox 1447 4628 1565 4699; x_wconf 83' lang='lat' dir='ltr'><strong>regem</strong></span> <span class='ocrx_word' id='word_1_279' title='bbox 1600 4607 1760 4698; x_wconf 90' lang='lat' dir='ltr'><strong>pertinet.</strong></span> <span class='ocrx_word' id='word_1_280' title='bbox 1803 4607 1844 4678; x_wconf 92' lang='lat' dir='ltr'><strong>In</strong></span> <span class='ocrx_word' id='word_1_281' title='bbox 1881 4628 1951 4697; x_wconf 89' lang='lat' dir='ltr'><strong>qua</strong></span> <span class='ocrx_word' id='word_1_282' title='bbox 1986 4611 2064 4678; x_wconf 89' lang='lat' dir='ltr'><strong>sunt</strong></span> 
     </span>
     <span class='ocr_line' id='line_1_33' title="bbox 507 4727 2064 4820; baseline 0.001 -22"><span class='ocrx_word' id='word_1_283' title='bbox 507 4727 605 4815; x_wconf 89' lang='lat' dir='ltr'><strong>lanei</strong></span> <span class='ocrx_word' id='word_1_284' title='bbox 633 4727 881 4818; x_wconf 87' lang='lat' dir='ltr'><strong>emethonales,</strong></span> <span class='ocrx_word' id='word_1_285' title='bbox 914 4728 998 4799; x_wconf 91' lang='lat' dir='ltr'><strong>item</strong></span> <span class='ocrx_word' id='word_1_286' title='bbox 1024 4727 1210 4818; x_wconf 89' lang='lat' dir='ltr'><strong>tabernae,</strong></span> <span class='ocrx_word' id='word_1_287' title='bbox 1246 4728 1329 4800; x_wconf 89' lang='lat' dir='ltr'><strong>item</strong></span> <span class='ocrx_word' id='word_1_288' title='bbox 1356 4728 1597 4819; x_wconf 92' lang='lat' dir='ltr'><strong>hortulaniae,</strong></span> <span class='ocrx_word' id='word_1_289' title='bbox 1633 4728 1676 4800; x_wconf 90' lang='lat' dir='ltr'><strong>de</strong></span> <span class='ocrx_word' id='word_1_290' title='bbox 1703 4727 1828 4820; x_wconf 87' lang='lat' dir='ltr'><strong>quibus</strong></span> <span class='ocrx_word' id='word_1_291' title='bbox 1855 4728 2005 4800; x_wconf 85' lang='lat' dir='ltr'><strong>solvitur</strong></span> <span class='ocrx_word' id='word_1_292' title='bbox 2029 4733 2064 4799; x_wconf 90' lang='lat' dir='ltr'><strong>et</strong></span> 
     </span>
     <span class='ocr_line' id='line_1_34' title="bbox 515 4847 1406 4939; baseline -0.001 -19"><span class='ocrx_word' id='word_1_293' title='bbox 515 4849 718 4920; x_wconf 90' lang='lat' dir='ltr'><strong>conducitur</strong></span> <span class='ocrx_word' id='word_1_294' title='bbox 745 4848 877 4920; x_wconf 88' lang='lat' dir='ltr'><strong>decima</strong></span> <span class='ocrx_word' id='word_1_295' title='bbox 903 4847 1129 4939; x_wconf 90' lang='lat' dir='ltr'><strong>manipularis</strong></span> <span class='ocrx_word' id='word_1_296' title='bbox 1157 4855 1193 4921; x_wconf 88' lang='lat' dir='ltr'><strong>et</strong></span> <span class='ocrx_word' id='word_1_297' title='bbox 1219 4849 1406 4939; x_wconf 88' lang='lat' dir='ltr'><strong>canapalia.</strong></span> 
     </span>
    </p>

    <p class='ocr_par' dir='ltr' id='par_1_13' title="bbox 511 4968 2063 5406">
     <span class='ocr_line' id='line_1_35' title="bbox 619 4968 2063 5063; baseline 0.001 -22"><span class='ocrx_word' id='word_1_298' title='bbox 619 4968 814 5059; x_wconf 79' lang='lat' dir='ltr'><strong>Oauzrezn,</strong></span> <span class='ocrx_word' id='word_1_299' title='bbox 842 4969 925 5041; x_wconf 83' lang='lat' dir='ltr'><strong>villa</strong></span> <span class='ocrx_word' id='word_1_300' title='bbox 951 4971 1015 5041; x_wconf 93' lang='lat' dir='ltr'><strong>sub</strong></span> <span class='ocrx_word' id='word_1_301' title='bbox 1042 4971 1207 5061; x_wconf 86' lang='lat' dir='ltr'><strong>parochia</strong></span> <span class='ocrx_word' id='word_1_302' title='bbox 1233 4970 1276 5042; x_wconf 92' lang='lat' dir='ltr'><strong>de</strong></span> <span class='ocrx_word' id='word_1_303' title='bbox 1294 4970 1632 5063; x_wconf 81' lang='lat' dir='ltr'><strong>(losczyelyecz</strong></span> <span class='ocrx_word' id='word_1_304' title='bbox 1659 4973 1735 5062; x_wconf 85' lang='lat' dir='ltr'><strong>sita,</strong></span> <span class='ocrx_word' id='word_1_305' title='bbox 1754 4972 1852 5043; x_wconf 92' lang='lat' dir='ltr'><strong>cuins</strong></span> <span class='ocrx_word' id='word_1_306' title='bbox 1869 4973 2063 5063; x_wconf 84' lang='lat' dir='ltr'><strong>proprietas</strong></span> 
     </span>
     <span class='ocr_line' id='line_1_36' title="bbox 511 5090 2053 5183; baseline 0 -20"><span class='ocrx_word' id='word_1_307' title='bbox 511 5090 556 5163; x_wconf 91' lang='lat' dir='ltr'><strong>ad</strong></span> <span class='ocrx_word' id='word_1_308' title='bbox 582 5091 830 5162; x_wconf 90' lang='lat' dir='ltr'><strong>monasterium</strong></span> <span class='ocrx_word' id='word_1_309' title='bbox 857 5090 1138 5163; x_wconf 85' lang='lat' dir='ltr'><strong>deBrzesslro</strong></span> <span class='ocrx_word' id='word_1_310' title='bbox 1166 5091 1335 5182; x_wconf 90' lang='lat' dir='ltr'><strong>pertinet,</strong></span> <span class='ocrx_word' id='word_1_311' title='bbox 1362 5091 1495 5163; x_wconf 91' lang='lat' dir='ltr'><strong>decima</strong></span> <span class='ocrx_word' id='word_1_312' title='bbox 1521 5113 1603 5164; x_wconf 90' lang='lat' dir='ltr'><strong>vero</strong></span> <span class='ocrx_word' id='word_1_313' title='bbox 1630 5091 1855 5183; x_wconf 90' lang='lat' dir='ltr'><strong>manipularis</strong></span> <span class='ocrx_word' id='word_1_314' title='bbox 1883 5092 1929 5163; x_wconf 93' lang='lat' dir='ltr'><strong>ad</strong></span> <span class='ocrx_word' id='word_1_315' title='bbox 1955 5113 2053 5183; x_wconf 91' lang='lat' dir='ltr'><strong>prae·</strong></span> 
     </span>
     <span class='ocr_line' id='line_1_37' title="bbox 514 5199 2061 5304; baseline 0 -20"><span class='ocrx_word' id='word_1_316' title='bbox 514 5212 662 5284; x_wconf 82' lang='lat' dir='ltr'><strong>bendum</strong></span> <span class='ocrx_word' id='word_1_317' title='bbox 689 5211 960 5303; x_wconf 87' lang='lat' dir='ltr'><strong>Gracoviensem,</strong></span> <span class='ocrx_word' id='word_1_318' title='bbox 988 5233 1075 5302; x_wconf 91' lang='lat' dir='ltr'><strong>quae</strong></span> <span class='ocrx_word' id='word_1_319' title='bbox 1102 5219 1246 5285; x_wconf 89' lang='lat' dir='ltr'><strong>vocatur</strong></span> <span class='ocrx_word' id='word_1_320' title='bbox 1273 5210 1480 5304; x_wconf 86' lang='lat' dir='ltr'><strong>Gonowska,</strong></span> <span class='ocrx_word' id='word_1_321' title='bbox 1507 5219 1544 5285; x_wconf 88' lang='lat' dir='ltr'><strong>et</strong></span> <span class='ocrx_word' id='word_1_322' title='bbox 1561 5215 1660 5286; x_wconf 84' lang='lat' dir='ltr'><strong>valor</strong></span> <span class='ocrx_word' id='word_1_323' title='bbox 1686 5215 1761 5286; x_wconf 92' lang='lat' dir='ltr'><strong>eius</strong></span> <span class='ocrx_word' id='word_1_324' title='bbox 1789 5199 1997 5287; x_wconf 86' lang='lat' dir='ltr'><strong>aestimatur</strong></span> <span class='ocrx_word' id='word_1_325' title='bbox 2021 5211 2061 5284; x_wconf 86' lang='lat' dir='ltr'><strong>ad</strong></span> 
     </span>
     <span class='ocr_line' id='line_1_38' title="bbox 516 5333 802 5406; baseline 0 -2"><span class='ocrx_word' id='word_1_326' title='bbox 516 5333 633 5405; x_wconf 91' lang='lat' dir='ltr'><strong>decem</strong></span> <span class='ocrx_word' id='word_1_327' title='bbox 659 5355 802 5406; x_wconf 88' lang='lat' dir='ltr'><strong>marcas.</strong></span> 
     </span>
    </p>
   </div>
   <div class='ocr_carea' id='block_1_7' title="bbox 515 5453 2059 5775">
    <p class='ocr_par' dir='ltr' id='par_1_14' title="bbox 515 5453 2059 5775">
     <span class='ocr_line' id='line_1_39' title="bbox 617 5453 2058 5550; baseline 0.002 -26"><span class='ocrx_word' id='word_1_328' title='bbox 617 5453 919 5545; x_wconf 78' lang='lat' dir='ltr'><strong>hirsnnwozrczn,</strong></span> <span class='ocrx_word' id='word_1_329' title='bbox 960 5455 1044 5527; x_wconf 82' lang='lat' dir='ltr'><strong>villa</strong></span> <span class='ocrx_word' id='word_1_330' title='bbox 1071 5456 1134 5528; x_wconf 90' lang='lat' dir='ltr'><strong>sub</strong></span> <span class='ocrx_word' id='word_1_331' title='bbox 1162 5457 1397 5547; x_wconf 85' lang='lat' dir='ltr'><strong>parochiade</strong></span> <span class='ocrx_word' id='word_1_332' title='bbox 1434 5455 1804 5550; x_wconf 81' lang='lat' dir='ltr'><strong>Goszczyelyecz</strong></span> <span class='ocrx_word' id='word_1_333' title='bbox 1840 5457 1927 5547; x_wconf 91' lang='lat' dir='ltr'><strong>sita,</strong></span> <span class='ocrx_word' id='word_1_334' title='bbox 1966 5457 2058 5529; x_wconf 91' lang='lat' dir='ltr'><strong>cuius</strong></span> 
     </span>
     <span class='ocr_line' id='line_1_40' title="bbox 515 5574 2059 5674; baseline 0.003 -31"><span class='ocrx_word' id='word_1_335' title='bbox 515 5574 711 5665; x_wconf 90' lang='lat' dir='ltr'><strong>proprietas</strong></span> <span class='ocrx_word' id='word_1_336' title='bbox 738 5577 782 5648; x_wconf 91' lang='lat' dir='ltr'><strong>ad</strong></span> <span class='ocrx_word' id='word_1_337' title='bbox 808 5577 1043 5667; x_wconf 90' lang='lat' dir='ltr'><strong>praepositum</strong></span> <span class='ocrx_word' id='word_1_338' title='bbox 1079 5577 1197 5649; x_wconf 87' lang='lat' dir='ltr'><strong>Sancti</strong></span> <span class='ocrx_word' id='word_1_339' title='bbox 1224 5578 1406 5651; x_wconf 88' lang='lat' dir='ltr'><strong>Michaelis</strong></span> <span class='ocrx_word' id='word_1_340' title='bbox 1438 5579 1475 5649; x_wconf 93' lang='lat' dir='ltr'><strong>in</strong></span> <span class='ocrx_word' id='word_1_341' title='bbox 1503 5585 1618 5650; x_wconf 89' lang='lat' dir='ltr'><strong>castro</strong></span> <span class='ocrx_word' id='word_1_342' title='bbox 1646 5576 1867 5652; x_wconf 74' lang='lat' dir='ltr'><strong>cracoviensi</strong></span> <span class='ocrx_word' id='word_1_343' title='bbox 1902 5579 2059 5674; x_wconf 87' lang='lat' dir='ltr'><strong>pertinet,</strong></span> 
     </span>
     <span class='ocr_line' id='line_1_41' title="bbox 518 5693 1805 5775; baseline 0 -4"><span class='ocrx_word' id='word_1_344' title='bbox 518 5693 651 5771; x_wconf 85' lang='lat' dir='ltr'><strong>decima</strong></span> <span class='ocrx_word' id='word_1_345' title='bbox 676 5715 758 5769; x_wconf 85' lang='lat' dir='ltr'><strong>vero</strong></span> <span class='ocrx_word' id='word_1_346' title='bbox 786 5697 905 5774; x_wconf 91' lang='lat' dir='ltr'><strong>totalis</strong></span> <span class='ocrx_word' id='word_1_347' title='bbox 933 5697 977 5773; x_wconf 89' lang='lat' dir='ltr'><strong>ad</strong></span> <span class='ocrx_word' id='word_1_348' title='bbox 1004 5697 1321 5775; x_wconf 87' lang='lat' dir='ltr'><strong>archidiaconatum</strong></span> <span class='ocrx_word' id='word_1_349' title='bbox 1348 5698 1621 5775; x_wconf 82' lang='lat' dir='ltr'><strong>Oracorieusem.</strong></span> <span class='ocrx_word' id='word_1_350' title='bbox 1801 5697 1805 5707; x_wconf 89' lang='lat'>&#39;</span> 
     </span>
    </p>
   </div>
   <div class='ocr_carea' id='block_1_8' title="bbox 0 0 2291 6596">
    <p class='ocr_par' dir='ltr' id='par_1_15' title="bbox 0 0 2291 6596">
     <span class='ocr_line' id='line_1_42' title="bbox 0 0 2291 6596; baseline 0 0"><span class='ocrx_word' id='word_1_351' title='bbox 0 0 2291 6596; x_wconf 95' lang='lat' dir='ltr'><strong> </strong></span> 
     </span>
    </p>
   </div>
  </div>
 </body>
</html>
