4550 6600
1748 759 1808 880 ι69

366 951 541 1044 Ponuon,
575 953 659 1026 villa
685 955 749 1027 sub
780 931 945 1046 parocbia
970 956 1013 1028 de
1039 957 1364 1052 Krezanczyce
1399 962 1486 1051 sita,
1521 963 1617 1034 cuius
1643 964 1810 1054 medietas

261 1073 415 1163 pertinet
442 1074 487 1145 ad
505 1075 754 1149 monasterium
773 1073 1062 1168 Andrzeoviense,
1089 1097 1132 1149 ex
1151 1078 1337 1152 donatione
1362 1081 1533 1153 lobannis
1559 1084 1811 1176 archiepiscopi

261 1191 477 1266 Gneznensis
505 1200 542 1267 et
568 1193 755 1268 Clementis
783 1197 922 1286 militis3
957 1199 1070 1270 altera
1094 1221 1178 1271 vero
1212 1201 1380 1273 medietas
1407 1201 1452 1272 ad
1478 1203 1612 1274 nobiles
1638 1203 1682 1275 dc
1708 1205 1810 1277 domo

262 1369 404 1385 ......
423 1316 587 1406 pertinet,
613 1317 649 1387 in
671 1337 747 1416 vqua
772 1323 854 1388 eunt
880 1318 973 1390 lanei
999 1321 1252 1412 cmethonales,
1278 1322 1322 1394 de
1349 1323 1474 1414 quibus
1501 1324 1649 1396 solvitur
1675 1332 1713 1398 et
1730 1345 1811 1407 con-

261 1435 400 1508 ducitur
427 1436 560 1508 decima
584 1437 810 1527 manipularis
837 1443 873 1509 et
899 1441 1084 1530 canapalis.
1251 1449 1255 1455 '

366 1557 576 1648 Murranum,
603 1558 686 1629 villa
712 1557 775 1628 sub
793 1559 959 1648 parochia
985 1561 1151 1632 ecclesiae
1177 1562 1221 1634 de
1246 1561 1573 1656 Krczonczyce
1600 1566 1686 1655 sita,
1713 1567 1810 1638 cuiue

261 1679 459 1750 haereditas
486 1699 528 1749 ex
556 1678 741 1750 donatione
776 1678 947 1751 Johannis
974 1678 1189 1754 Gneznensis
1216 1685 1466 1776 archiepiscopi
1492 1685 1536 1756 ad
1562 1687 1810 1759 monasterium

260 1797 540 1870 Andrzeoviense
574 1799 747 1888 pertinet,
781 1799 817 1870 in
845 1820 913 1890 qua
939 1807 1021 1872 sunt
1047 1807 1180 1892 septem
1216 1804 1308 1876 lanei
1344 1805 1597 1903 emethonales,
1632 1806 1716 1878 item
1742 1827 1812 1878 una

256 1918 412 2007 taberna,
439 1918 570 1990 habens
597 1939 709 2010 agroa
736 1919 821 1991 item
847 1920 1091 1993 hortulaniae..
1111 1977 1118 1992 .
1138 1977 1173 1992 ..
1598 1917 1603 1924 ’

362 2037 741 2136 Worcznonowrezn,
768 2038 852 2110 uilla
870 2041 935 2114 sub
953 2041 1119 2131 parocbia
1137 2043 1181 2114 de
1207 2021 1544 2135 Krczanczy'ce,
1572 2045 1670 2117 cuius
1687 2046 1812 2118 haereo

254 2157 406 2230 lacobus
432 2158 537 2230 Kula
550 2159 593 2231 de
612 2159 713 2232 domo
732 2159 1007 2252 Accipitrum,
1033 2162 1070 2233 in
1090 2183 1158 2254 qua
1170 2183 1241 2235 non
1260 2169 1342 2235 suut
1368 2166 1602 2237 cmetbonales
1619 2166 1721 2256 lanei,
1748 2166 1810 2238 sed

163 2361 167 2376 Ι
258 2279 477 2352 hortulaniae
495 2285 654 2384 quatuor,
680 2281 850 2354 habentes
868 2302 979 2373 agnou,
1006 2283 1090 2355 item
1112 2284 1294 2374 praedium
1312 2306 1418 2356 unum
1436 2285 1596 2377 militare,
1622 2285 1809 2377 dequibus

257 2401 417 2472 omnibus
444 2401 591 2473 solvitur
617 2401 750 2474 decime
775 2403 1001 2493 manipularis
1028 2405 1194 2478 ecclesiae
1219 2410 1257 2478 et
1275 2405 1428 2497 plebano
1451 2407 1487 2478 in
1513 2406 1809 2498 Krczanczyce‚

257 2529 294 2593 et
319 2522 418 2594 valor
444 2522 519 2594 eius
546 2523 753 2595 aestimatur
778 2523 823 2597 ad
841 2577 982 2596 ......
1861 2615 1867 2622 ,

358 2643 572 2734 Zrnnounr,
599 2643 682 2715 villa
702 2645 766 2716 sub
784 2645 952 2735 parochia
969 2645 1013 2717 de
1030 2645 1315 2739 Krczanczyce
1342 2648 1418 2737 sita,
1445 2647 1542 2720 cuius
1568 2648 1693 2720 haeres
1719 2647 1810 2721 idem

254 2763 408 2836 lacobus
426 2763 547 2856 Kula,
565 2765 603 2836 in
622 2785 691 2857 qna
708 2769 790 2837 sunt
806 2765 899 2837 lanei
918 2767 1166 2858 cmethonales,
1185 2768 1268 2840 item
1286 2769 1461 2858 tabernae,
1479 2769 1567 2840 item
1582 2769 1803 2841 hortulaniae

253 2883 297 2956 de
324 2885 448 2976 quibus
476 2885 621 2957 solvitur
648 2890 685 2956 et
710 2885 914 2958 conducitur
941 2885 1073 2959 decima
1099 2887 1324 2978 manipularis
1350 2893 1387 2959 et
1414 2888 1601 2978 canapalis.

359 3004 517 3096 Wonrn,
544 3005 628 3078 villa
654 3007 718 3078 sub
744 3006 912 3096 parochia
938 3007 981 3078 de
1007 3007 1340 3099 Krezanozyce
1367 3007 1445 3099 sita,
1472 3009 1569 3081 cuius
1595 3009 1720 3080 haeres
1746 2997 1810 3100 pro

253 3147 325 3198 una
359 3130 459 3216 parte
485 3124 637 3199 lacobus
672 3125 791 3198 Kula
825 3125 1020 3219 praefatus,
1047 3147 1110 3219 pro
1137 3128 1251 3200 altera
1284 3148 1367 3200 vero
1393 3127 1725 3221 Krczanczslry
1762 3128 1806 3201 de

254 3247 357 3321 domo
376 3302 536 3339 .......
563 3247 599 3319 in
627 3267 695 3339 qua
721 3252 803 3320 sunt
828 3247 919 3320 lanei
946 3248 1190 3321 emethonales.

360 3368 692 3459 Onrmrnuczrczn,
710 3370 794 3441 uilla
812 3370 876 3442 snb
894 3370 1059 3461 parocbia
1077 3371 1120 3443 de
1137 3370 1450 3462 Krczanczycze
1469 3372 1550 3462 sito,
1569 3372 1668 3444 cuius
1685 3373 1810 3444 haeres

255 3492 347 3563 idem
373 3490 480 3562 Kula
505 3489 657 3563 lacobus
684 3490 727 3567 de
754 3490 854 3563 domo
882 3490 1148 3584 Accipitrum,
1174 3493 1211 3563 in
1239 3513 1307 3584 qua
1333 3497 1416 3564 sunt
1440 3492 1533 3565 lanei
1559 3493 1803 3585 cmethonales,

255 3612 299 3685 de
327 3612 451 3704 quibus
479 3611 611 3683 decima
637 3612 862 3703 manipularis
889 3618 925 3684 et
952 3613 1127 3704 oanapalis
1130 3666 1241 3683 .....

885 3732 1178 3804 Sannznscnow.

358 3852 461 3944 Villa,
488 3829 619 3925 habens
646 3851 682 3923 in
710 3872 748 3925 se
774 3851 1007 3942 parochialem
1034 3852 1214 3923 ecclesiam
1240 3850 1401 3942 ligneam,
1427 3850 1555 3923 Sancto
1581 3850 1687 3923 Petro
1715 3852 1810 3943 Apo-

267 3974 357 4047 stolo
393 3974 561 4064 dicatam,
597 3973 693 4047 curius
728 3974 852 4045 haeres
887 3972 1016 4045 Paulus
1051 3972 1261 4046 Kosczan
1298 3971 1341 4044 de
1378 3971 1483 4044 domo
1515 3971 1812 4064 Accipitrum

255 4096 292 4167 in
321 4116 388 4187 qua
414 4088 497 4167 ‘sunt
529 4094 622 4167 lanei
658 4094 911 4185 emethoneles,
947 4093 1142 4185 dequibus
1178 4093 1328 4167 soluitur
1353 4092 1487 4166 decima
1522 4094 1747 4186 manipularis
1774 4100 1810 4168 et

255 4210 431 4307 canapalio
466 4238 530 4308 pro
566 4215 712 4288 ecclesia
747 4220 782 4287 et
809 4215 882 4287 eius
917 4214 1064 4306 plebano
1100 4214 1229 4299 ibidem
1265 4215 1301 4285 in
1329 4214 1677 4307 Sandzyschow,
1713 4218 1811 4289 cuius

255 4338 354 4410 valor
380 4337 583 4410 aestimatur
601 4336 645 4409 ad
665 4336 858 4427 quindecim
885 4358 1040 4427 marcas;
1066 4337 1151 4409 item
1177 4336 1357 4428 praedium
1384 4358 1499 4427 unum,
1526 4336 1570 4409 de
1588 4337 1685 4409 cuius
1704 4339 1811 4410 etiam

253 4458 347 4549 agris
374 4458 565 4530 decimatur
600 4458 748 4549 plebano
776 4479 848 4531 suo.
883 4458 972 4530 Item
998 4458 1167 4553 plebanus
1194 4463 1230 4529 ct
1256 4458 1403 4530 ecclesia
1438 4458 1545 4529 habet
1571 4458 1620 4529 ibi
1646 4458 1810 4549 proprios

253 4600 356 4671 agros
382 4580 511 4652 liberos
538 4584 575 4652 et
601 4584 710 4671 prata,
737 4600 800 4671 pro
828 4600 890 4652 suo
917 4601 982 4652 usu
1006 4586 1042 4652 et
1060 4580 1287 4669 necessitate3
1313 4579 1398 4651 item
1424 4578 1592 4670 plebanus
1610 4578 1717 4652 habet
1733 4585 1807 4651 tres

253 4701 417 4773 tabernas
443 4699 581 4792 ibidem,
608 4720 696 4792 quae
723 4700 790 4773 sibi
816 4722 880 4793 pro
908 4722 1012 4774 censu
1039 4702 1179 4774 solvunt
1180 4751 1294 4771 .....

357 4803 634 4914 Pnunourczn,
669 4822 753 4895 uilla
779 4823 843 4894 sub
870 4823 1038 4913 parocbia
1069 4822 1234 4895 ecclesiae
1261 4820 1304 4893 de
1331 4820 1633 4911 Sandzyscho
1646 4842 1687 4911 w,
1715 4820 1813 4894 cuius

254 4943 423 5015 haeredes
449 4942 582 5016 nobiles
610 4943 652 5015 de
679 4943 780 5016 domo
807 4944 1042 5034 Boleschi,
1068 4943 1104 5014 in
1133 4964 1201 5034 qua
1226 4946 1309 5014 sunt
1333 4942 1426 5013 lanei
1453 4941 1704 5031 emetbonales,
1731 4942 1815 5014 item
1886 4976 1892 4985 ¹

254 5064 483 5155 hortulaniae,
509 5064 593 5137 item
619 5065 794 5156 tabernae,
822 5064 865 5137 de
892 5066 1017 5155 quibus
1045 5052 1207 5136 omnibus'
1231 5062 1379 5136 solvitur
1397 5068 1434 5134 et
1451 5062 1659 5134 conducitur
1676 5062 1813 5135 decima

251 5184 479 5275 manipularis
506 5189 542 5257 et
555 5186 742 5276 canapalis
768 5206 832 5277 pro
860 5184 1005 5257 ecclesia
1031 5189 1068 5256 et
1092 5184 1240 5275 plebano
1266 5184 1303 5255 in
1330 5182 1682 5275 Sandzyschow.

359 5305 548 5395 Onnrczn,
575 5307 659 5379 villa
686 5308 749 5380 sub
776 5306 942 5398 parochia
969 5305 1133 5378 ecclesiae
1161 5305 1205 5378 de
1231 5304 1572 5398 Sandzyschou
1599 5304 1682 5395 sita,
1709 5303 1808 5378 culus

251 5427 381 5499 haereo
404 5426 554 5501 lacobus
581 5426 686 5500 Kula
712 5428 755 5499 de
782 5427 888 5499 armis
915 5431 951 5499 et
976 5425 1108 5498 famulia
1139 5425 1412 5517 Accipitrum,
1447 5426 1484 5497 in
1511 5447 1580 5517 qua
1613 5431 1695 5499 sunt
1721 5426 1813 5499 lanei

254 5549 506 5645 emetbouales,
534 5550 618 5627 item
645 5550 830 5642 tabernae,
866 5548 951 5620 item
978 5546 1216 5644 hortuluuiae,
1253 5546 1296 5623 de
1323 5548 1449 5645 quibus
1476 5548 1635 5625 omnibus
1660 5548 1808 5623 solvitur
