4550 6600
1691 758 1763 831 189

134 945 169 1021 Q
217 962 377 1054 dicatam,
405 964 502 1035 culus
520 965 644 1038 haeres
669 958 847 1037 lohannes
872 965 1160 1055 Dzaleczsky
1185 987 1249 1056 pro
1275 984 1345 1036 uua
1369 965 1576 1053 medietate,
1611 969 1648 1035 et
1673 964 1766 1036 Mat-

215 1085 320 1174 thias,
347 1084 508 1157 Andreas
535 1090 572 1157 et
599 1085 762 1159 Nicolaus
789 1106 852 1175 pro
880 1086 990 1159 altera
1015 1086 1212 1159 medietate.
1238 1087 1279 1157 Iu
1297 1106 1366 1176 qua
1389 1091 1471 1157 suut
1496 1086 1588 1158 lanei
1615 1087 1767 1159 cmetho·

139 1184 169 1283 ln
214 1205 330 1293 nales,
357 1204 400 1277 de
419 1206 543 1294 quibus
562 1204 709 1277 solvitur
735 1205 868 1277 deoIma
896 1258 1037 1279 .....
1064 1207 1153 1279 Item
1179 1206 1337 1298 praelata
1363 1200 1508 1277 scelesta
1533 1206 1639 1279 hahet
1664 1227 1767 1299 agros

134 1318 168 1388 Q.
215 1326 393 1415 speciales,
421 1346 485 1415 pro
512 1348 574 1398 suo
601 1327 743 1416 praedio
771 1332 807 1397 et
833 1348 976 1399 necess„
1002 1333 1049 1397 le.

298 1512 301 1523 .
323 1444 563 1519 Urusznzucz
577 1448 780 1536 Uerrucios,
806 1448 890 1519 villa
909 1449 972 1519 suh
991 1448 1157 1538 parochia
1174 1448 1218 1519 de
1234 1447 1522 1539 Woylrowicze
1539 1447 1768 1519 Kosczelue
1799 1544 1801 1550 Ι

134 1560 165 1627 Q
216 1568 303 1655 sita,
339 1568 437 1639 cuius
472 1568 641 1641 haeredes
678 1568 869 1641 Stanislaus
891 1573 933 1639 et
958 1567 1137 1640 Iohannes
1173 1567 1468 1660 Grahowslry.
1511 1570 1551 1639 Iu
1588 1589 1656 1658 qua
1685 1574 1767 1641 suut

134 1674 165 1766 lc
216 1690 366 1778 qu'atuor
392 1688 484 1759 lauei
511 1689 743 1761 cmethoualcs
770 1694 806 1760 et
831 1688 987 1778 praedia,
1024 1689 1066 1760 de
1094 1690 1219 1779 quihus
1245 1689 1379 1761 decima
1404 1688 1630 1779 manipularis
1657 1688 1765 1759 eccle·

134 1796 165 1870 lc
217 1810 290 1879 sIae
316 1809 352 1879 in
379 1808 624 1880 Schewior.
650 1809 739 1880 Item
766 1810 849 1881 villa
875 1808 1036 1899 praelata
1062 1810 1167 1883 solvit
1193 1810 1358 1883 ecclesIae
1384 1810 1421 1883 in
1447 1808 1765 1902 Woykowicze

134 1916 183 2010 lp·
215 1929 505 2001 columbationem
532 1935 569 2002 et
595 1929 712 2001 Sancti
738 1930 837 2001 Petri
863 1930 1052 2003 denarium.

134 2043 165 2111 ih
323 2050 542 2130 Uruzuzuez
561 2070 776 2141 rnoxruron,
794 2052 878 2123 villa
896 2052 959 2123 suh
979 2052 1148 2141 parochia
1171 2052 1214 2122 de
1231 2050 1519 2142 Woylrowioze
1540 2035 1770 2146 Kosczelue

134 2162 140 2230 l
223 2172 312 2260 sita,
352 2171 448 2241 cuius
484 2170 653 2242 haeredes
679 2170 890 2262 Matthaeus,
918 2171 1078 2243 Andreas
1110 2176 1147 2243 et
1173 2172 1337 2243 Nicotaus
1364 2172 1407 2242 de
1434 2172 1535 2243 domo
1562 2172 1769 2259 Nowina3

138 2285 166 2355 tr
218 2312 308 2381 quae
335 2291 441 2361 hahet
467 2290 553 2361 duos
579 2291 698 2362 laneos
726 2292 967 2381 cmethonales‚
995 2292 1038 2363 de
1058 2293 1183 2383 quibus
1202 2293 1336 2365 decima
1352 2292 1577 2383 manipularis
1604 2292 1768 2362 ecclesiae
1858 2270 1886 2357 J

134 2409 165 2476 lt
215 2412 249 2481 in
289 2410 574 2501 Schyewyor.
605 2410 694 2482 Item
730 2412 812 2484 villa
838 2412 997 2502 praelata
1032 2413 1136 2485 solvit
1163 2414 1328 2487 ecclesiae
1363 2413 1399 2483 in
1434 2412 1765 2507 Woykowycze

134 2530 162 2617 li
216 2532 505 2603 columbatiouem
534 2538 570 2602 et
597 2531 716 2604 Sancti
743 2532 841 2603 Petri
867 2532 1056 2605 denarium.

321 2653 503 2740 Dauara,
538 2652 622 2723 villa
636 2645 712 2723 'sub
739 2654 905 2741 parochia
931 2654 974 2725 de
1000 2653 1320 2744 Woykowicze
1352 2656 1439 2745 sita,
1475 2655 1573 2726 cuius
1599 2653 1767 2726 haeredes

134 2774 161 2861 in
217 2772 629 2863 NicolausDamhslry
656 2772 818 2845 dedomo
847 2773 1118 2863 Sternbark,
1147 2773 1325 2847 Johannos
1345 2774 1767 2865 Golanslrydedomo

141 2912 156 2963 a
218 2894 480 2965 Sterubark
507 2893 737 2965 etJohauues
765 2894 1096 2985 Ugyesudzslry
1124 2894 1288 2967 dedomo
1314 2895 1514 2967 Nowiua.
1539 2896 1580 2966 Iu
1600 2899 1769 2985 quasunt

134 3019 160 3105 pia
220 3036 280 3085 sex
308 3014 400 3085 lanei
427 3014 670 3104 emethonales
697 3014 781 3085 item
808 3015 1019 3087 scoltetiales
1047 3000 1115 3085 duo
1142 3015 1244 3104 lanei,
1272 3016 1466 3105 dequibus
1493 3015 1650 3087 omuibus
1677 3014 1792 3085 deci·'

218 3157 273 3207 ma
294 3189 461 3205 .......
488 3135 574 3205 Item
603 3135 670 3207 duo
697 3136 850 3225 praedia,
877 3135 920 3207 de
948 3136 1071 3225 quihus
1099 3135 1293 3206 decimatur
1320 3134 1487 3205 ecclesiae
1514 3132 1769 3223 praehendatae

219 3256 337 3342 Sancti
363 3255 532 3328 JohannIs
560 3256 742 3346 Baptistae
770 3254 1024 3328 Graeculae
1052 3256 1159 3346 sitae,
1186 3258 1246 3346 qui
1272 3261 1354 3327 sunt
1380 3255 1521 3346 patroni
1539 3308 1652 3324 .....
1678 3254 1768 3326 Item

220 3377 302 3446 villa
335 3375 493 3467 praelata
528 3377 632 3448 solvit
657 3377 693 3450 iu
720 3377 1039 3468 Woykowicze
1074 3377 1241 3450 ecclesiae
1276 3376 1562 3450 columhatiouem
1589 3380 1625 3448 et
1651 3373 1770 3448 Sancti

219 3496 317 3568 Petri
345 3498 533 3570 denarium.
1767 3571 1773 3580 ,

134 3703 136 3714 Ι
323 3617 591 3709 Gourauscus,
619 3619 702 3690 villa
728 3620 791 3690 suh
819 3621 984 3709 parochia
1011 3619 1054 3690 de
1080 3618 1399 3709 Woylrowicze
1426 3619 1504 3708 sita,
1532 3619 1628 3690 cuius
1646 3619 1769 3689 haeres

221 3739 384 3810 Nicolaus
411 3740 638 3830 Dambslry
665 3740 767 3811 iudex
793 3745 910 3811 terrae
937 3740 1261 3830 Schyewyerieusis,
1286 3739 1330 3808 de
1356 3740 1464 3808 armis
1490 3738 1770 3826 Sternhark,

220 3859 397 3930 Iohannes
425 3857 666 3950 Golansky
693 3860 736 3930 de
763 3861 868 3932 armiS
895 3860 1166 3931 Sternhark.
1201 3860 1242 3930 Iu
1270 3880 1338 3948 qua
1364 3864 1445 3930 suut
1472 3879 1532 3930 sex
1558 3859 1650 3928 lanei
1677 3878 1768 3928 ome-

134 4012 146 4054 ·.r
220 3980 388 4070 thonales,
416 3979 458 4050 de
486 3981 610 4069 quihus
637 3981 783 4051 solvitur
810 3980 944 4052 decima
970 3979 1205 4069 manipularis,
1232 3979 1293 4050 sed
1319 3979 1497 4068 perceptio
1524 3979 1598 4049 eius
1625 3978 1770 4049 diversi·

221 4100 355 4188 ficator,
383 4122 450 4170 uuo
478 4101 569 4170 euim
596 4121 685 4172 auno
713 4102 804 4172 tollit
830 4101 925 4172 illam
952 4102 1133 4190 episcopus
1162 4099 1409 4188 GracovieusIs,
1437 4099 1506 4170 alio
1525 4119 1607 4170 vero
1626 4098 1803 4170 ecclesia.

221 4227 255 4290 et
283 4221 451 4310 plebanus
479 4220 522 4292 dc
549 4220 826 4311 Ozyelyadz,
854 4221 951 4292 cuius
978 4221 1076 4292 valor
1103 4221 1147 4292 ad
1175 4241 1236 4292 sex
1262 4240 1396 4290 marcas
1423 4220 1636 4290 aestimatur.
1680 4219 1769 4288 Item

139 4408 142 4416 ,
222 4340 289 4412 duo
317 4341 470 4430 praedia
497 4341 539 4412 de
567 4341 690 4430 quihus
718 4340 910 4412 decimatur
937 4341 1103 4412 ecclesiae
1129 4339 1249 4413 Sancti
1275 4339 1445 4412 Johaunis
1472 4341 1508 4410 in
1534 4337 1770 4410 Gracovia.

325 4461 620 4551 Muunrowrczs,
648 4461 731 4532 villa
758 4461 821 4532 suh
849 4463 1015 4551 parochia
1041 4461 1084 4533 de
1111 4461 1153 4532 W
1168 4460 1432 4551 oykowicze
1459 4461 1535 4549 sita,
1564 4460 1661 4529 cuius
1688 4459 1770 4528 hae-

136 4633 140 4649 ,
221 4583 322 4652 redes
341 4581 519 4652 Iohannes
537 4579 785 4672 Golansky,
812 4582 975 4653 Nloolaus
1001 4583 1232 4672 Dambsky
1259 4586 1296 4653 et
1312 4580 1520 4668 Andreas....;
1547 4579 1583 4649 iu
1602 4599 1671 4669 qua
1688 4583 1770 4650 suut

231 4703 323 4774 lanei
351 4703 597 4792 cmethonales,
623 4704 706 4773 item
734 4703 963 4792 hortulauiae,
991 4702 1033 4775 de
1061 4703 1186 4792 quihus
1214 4702 1372 4772 omuibus
1405 4701 1554 4772 soletur
1580 4699 1771 4772 decima......

134 4861 138 4902 :
223 4823 310 4894 Item
345 4824 428 4894 villa
462 4822 619 4912 praelata
654 4823 758 4894 solvit
793 4823 956 4895 ecclesiae
992 4825 1027 4895 iu
1062 4822 1387 4912 Woykowicze
1423 4820 1709 4894 columhatiouem
1735 4827 1772 4892 et

224 4944 402 5016 denarium
429 4943 547 5015 Sancti
574 4943 682 5015 Petri.

905 5064 1098 5134 Bumozru.

327 5183 499 5273 Oppidum
525 5185 659 5275 regium
694 5185 825 5256 habeus
852 5185 888 5254 iu
915 5205 952 5254 se
979 5184 1160 5254 ecclesiam
1186 5181 1422 5273 parochialem
1448 5181 1563 5272 lapide
1590 5186 1771 5271 muratam,

225 5311 259 5376 et
285 5305 410 5376 Sancto
431 5359 544 5374 .....
564 5304 720 5376 dicatam.
747 5305 797 5375 Iu‘
816 5325 884 5395 qua
910 5310 992 5376 sunt
1018 5305 1110 5374 lanei
1128 5303 1389 5394 oppidanorum,
1416 5302 1459 5374 de
1478 5303 1603 5392 quihus
1621 5302 1770 5373 solvitur

134 5509 136 5542 Ι
226 5426 357 5496 decima
381 5426 571 5516 pecunialis
597 5447 660 5515 pro
688 5425 833 5497 ecclesia
860 5431 896 5496 et
921 5425 1069 5514 plebano
1097 5426 1133 5494 in
1160 5423 1391 5512 Bandzyu.
1426 5423 1513 5492 Item
1540 5422 1707 5513 plebanus
1734 5429 1771 5495 et

134 5575 136 5614 i
226 5545 369 5624 ecclesia
393 5547 524 5628 hahent
550 5547 598 5622 ibi
624 5547 785 5663 proprIos
812 5567 914 5636 agros
941 5551 977 5618 et
1003 5550 1115 5636 prata,
1141 5565 1206 5639 pro
1233 5564 1296 5615 suo
1322 5542 1466 5640 praedio
1494 5548 1530 5621 et
1555 5544 1770 5624 necessitate.
