4550 6600
479 770 551 845 242

475 980 637 1067 taberna,
665 979 747 1047 item
773 974 1009 1063 hortulaniae,
1037 972 1080 1045 de
1108 971 1233 1063 quibus
1261 970 1409 1044 solvitur
1427 976 1463 1043 et
1480 970 1685 1044 conducitur
1711 970 1843 1044 decima
1859 974 2019 1065 ¹manipu-

473 1100 556 1170 laris
583 1105 619 1169 et
646 1098 841 1188 canapalis3
868 1098 952 1167 item
979 1101 1034 1166 est
1061 1094 1110 1166 ibi
1138 1094 1297 1165 scoltetia
1323 1116 1393 1166 una
1418 1095 1553 1166 habens
1571 1150 1687 1165 .....

1094 1214 1407 1288 166666666666.
1429 1197 1440 1211 ’

579 1340 674 1411 11116
709 1340 842 1413 habeus
871 1340 906 1409 in
934 1358 971 1409 66
997 1336 1232 1428 parochialem
1268 1338 1447 1409 ecclesiam
1482 1338 1652 1429 ligneam,
1688 1336 1823 1410 Sanctis
1857 1334 1960 1410 Petro
1989 1346 2023 1410 et

473 1461 582 1533 Paulo
611 1463 776 1550 dicatam,
804 1460 899 1531 cuius
926 1458 1123 1549 proprietas
1152 1463 1188 1528 et
1205 1458 1468 1549 iuspatronatus
1495 1460 1650 1549 pertinet
1676 1460 1720 1530 ad
1748 1459 2027 1530 sanctimoniales

476 1584 518 1653 (16
545 1583 754 1672 Antiqua
781 1580 996 1651 Sandecz.
1023 1575 1063 1650 In
1092 1601 1161 1670 qua
1188 1586 1270 1651 sunt
1297 1581 1388 1651 lanei
1415 1581 1666 1671 cmethonales,
1693 1582 1776 1651 item
1795 1601 1865 1650 una
1881 1582 2027 1651 taberna

474 1704 606 1775 habens
634 1724 752 1793 66666,
780 1702 821 1773 (16
850 1702 973 1793 quibus
1010 1702 1168 1773 omnibus
1195 1708 1231 1772 et
1258 1701 1300 1772 de
1328 1700 1490 1791 praedio,
1527 1702 1619 1792 quod
1646 1707 1700 1773 est
1725 1702 1791 1792 ibi,
1820 1702 1968 1773 solvitur
1993 1708 2027 1771 et

475 1825 677 1896 conducitur
705 1824 836 1895 decima
862 1822 1088 1912 manipularis
1111 1828 1147 1893 et
1165 1824 1340 1913 canapalis
1368 1822 1533 1894 ecclesiae
1560 1823 1697 1914 eteius
1724 1822 1873 1912 plebano
1899 1824 1934 1892 in
1961 1823 2065 1893 Ja-⁰

474 1947 804 2039 hublrowyczc,
841 1950 877 2016 61
904 1944 1002 2016 valor
1029 1944 1102 2015 eius
1130 1944 1338 2016 aestimatur
1364 1944 1410 2015 ad
1437 1950 1514 2015 6616
1552 1964 1706 2033 666666;
1742 1946 1825 2015 item
1860 1944 2028 2034 plebanus

473 2068 580 2139 habet
607 2068 655 2139 ibi
683 2088 786 2158 agros
813 2087 940 2157 paucos
968 2071 1003 2136 et
1030 2071 1187 2157 pratum,
1214 2086 1279 2156 pro
1306 2086 1368 2138 suo
1395 2087 1461 2137 666
1488 2071 1523 2137 61
1549 2066 1764 2137 66666611616.

577 2188 879 2277 Ζ6666666666,
907 2186 990 2258 villa
1016 2187 1080 2258 sub
1106 2188 1271 2277 parochia
1298 2187 1463 2259 ecclesiae
1481 2187 1524 2258 de
1552 2186 1576 2259 J
1586 2186 1926 2278 akubhowyczo
1952 2188 2028 2274 sita,

477 2310 573 2381 cuius
600 2310 797 2400 proprietas
825 2308 869 2379 ad
896 2307 1175 2379 sanctimoniales
1202 2308 1365 2399 pertinet.
1391 2308 1432 2380 16
1460 2330 1529 2399 qua
1555 2314 1636 2379 6661
1663 2315 1813 2399 quatuor
1829 2308 1922 2379 lanei
1940 2328 2030 2377 cme-

475 2432 651 2521 116666166,
679 2431 761 2501 item
788 2436 869 2501 sunt
895 2430 944 2501 ibi
973 2433 1120 2520 quatuor
1147 2428 1386 2519 hortulaniae,
1413 2430 1497 2500 item
1523 2450 1593 2501 una
1619 2430 1782 2518 taberna,
1810 2430 1893 2500 item
1921 2450 2027 2499 unum

476 2552 727 2643 molendinum,
755 2552 797 2623 de
825 2552 949 2643 quibus
977 2550 1144 2641 omnibns,
1173 2552 1321 2623 solvitur
1347 2556 1384 2622 et
1411 2550 1616 2623 conducitur
1641 2550 1776 2621 decima
1800 2550 2029 2640 manipularis

475 2694 539 2764 666
566 2676 727 2765 66166666
755 2671 998 2763 (1666666661,
1035 2674 1132 2743 66166
1160 2673 1259 2743 66166
1285 2673 1330 2743 ad
1357 2693 1417 2743 sex
1445 2692 1579 2743 marcas
1615 2673 1837 2760 aestimatur,
1863 2672 1947 2741 item
1976 2676 2030 2740 est

475 2796 523 2866 ibi
550 2818 655 2867 unum
682 2794 862 2885 praedium
889 2792 1105 2883 coenobiale,
1133 2794 1177 2865 (16
1204 2794 1301 2865 66166
1329 2793 1423 2883 agris
1449 2815 1518 2866 non
1546 2794 1693 2864 solvitur
1719 2793 1821 2864 alicui
1848 2790 1990 2863 decima.

579 2916 840 3006 Snnnnnown,
866 2915 950 2987 villa
969 2915 1033 2985 sub
1051 2916 1217 3005 parochia
1243 2914 1286 2986 de
1312 2914 1336 2985 J
1343 2915 1569 2986 akubkow
1578 2935 1684 3006 ycze
1711 2916 1798 3005 6116,
1825 2915 1923 2985 66166
1949 2935 2030 3003 666-

476 3039 608 3129 6616166
636 3038 680 3107 ad
708 3035 984 3107 sanctimoniales
1012 3036 1173 3124 pertinet.
1208 3036 1249 3107 ln
1278 3056 1346 3126 qua
1373 3017 1523 3126 quatuor
1548 3036 1640 3106 lanei
1668 3035 1918 3125 cmethonales,
1945 3036 2030 3104 item

475 3180 545 3229 una
571 3157 730 3229 scoltetia
765 3156 896 3228 habens
929 3176 1050 3246 agros,
1085 3156 1168 3228 item
1202 3156 1435 3228 molendinum
1463 3162 1499 3228 61
1524 3178 1595 3228 666
1620 3158 1766 3229 taberna
1802 3156 1959 3245 scolteti,
1986 3157 2030 3225 de

476 3281 600 3372 quibus
628 3280 786 3352 omnibus
813 3278 907 3371 agris
934 3278 1037 3351 villae
1064 3278 1174 3351 161166
1201 3278 1349 3351 66161166
1375 3284 1422 3350 et·
1439 3278 1643 3351 conducitur
1678 3278 1812 3351 decima
1837 3278 2030 3368 manipula-

474 3403 524 3472 ris
551 3423 615 3493 pro
643 3402 803 3491 episcopo
831 3400 1068 3492 Cracoviensi,
1096 3407 1130 3472 61
1156 3401 1255 3472 valor
1281 3401 1356 3472 eius
1383 3400 1427 3473 ad
1454 3422 1515 3473 sex
1542 3421 1677 3472 mareas
1704 3401 1915 3472 aestimatur.
1950 3399 2028 3469 Nou

476 3527 530 3593 est
554 3523 755 3594 hortulanis
781 3522 916 3614 aliqua,
944 3543 1054 3613 neque
1081 3523 1230 3594 taberna
1256 3522 1475 3595 coenobialis.
1506 3503 1509 3508 ’

585 3641 731 3715 116666
768 3643 1002 3735 Sunnnown,
1042 3643 1126 3716 villa
1161 3644 1225 3716 sub
1262 3645 1428 3733 parochia
1462 3643 1504 3715 de
1540 3641 1562 3716 J
1572 3643 1914 3734 akubkowycze
1951 3641 2029 3730 sita,

474 3765 570 3838 cuius
591 3767 792 3858 'proprietas
819 3765 864 3837 ad
891 3765 1170 3838 sanctimoniales
1204 3766 1366 3856 pertinet.
1402 3765 1442 3836 In
1470 3785 1538 3856 qua
1563 3771 1642 3836 tres
1663 3765 1755 3836 lanei
1783 3765 2029 3853 cmethonaleS,

473 3887 516 3958 de
545 3878 668 3979 quibus
696 3889 855 3960 omnibus
890 3889 1039 3960 solvitur
1065 3893 1101 3960 et
1128 3886 1333 3958 conducitur
1368 3886 1500 3957 decima
1535 3885 1759 3975 manipularis
1787 3892 1824 3956 et
1849 3886 2028 3975 666666116

473 4029 537 4098 666
565 4011 725 4098 66166666
762 4007 999 4099 Cracoviensi,
1035 4009 1132 4078 cuius
1159 4007 1258 4079 valor
1284 4007 1490 4078 aestimatur
1517 4006 1561 4078 ad
1587 4011 1660 4078 tres
1686 4027 1830 4078 marcas.
1865 4005 1952 4077 Item
1979 4007 2030 4075 rbi

473 4149 541 4198 non
569 4133 651 4199 sunt
677 4129 913 4219 hortulaniae,
941 4133 1106 4200 6666661
1123 4129 1310 4219 tabernae,
1337 4129 1420 4199 item
1437 4128 1672 4200 molendinum
1686 4129 1792 4201 etiam
1811 4150 1889 4218 uon,
1916 4149 2030 4218 neque

382 4231 391 4237 ’
474 4249 663 4339 praedium.

576 4369 814 4461 Lossosrnn,
841 4368 925 4442 villa
943 4372 1006 4443 sub
1025 4371 1190 4462 parochia
1209 4370 1252 4443 (16
1270 4367 1294 4443 J
1303 4370 1645 4464 akublrowycze
1664 4373 1750 4464 sita,
1778 4373 1875 4444 cuius
1901 4372 2029 4443 haeres

473 4488 702 4582 Wyernelr
730 4491 773 4562 de
801 4495 906 4564 armis
943 4491 966 4564 J
975 4513 1133 4585 onyna.
1168 4493 1210 4565 In
1238 4514 1306 4584 qua
1333 4499 1414 4565 sunt
1440 4495 1531 4565 lanei
1559 4494 1812 4584 cmethonales,
1848 4495 1929 4564 item
1958 4515 2029 4563 666

472 4611 637 4703 taberna,
665 4613 709 4683 ad
737 4615 988 4705 proprietatem
1015 4615 1154 4706 plebani
1172 4615 1369 4706 pertinens,
1397 4637 1484 4707 quae
1503 4616 1607 4687 solvit
1623 4616 1772 4706 plebano
1790 4635 1854 4705 pro
1873 4635 2029 4704 censu....,

474 4733 516 4805 de
544 4735 667 4824 quibus
695 4735 852 4829 omnibns
888 4737 1036 4810 solvitur
1067 4743 1103 4809 et
1130 4737 1334 4809 conducitur
1369 4735 1501 4808 decima
1535 4735 1761 4830 manipularis
1789 4743 1825 4807 61
1851 4736 2029 4826 canapalis

473 4875 536 4944 pro
573 4855 718 4927 ecclesia
753 4863 788 4928 61
823 4858 969 4950 plebano
1006 4861 1041 4930 in
1077 4859 1100 4932 J
1110 4859 1471 4950 akubkowycze,
1514 4864 1550 4929 61
1580 4857 1680 4929 valor
1716 4857 1791 4928 eius
1826 4857 1872 4928 ad
1908 4857 2029 4928 decem

472 4997 606 5047 marcas
642 4979 854 5052 aestimatur.
887 4983 974 5055 Item
1010 4983 1192 5076 praedium
1227 4981 1277 5052 ibi
1304 4987 1357 5052 661
1392 5001 1497 5051 6666
1533 4979 1712 5070 haeredis,
1748 4977 1791 5050 de
1819 5000 1887 5069 quo
1923 4980 2028 5050 etiarn

471 5097 661 5169 decimatur
687 5121 751 5190 666
778 5103 922 5177 66616616
948 5105 984 5177 16
1011 5103 1395 5194 Jakubkowycze.

574 5218 853 5318 Waonowrczs,
880 5227 963 5300 villu
998 5228 1062 5300 sub
1090 5226 1257 5319 parochia
1284 5223 1451 5296 ecclesiae
1478 5221 1521 5293 de
1548 5219 1921 5315 Jakublrowycze
1948 5221 2028 5307 sita,

395 5355 404 5368 “
472 5339 568 5412 66166
594 5341 719 5416 hamos
745 5345 1041 5444 Wronowslry
1069 5350 1112 5422 de
1139 5348 1246 5421 armis
1265 5399 1379 5417 .....
1405 5346 1446 5415 16
1466 5364 1535 5435 qua
1552 5351 1633 5415 sunt
1659 5339 1752 5415 lanei
1778 5343 2026 5427 cmethonales,

471 5461 554 5532 item
588 5483 658 5533 666
693 5466 856 5562 taberna,
893 5471 974 5544 item
1012 5471 1232 5546 hortulaniae
1267 5469 1436 5539 habentes
1472 5487 1594 5558 agros,
1629 5465 1672 5535 de
1704 5465 1829 5556 quibus
1865 5464 2026 5536 omnibus

471 5581 619 5653 solvitur
645 5591 680 5656 et
707 5589 910 5663 conducitur
937 5593 1070 5664 decima
1097 5590 1324 5681 manipularis
1352 5593 1387 5658 61
1413 5587 1588 5677 666666116
1615 5605 1680 5676 666
1698 5591 1847 5677 quatuor
1874 5587 2024 5675 ierugas,

469 5723 534 5796 pro
552 5693 697 5777 ecclesia
714 5713 749 5778 et
767 5707 913 5798 plebano
933 5715 967 5782 in
995 5711 1018 5782 J
1028 5713 1388 5801 ukuhkouycze,
1416 5709 1512 5780 cuius
1531 5707 1630 5778 valor
1647 5707 1692 5778 ad
1711 5714 1861 5798 quatuor
1886 5725 2023 5779 marcas
