4550 6600
1731 784 1803 856 177

250 988 549 1063 cmetbonaleset
574 988 663 1062 duae
690 988 857 1063 tabernae
884 988 1053 1063 habentes
1080 1008 1203 1080 agroS,
1240 990 1284 1062 de
1311 988 1436 1081 quibus
1471 988 1630 1061 omnibus
1657 988 1806 1062 solvitur

250 1112 386 1202 ‹lecima
403 1112 593 1203 pecunialis
610 1133 793 1202 perunum
811 1110 991 1203 fertonem,
1009 1133 1073 1203 pro
1087 1113 1288 1202 praebenda
1302 1110 1532 1202 Oracoviensi²
1550 1131 1639 1202 quae
1657 1118 1804 1183 vocatur

248 1232 453 1324 Zyrawska.
496 1232 584 1305 Item
612 1240 667 1305 est
692 1233 742 1305 ibi
769 1233 944 1323 scoltetia‚
981 1254 1068 1324 quae
1094 1234 1202 1305 babet
1235 1240 1308 1305 tres
1344 1234 1463 1305 laneos
1499 1231 1670 1305 etduas-
1688 1232 1804 1304 taber-

249 1374 334 1445 nas,
371 1374 516 1445 quarum
552 1375 622 1426 una
656 1360 738 1426 ante
773 1354 796 1425 J
806 1375 973 1445 aszyen
1010 1355 1117 1427 habet
1143 1375 1266 1446 agros,
1301 1360 1338 1427 et
1372 1356 1416 1426 de
1443 1355 1539 1445 agris
1572 1355 1741 1425 tabernae
1767 1358 1804 1429 et

249 1476 449 1566 sceltonae,
485 1476 590 1548 solvit
615 1477 782 1547 scultetus
816 1482 889 1547 tres
916 1475 1070 1547 fertones
1106 1498 1171 1567 pro
1198 1477 1331 1548 decima
1365 1477 1538 1568 pecuniali
1573 1475 1740 1546 ecclesiae
1767 1480 1804 1544 et

249 1596 399 1686 plebano
426 1598 462 1668 in
489 1596 686 1687 Zyrawa.
714 1598 803 1668 Item
829 1598 965 1669 ratione
992 1594 1146 1667 nacocbnc
1171 1598 1277 1670 solet
1302 1597 1448 1689 quilibet
1474 1598 1595 1667 laneus
1612 1601 1685 1667 tres
1703 1616 1814 1686 gros-¹

249 1738 311 1789 sos
336 1740 400 1808 pro
427 1718 573 1790 ecclesia
599 1723 635 1789 et
660 1718 807 1809 plebano
834 1719 871 1789 in
898 1718 1122 1809 Zyrawa.'

174 1830 178 1845 '
358 1840 498 1929 Bonan,
524 1831 698 1911 villa'sub
721 1840 886 1930 parocbia
913 1839 955 1910 de
982 1839 1171 1931 Zyrawa
1197 1842 1275 1931 sita,
1302 1841 1400 1912 cuins
1426 1840 1623 1931 proprietas
1650 1837 1694 1916 ad
1712 1858 1805 1909 scre-

250 1961 433 2032 nissimum
459 1960 625 2032 Poloniae
651 1980 769 2057 regem
804 1961 964 2051 pertinet.
1008 1960 1048 2031 In
1076 1982 1144 2051 qua
1170 1968 1253 2033 sunt
1278 1962 1396 2033 decem
1423 1968 1460 2033 et
1485 1966 1565 2033 octo
1590 1960 1683 2031 lanei
1715 1980 1806 2031 cme-

250 2082 428 2172 thonales,
465 2082 508 2153 de
535 2082 661 2173 quibus
687 2082 836 2153 solvitur
863 2082 995 2153 decima
1029 2084 1220 2173 pecunialis
1256 2104 1320 2172 pro
1334 2082 1545 2174 praebenda
1571 2080 1805 2171 Gracoviensi,

252 2224 344 2293 quae
370 2209 515 2275 vocatur
532 2188 748 2295 'Zyrawslrm
784 2224 847 2294 per
873 2226 979 2275 unum
1006 2202 1177 2275 fertonem
1205 2206 1394 2276 communis
1420 2205 1595 2295 pecuniae.
1638 2204 1727 2274 Item
1754 2207 1809 2273 est
1892 2271 1896 2276 .

251 2325 304 2395 ibi
332 2326 490 2396 scoltetia
515 2325 657 2397 habens.
683 2329 756 2396 tres
780 2326 918 2416 laneca,
955 2326 998 2397 de
1025 2327 1150 2417 quibus
1176 2346 1241 2416 pro
1268 2327 1408 2433 decima
1427 2325 1600 2416 pecuniali
1625 2325 1808 2395 solvuntur
1947 2328 1955 2336 '

252 2446 420 2518 ecelesiae
447 2452 484 2517 et
509 2446 658 2536 plebano
686 2452 760 2520 tres
794 2446 957 2518 fertones.
1002 2448 1090 2519 Item
1117 2449 1153 2518 in
1181 2448 1301 2519 eadem
1335 2448 1418 2518 uilla
1453 2447 1560 2517 babet
1593 2445 1739 2517 ecclesia
1764 2444 1808 2515 de

252 2566 282 2636 Z
291 2568 304 2637 i
315 2586 466 2659 rzawy
489 2588 594 2638 unum
608 2568 746 2651 laneum
759 2568 948 2659 proprium,
963 2568 1006 2640 de
1021 2589 1088 2659 quo
1103 2569 1252 2640 solvitur
1266 2589 1398 2640 census.
1424 2569 1513 2639 Item
1531 2588 1633 2638 unam
1651 2565 1808 2644 hortula-

251 2688 359 2778 nIam,
377 2688 546 2777 quaesibi
559 2694 711 2767 censuat.
728 2688 817 2759 Item
831 2688 967 2759 ratione
981 2686 1133 2758 mcccbne
1147 2689 1252 2759 solvit
1270 2688 1416 2779 quilibet
1429 2689 1551 2759 laneus
1569 2693 1642 2758 tres
1655 2708 1805 2777 grossos,

360 2806 539 2899 wazone,
567 2809 650 2880 villa
676 2810 739 2881 sub
766 2810 932 2900 parochia
959 2808 1002 2880 de
1029 2808 1156 2881 Sancto
1183 2809 1373 2880 Laurentio
1408 2810 1444 2880 in
1472 2808 1694 2900 Gzyrkew
1730 2808 1806 2896 sito,

253 2930 353 3001 cuius
380 2930 548 3001 haeredes
574 2930 617 3001 de
644 2930 897 3002 Milosthin
925 2931 968 3002 do
996 2929 1097 3002 domo
1125 2929 1227 3002 Oxa.
1262 2931 1303 3002 In
1330 2952 1398 3021 qua
1429 2937 1512 3002 sunt
1537 2930 1629 3000 lanei
1656 2930 1808 3000 cmetbo-

253 3051 363 3141 nales‚
391 3052 434 3123 de
462 3052 598 3141 quibus
614 3052 789 3142 perceptio
818 3051 970 3122 decimae
996 3052 1222 3142 manipularis
1250 3052 1514 3139 diversificatum
1541 3072 1621 3121 nam
1639 3070 1809 3139 unapars

253 3172 348 3243 cedit
375 3193 439 3263 pro
467 3172 668 3263 episcopatu
695 3171 936 3261 Gracoviensi3
973 3174 1089 3244 altera
1114 3194 1179 3265 pro
1205 3173 1354 3263 plebano
1369 3263 1372 3269 Ι
1390 3173 1434 3243 ad
1461 3171 1624 3243 Sanctum
1655 3172 1809 3243 Lauren-

252 3294 341 3366 tium
370 3293 406 3364 in
433 3292 698 3386 Czyerkeu3
734 3294 842 3366 tertia
877 3315 941 3385 pro
969 3294 1116 3385 plebano
1143 3295 1178 3365 in
1206 3294 1420 3366 Zirzawa.
1446 3294 1534 3364 Item
1562 3299 1644 3364 sunt
1669 3292 1719 3363 ibi
1742 3292 1812 3362 tria

252 3416 400 3506 praedia
426 3417 610 3506 militaria,
646 3437 752 3488 unum
781 3416 885 3489 solvit
912 3401 1079 3488 decimam
1114 3417 1281 3488 ecclesiae
1313 3417 1350 3486 in
1385 3416 1618 3506 Zirzawy‚
1653 3414 1721 3484 ouo
1748 3435 1812 3503 pro

253 3538 404 3609 ecclesia
430 3537 549 3609 Sancti
576 3537 758 3610 Laurentii
785 3539 821 3609 in
849 3537 1109 3630 Ozyerkew.

804 3719 809 3726 .
909 3659 1173 3732 Sunnowsczn.

733 4145 857 4219 ann
883 4167 990 4218 ancus
1017 4146 1103 4218 alias
1126 4145 1357 4218 Knonnwrm.

362 4267 458 4339 Villa
484 4269 615 4340 babens
642 4268 677 4338 in
705 4289 742 4339 se
769 4269 1003 4358 parochialem
1026 4269 1205 4339 ecclesiam
1233 4270 1390 4359 ligneam,
1418 4267 1544 4338 Sancto
1567 4265 1697 4337 Iacobo
1717 4265 1812 4356 Apo·

256 4389 350 4460 stolo
378 4390 544 4480 dicatam,
581 4390 678 4461 cuius
713 4391 910 4480 proprietas
948 4391 993 4461 ad
1021 4391 1281 4461 serenissimum
1308 4390 1473 4460 Poloniac
1501 4410 1618 4478 regem
1654 4389 1813 4477 pertinet.
1865 4397 1870 4404 '

256 4511 299 4582 ln
328 4533 397 4602 qua
425 4517 506 4582 sunt
532 4511 623 4582 lanei
651 4511 903 4601 cmetbonaleS‚
940 4511 1022 4582 item
1051 4513 1237 4601 tabernae,
1274 4497 1357 4582 item
1389 4511 1583 4599 hortulani,
1621 4509 1814 4598 dequibus

258 4634 419 4704 omnibus
447 4632 594 4704 solvitur
620 4631 754 4704 decima
789 4632 977 4722 pecunialis
1005 4654 1069 4723 pro
1097 4633 1259 4723 episcopo
1295 4632 1526 4703 cracoviensi.
1571 4631 1657 4700 Item
1685 4636 1738 4699 cst
1764 4629 1814 4699 ibi

258 4777 330 4825 una
358 4755 517 4824 scoltetia
543 4755 676 4826 babens
704 4775 807 4844 agros
834 4755 1003 4844 proprios²
1032 4754 1074 4825 de
1103 4755 1227 4844 quibos
1255 4755 1404 4825 solvitur
1430 4751 1563 4823 decima
1589 4749 1814 4839 manipularis

259 4875 427 4946 ecclesiae
454 4880 490 4946 et
515 4875 662 4964 plebano
698 4876 733 4945 in
760 4873 1016 4946 Krolewlra.
1062 4875 1148 4946 Item
1184 4875 1292 4945 babet
1326 4874 1471 4945 ecclesia
1507 4878 1544 4943 ct
1569 4873 1737 4962 plebanus
1772 4870 1815 4940 (le

126 4993 132 5004 '
258 4995 419 5087 praelata
444 4997 528 5068 uilla
554 4994 706 5067 masclae
740 5017 830 5086 per.
971 5016 1150 5067 mensuras
1178 4996 1325 5085 siliginis
1353 5000 1389 5065 et
1413 5016 1477 5085 per
1502 4995 1649 5064 totidem
1676 5013 1814 5063 avenae.

258 5118 347 5189 Item
376 5118 426 5188 ibi
453 5117 598 5190 ecclesia
624 5123 660 5189 et
687 5117 854 5207 plebanus
880 5119 988 5189 habet
1015 5119 1177 5208 proprios
1205 5138 1308 5207 agras
1335 5121 1372 5188 et
1397 5121 1507 5206 prata,
1533 5134 1597 5204 pro
1625 5135 1688 5183 sno
1715 5133 1815 5202 prae-

260 5239 319 5311 dio
348 5245 385 5310 et
410 5239 629 5311 necessitate.

247 5435 251 5440 ,
366 5359 597 5451 znnnozrn,
632 5359 717 5432 villa
743 5362 807 5434 sub
834 5361 999 5451 parocbia
1026 5359 1068 5431 de
1095 5358 1345 5430 Kroleuka
1371 5358 1458 5446 sita,
1494 5355 1591 5428 cuius
1618 5355 1815 5446 proprietas

259 5481 305 5555 ad
332 5482 591 5554 serenissimum
618 5481 785 5553 Poloniac
811 5503 928 5572 regem
964 5481 1126 5570 pertinet.
1171 5481 1210 5550 ln
1240 5501 1308 5569 qua
1334 5484 1416 5549 sunt
1450 5477 1542 5547 lanei
1573 5476 1816 5565 cmetbonalos‚

259 5606 346 5676 item
374 5603 550 5694 tabernae,
577 5603 660 5674 item
687 5603 874 5694 hortulani,
901 5603 1087 5692 dequibus
1115 5601 1274 5671 omnibus
1293 5599 1441 5678 solvitur
1468 5598 1600 5669 decima
1623 5595 1816 5702 'pecunialis

259 5747 325 5817 per
344 5777 487 5796 ......
514 5725 606 5814 episc
614 5745 677 5814 apo
705 5724 935 5796 Gracoviensi.
963 5723 1049 5798 Item
1076 5723 1246 5812 plebanus
1264 5728 1301 5792 et
1318 5721 1463 5791 ecclesia
1489 5719 1596 5790 babet
1612 5718 1662 5789 ibi
1680 5718 1816 5790 ratione

332 5935 336 5938 ,
363 5890 412 5932 Iulli.
428 5888 525 5930 ameno.
542 5890 573 5932 11.
673 5935 676 5946 Ι
1375 5951 1378 5955 ,
1614 5865 1651 5916 23
