4550 6600
1747 775 1794 846 55

248 965 472 1050 Slabosch
497 973 694 1050 tenutarins
730 972 916 1051 modcmns
943 973 1105 1069 prohibet
1132 998 1208 1051 earn
1234 974 1402 1071 plebano,
1430 997 1606 1072 asserens,
1633 981 1726 1072 quod
1753 982 1798 1054 ad

245 1097 534 1188 praebendarium
561 1100 668 1171 castri
693 1098 895 1190 Oczyecz
922 1101 1098 1190 pertinere
1125 1100 1280 1184 deberet.
1784 1079 1790 1097 ’

861 1219 1191 1292 Hammnownczu

351 1338 464 1430 Villa,
491 1337 624 1412 habens
660 1340 696 1412 in
732 1361 769 1412 se
795 1341 1028 1446 parochialem
1055 1341 1235 1432 ecclesiam
1260 1341 1429 1434 ligneam,
1456 1341 1583 1414 Sancto
1609 1343 1798 1416 Bartholo-¹

247 1479 346 1531 maeo
382 1460 549 1552 dicatam,
577 1463 673 1532 cuius
709 1461 905 1551 proprietas
933 1461 977 1532 ad
1003 1462 1275 1533 illustrissimum
1301 1461 1466 1535 Polomae
1491 1485 1609 1554 regem
1635 1466 1797 1555 pertinet,

248 1580 285 1652 in
313 1601 382 1672 qna
418 1587 500 1654 sunt
534 1583 659 1672 viginti
694 1603 754 1666 sex
780 1581 872 1653 lanei
899 1583 1152 1674 emethonales,
1180 1583 1223 1653 de
1251 1583 1375 1674 quibus
1402 1585 1561 1656 omnibus
1588 1585 1737 1657 soluitur
1763 1591 1799 1656 et

250 1701 453 1774 conducitur
487 1702 622 1774 decima
656 1702 879 1793 manipularis
906 1708 942 1774 et
970 1704 1144 1793 canapalis
1171 1725 1235 1794 pro
1262 1704 1368 1776 altari
1393 1705 1541 1776 Sanctae
1568 1704 1735 1796 Agnetis,
1762 1713 1800 1778 et
1876 1769 1879 1776 .

174 1813 176 1818 ’
247 1841 314 1911 per
340 1829 489 1913 quatuor
522 1823 660 1914 ierugas
696 1824 885 1914 canapalis,
913 1829 949 1895 et
975 1825 1074 1896 valor
1100 1825 1175 1896 eius
1202 1826 1407 1897 aestimatur
1433 1827 1478 1898 ad
1504 1827 1630 1916 viginti
1655 1847 1799 1899 mareas.

244 1941 335 2014 Item
371 1947 425 2014 est
459 1943 508 2014 ibi
535 1963 640 2015 unum
666 1944 846 2035 praedium
873 1945 1025 2035 regium,
1052 1945 1134 2016 item
1162 1966 1232 2016 una
1257 1947 1422 2037 taberna,
1449 1947 1581 2019 habens
1608 1968 1728 2038 agros,
1756 1947 1800 2020 de

157 2107 164 2116 -
246 2062 372 2152 quibus
399 2063 545 2135 solvitur
582 2065 714 2136 decima
739 2065 967 2156 manipularis
994 2065 1159 2137 ccclesIae
1185 2070 1222 2136 et
1248 2066 1396 2156 plebano
1422 2067 1459 2137 in
1486 2067 1801 2160 Herm-anony-

135 2265 141 2281 ,
244 2201 340 2273 cze;
366 2184 451 2256 item
477 2188 531 2256 est
557 2185 606 2257 ibi
633 2185 809 2276 scultetus,
837 2186 896 2276 qui
923 2207 1000 2257 curn
1027 2187 1098 2257 suis
1127 2186 1336 2258 hortulaniis
1363 2186 1468 2258 solvit
1495 2187 1662 2259 decimam
1688 2188 1799 2260 mani-

245 2304 401 2395 pularem
427 2305 574 2396 plebano
610 2307 646 2377 in
673 2305 870 2377 Herman
883 2301 1079 2398 owyeze3
1114 2307 1198 2380 item
1225 2312 1280 2378 est
1305 2308 1355 2378 ibi
1380 2329 1470 2380 unus
1496 2309 1618 2380 laneus
1645 2310 1797 2380 emetho-

245 2426 352 2517 nalis,
380 2429 439 2518 qui
475 2427 673 2499 abstractus
709 2428 833 2499 estin
869 2428 1048 2518 praedium
1083 2429 1236 2518 regium,
1263 2433 1300 2500 et
1326 2450 1396 2500 non
1422 2430 1497 2500 sine
1522 2429 1651 2501 iniuria
1676 2430 1798 2501 altaris

246 2546 396 2639 praelati
423 2546 570 2645 Sanctae
597 2547 755 2639 Agnetis,
783 2548 826 2620 de
854 2570 921 2640 quo
937 2549 1106 2640 plebanus
1125 2549 1289 2620 decimam
1308 2550 1411 2640 tollit,
1429 2571 1501 2622 una
1518 2571 1594 2621 cum
1612 2551 1799 2640 praediali;

245 2669 356 2741 habet·
379 2670 483 2740 etiam
511 2669 679 2760 plebanus
706 2670 929 2742 medietatem
956 2670 1048 2740 lanei
1066 2670 1292 2741 emethonalis
1314 2671 1382 2742 sibi
1399 2675 1608 2742 testamento
1626 2671 1799 2761 donatam,

246 2791 308 2864 sed
344 2790 386 2862 de
422 2790 483 2862 illa
516 2811 596 2882 pro·
616 2788 723 2862 altari
759 2791 950 2863 decimatur
977 2791 1012 2862 in
1036 2787 1254 2886 pouitbwom.
1292 2790 1382 2862 Item
1409 2795 1464 2862 est
1489 2792 1539 2862 ibi
1565 2790 1799 2863 molendinum

243 2933 361 3003 unum,
387 2911 448 2984 sed
474 2931 544 2984 non
570 2913 676 2984 habet
702 2933 815 3002 agros.
1343 2901 1347 2907 ’

352 3030 650 3124 Gornnowuczn
677 3033 761 3104 villa
788 3033 852 3104 sub
879 3033 1045 3124 parochia
1063 3032 1229 3103 ecelesiae
1247 3031 1290 3102 de
1307 3030 1696 3124 Hermanowycze
1722 3033 1799 3123 sito,

163 3145 171 3157 “
245 3154 342 3226 cuius
369 3155 567 3246 proprietas
593 3153 638 3225 ad
665 3155 922 3226 serenissimum
949 3153 1114 3226 Poloniae
1140 3173 1259 3244 regem
1285 3154 1448 3244 pertinet,
1475 3154 1512 3224 iu
1539 3174 1610 3245 qua
1637 3160 1719 3224 sunt
1736 3173 1799 3224 sex

137 3376 143 3388 ι
242 3275 335 3348 lanei
361 3281 397 3348 et
423 3296 493 3348 una
518 3275 619 3367 virga
644 3275 880 3367 emethonalis,
906 3277 990 3348 item
1015 3295 1085 3347 una
1111 3276 1267 3366 taberna,
1293 3275 1426 3347 habens
1452 3295 1574 3366 agros,
1601 3274 1797 3366 dequibus
1921 3290 1923 3294 ’

246 3397 405 3470 omnibus
440 3397 589 3469 solvitur
623 3402 659 3468 et
693 3396 895 3469 conducitur
930 3396 1063 3468 decima
1097 3396 1323 3485 manipularis
1359 3396 1463 3467 altari
1489 3396 1636 3468 Sanctae
1662 3395 1798 3467 Mariae

229 3517 482 3611 ,Magdalenaa
509 3524 546 3590 et
573 3518 712 3591 solvunt
737 3538 801 3609 per
828 3522 977 3609 quatuor
1002 3518 1142 3607 ierugas
1169 3516 1337 3587 decimam
1364 3518 1497 3608 canapi,
1524 3523 1562 3589 et
1586 3517 1687 3589 valor
1704 3517 1797 3588 deei-

246 3660 323 3712 mae
358 3640 402 3723 ad
434 3644 510 3712 octo
545 3660 680 3711 marcas
715 3640 938 3729 aestimatur3
964 3640 1049 3710 item
1075 3638 1296 3709 hortulaniae
1322 3659 1392 3709 non
1421 3644 1511 3710 sunt.
1551 3639 1641 3711 Item
1668 3644 1723 3708 est
1748 3639 1798 3709 ibi

246 3762 412 3853 septimus
438 3762 569 3853 laneus,
597 3762 656 3853 qui
683 3762 764 3834 olim
791 3766 869 3832 erat
895 3759 1114 3848 scoltetialis‚
1142 3758 1368 3828 etredactus
1394 3759 1511 3829 estin
1539 3757 1800 3847 emethonalem,

247 3881 290 3953 de
317 3902 384 3974 quo
411 3882 602 3955 decimatur
629 3882 793 3954 ecclesiae
819 3882 855 3952 in
881 3880 1280 3970 Hermanowycze.

911 4002 1137 4073 Pnznurnra

350 4124 453 4217 Villa,
478 4126 611 4197 habens
638 4124 817 4202 ecelesiam
845 4122 1088 4215 parochialem,
1107 4121 1232 4193 Sancto
1259 4120 1405 4192 Nicolao
1432 4118 1621 4202 confessori
1640 4118 1797 4210 dicatam,

245 4244 394 4337 ligneam
420 4247 457 4317 in
484 4268 530 4337 se,
558 4248 655 4317 cuius
681 4247 878 4338 proprietas
906 4245 951 4317 ad
977 4243 1235 4315 serenissimum
1262 4241 1425 4313 Poloniae
1442 4262 1559 4332 regern
1578 4242 1740 4332 pertinet,
1758 4242 1795 4310 in

248 4388 317 4459 qua
342 4372 424 4439 sunt
449 4366 541 4439 lanei
567 4368 809 4457 emethonales,
836 4372 872 4438 et
898 4366 1043 4459 quilibet
1068 4365 1112 4437 de
1138 4365 1239 4437 laneo
1265 4369 1405 4435 tenetur
1430 4363 1565 4444 solvere
1583 4383 1647 4453 pro
1665 4362 1800 4432 decima

245 4488 419 4581 pecuniali
451 4488 538 4560 duos
573 4487 726 4561 fertones
762 4488 913 4560 latorum
947 4508 1168 4578 grossorum
1202 4487 1287 4557 item
1322 4485 1482 4556 scoltetia
1517 4488 1573 4554 est
1606 4483 1673 4572 ibi,
1710 4502 1800 4572 quae

247 4610 353 4683 solvit
385 4608 532 4700 plebano
561 4615 597 4682 et
623 4610 789 4681 ecclcsiae
815 4610 852 4681 in
877 4609 1141 4699 Przeginya
1166 4628 1230 4697 pro
1259 4607 1392 4678 decima
1416 4603 1589 4695 pecuniali
1616 4604 1702 4675 duos
1727 4601 1798 4673 ler-

245 4736 347 4803 tones
373 4730 523 4803 latorum
549 4752 760 4822 grossorum.
786 4731 874 4803 Item
901 4730 1046 4802 ecclesia
1071 4730 1107 4800 in
1134 4728 1398 4819 Przeginya
1424 4728 1531 4797 habet
1557 4726 1607 4797 ibi
1634 4724 1797 4815 proprios
1945 4795 1952 4802 ,

245 4872 352 4943 agros
385 4858 421 4925 et
446 4857 558 4944 prata,
585 4872 650 4942 pro
678 4872 740 4953 sno
766 4850 909 4942 praedio
937 4856 973 4922 et
998 4850 1223 4937 necessitate;
1249 4849 1334 4919 item
1360 4848 1464 4919 solvit
1492 4846 1637 4945 quilibet
1662 4846 1799 4916 ratione

246 4970 400 5045 moechae
433 4974 582 5065 plebano
617 4993 721 5045 unam
756 4992 952 5045 mensnram
986 4970 1133 5061 siliginis
1170 4974 1207 5041 et
1231 4990 1335 5040 unam
1362 4988 1510 5058 arenae3
1536 4968 1620 5038 item
1645 4970 1799 5038 nonest

246 5094 298 5167 ibi
322 5095 512 5187 praedium.

351 5214 496 5307 Osrun,
522 5214 607 5289 villa
642 5214 705 5287 sub
740 5212 906 5306 parcella
933 5212 976 5285 de
1003 5210 1267 5303 Przeginya
1293 5209 1379 5300 sita,
1406 5209 1504 5281 cuius
1530 5208 1728 5300 proprietas
1753 5206 1800 5277 ad

246 5337 504 5411 serenissimum
529 5336 694 5408 Poloniae
721 5356 840 5426 regem
865 5334 1025 5425 pertinet,
1054 5333 1089 5404 in
1117 5354 1186 5423 qua
1212 5337 1294 5403 snut
1319 5331 1411 5402 lanei
1438 5330 1688 5419 emethonales,
1714 5328 1800 5401 item

244 5458 424 5549 tabernae,
450 5458 534 5529 item
559 5456 796 5546 hortulaniac,
824 5454 867 5526 de
895 5454 1020 5545 quibus
1047 5454 1205 5525 omnibns
1233 5451 1383 5523 soluitur
1408 5457 1445 5523 et
1470 5450 1677 5524 conducitur
1704 5450 1796 5521 deei-

245 5600 304 5653 ma
329 5578 555 5670 manipularis
582 5584 618 5650 et
645 5575 821 5668 canapalis
846 5594 910 5665 pro
937 5574 1083 5646 scelesta
1109 5573 1145 5644 in
1171 5572 1441 5663 Przeginya,
1469 5577 1504 5643 et
1529 5571 1629 5645 valor
1655 5570 1794 5642 eiusad

247 5754 256 5775 .
283 5754 292 5775 .
319 5753 327 5773 ·
353 5720 503 5773 marcas·-
