4550 6600
666 1000 669 1006 ’
716 1012 961 1099 Praebenda
996 1015 1035 1098 ln
1071 988 1334 1125 llyihwyani

341 1254 412 1327 Sub
444 1260 557 1327 castro
593 1254 874 1348 llythwyani
900 1256 986 1349 sita,
1023 1258 1133 1330 Beato
1167 1258 1314 1348 martyri
1350 1257 1542 1329 Adalberto
1569 1264 1605 1329 et
1630 1258 1788 1348 pontifici

233 1377 429 1448 oratorium
448 1376 521 1448 eius
539 1376 692 1467 ligneum
720 1375 871 1449 dicatum
898 1382 961 1469 est,
987 1398 1050 1469 per
1068 1378 1253 1450 Albertum
1280 1378 1303 1450 J
1313 1378 1679 1469 astrzambyecz,
1706 1384 1789 1451 tunc

232 1498 433 1589 episcopum
461 1497 733 1590 Cracoviensem,
762 1498 805 1570 de
831 1518 951 1571 mensa
977 1500 1164 1591 episcopali
1182 1499 1404 1574 Gracoviensi
1431 1500 1561 1572 dotata
1588 1498 1789 1572 (11111661-

232 1640 297 1689 cus
323 1620 446 1690 haeres
474 1626 510 1691 61
536 1624 705 1710 patronus
731 1617 910 1701 Johannes
936 1620 968 1691 R
977 1621 1254 1713 ythwensky
1282 1622 1325 1692 de
1352 1620 1589 1693 Lubnicza
1615 1621 1789 1727 palatinus

233 1740 475 1835 Cracoviensis
502 1722 670 1813 dedomo
698 1741 1011 1831 Accipitrum3
1038 1742 1134 1813 cuins
1160 1743 1434 1833 praebendarius
1461 1740 1637 1814 Johaunes
1663 1742 1789 1814 Scze·

233 1860 487 1953 pyeczslry,
515 1863 611 1933 cuius
639 1860 821 1952 institutio,
848 1863 969 1952 vigore
994 1861 1218 1953 lirndationiS,
1246 1863 1290 1935 ad
1308 1864 1458 1954 priorem
1485 1883 1549 1953 pro
1569 1868 1726 1954 tempore
1753 1863 1790 1933 in

235 1982 523 2055 Banschowa
549 1972 721 2074 pertinet,
758 1984 854 2055 cuius
881 1988 1089 2074 proventus:
1125 1974 1252 2075 primo,
1278 1986 1387 2057 habet
1413 2004 1584 2076 exponam
1610 1985 1647 2055 in
1673 1988 1790 2055 castro

235 2090 515 2196 Rythwyani
551 2110 587 2177 61
614 2124 673 2178 ser
701 2124 808 2196 panea
836 2110 871 2177 et
898 2126 1003 2177 unum
1031 2106 1188 2196 quartale
1216 2106 1383 2178 cervisiae
1410 2106 1556 2196 singulis
1584 2104 1725 2196 diebus,
1753 2111 1791 2177 et

236 2226 325 2297 duas
353 2225 513 2298 decimas.

344 2346 582 2439 Onnaunow,
620 2347 684 2419 sub
711 2348 878 2439 parochia
905 2347 947 2418 16
978 2346 1170 2421 Zborou
1196 2348 1282 2439 sita,
1322 2348 1420 2420 cuius
1455 2348 1578 2419 haeres
1612 2345 1791 2420 lohannes

236 2468 575 2561 Rythwyenski
593 2468 768 2560 palatinus
787 2468 1035 2541 Gracoviensis.
1063 2470 1102 2541 In
1123 2490 1191 2561 qua
1208 2471 1301 2541 lanei
1319 2468 1563 2560 emethonales,
1582 2470 1666 2541 item
1684 2490 1790 2540 unum

237 2590 428 2681 praedium,
455 2591 539 2662 item
567 2592 742 2682 tabernae,
769 2592 853 2664 item
871 2590 1090 2662 hortulaniae
1109 2591 1278 2662 habentes
1305 2580 1431 2682 agros,
1446 2592 1530 2662 item
1547 2590 1791 2680 molendinum,

238 2712 284 2784 de
312 2714 436 2805 quibus
463 2712 621 2785 omnibus
658 2713 806 2785 solvitur
832 2719 868 2783 et
895 2713 1099 2784 conducitur
1136 2713 1269 2783 decima
1299 2703 1525 2803 manipularis
1552 2718 1588 2783 61
1614 2712 1791 2802 cenapolis

237 2854 304 2925 pro
329 2832 528 2925 praehenda
555 2834 589 2905 in
618 2829 915 2926 Rythwyani,
942 2838 978 2904 61
1004 2834 1104 2906 valor
1130 2835 1204 2906 eiua
1231 2834 1275 2904 ad
1302 2834 1425 2923 viginti
1452 2853 1595 2906 marcas.
1621 2834 1709 2904 Item
1737 2836 1792 2904 est

236 2956 289 3027 ibi
316 2978 405 3028 unus
433 2938 572 3046 campus
599 2956 795 3047 praedialis,
823 2956 866 3027 de
885 2977 952 3047 quo
971 2954 1063 3027 tollit
1090 2954 1257 3027 decimam
1275 2956 1525 3046 manipularem
1543 2954 1792 3027 monasterium

238 3076 276 3147 in
303 3076 590 3150 Bansazowa.

345 3198 591 3289 KornuszoW,
618 3198 702 3271 villa
728 3198 859 3270 habens
886 3198 922 3269 in
941 3218 979 3269 se
1006 3198 1238 3289 parochialem
1265 3198 1445 3269 ecclesiam
1471 3197 1629 3288 ligneam.
1656 3196 1710 3267 In.
1724 3209 1793 3286 qua

239 3327 324 3393 sunt
350 3319 441 3393 lanei
469 3321 713 3411 emcthonaleS,
741 3321 821 3391 item
850 3321 1026 3412 tahemae,
1053 3321 1137 3392 item
1164 3319 1393 3417 hortulaniac,
1420 3319 1607 3411 dequibus
1634 3319 1793 3390 omnibus

238 3443 390 3515 solvitur
425 3449 461 3514 et
488 3442 691 3514 conducitur
726 3441 861 3513 decima
896 3441 1122 3532 manipularis
1150 3447 1186 3512 61
1211 3441 1386 3532 canapalis
1421 3460 1486 3531 pro
1522 3440 1721 3531 praebenda
1756 3440 1792 3509 in

239 3563 536 3656 Rythnyani,
562 3568 598 3636 et
623 3563 723 3636 calor
749 3566 823 3634 eius
850 3564 1057 3635 aestimatur
1084 3563 1128 3634 ad
1156 3564 1351 3654 quindecim
1378 3583 1522 3634 mamas.
1566 3562 1673 3651 Item,
1699 3560 1792 3632 idem

239 3687 513 3778 praebendarius
541 3707 604 3778 pro
630 3692 786 3777 tempore
814 3685 973 3777 quilibet,
1000 3691 1141 3756 tenetur
1167 3685 1314 3773 singulis
1341 3684 1542 3773 septimanis
1569 3690 1643 3753 tres
1670 3682 1794 3752 missas

239 3809 377 3899 legere,
414 3808 537 3880 autin
565 3809 734 3897 oratorio,
770 3811 831 3878 161
857 3807 893 3876 in
920 3812 1045 3877 castro.
1090 3805 1178 3875 Item
1205 3805 1312 3876 habet
1338 3805 1515 3894 propriam
1542 3803 1682 3874 domum
1707 3802 1793 3872 satis
1901 3790 1907 3802 ’

239 3930 422 4023 pulchram
449 3935 484 4003 et
512 3929 692 4002 honestam
719 3928 756 4000 in
782 3926 1080 4020 Bythwyani,
1107 3931 1145 3998 61
1160 3925 1300 3999 hortum
1318 3924 1430 4001 eidem
1448 3924 1566 3996 domui
1583 3923 1793 4013 contiguum.

917 4048 1127 4121 Semnnow.
1603 4073 1609 4080 ·

347 4167 521 4272 Oppidum
547 4171 690 4263 regium,
719 4191 740 4242 1
769 4169 938 4242 Oasimiro
967 4151 1127 4260 secundo,
1154 4167 1321 4240 Poloniac
1346 4185 1429 4258 rege
1456 4165 1584 4238 illustri
1610 4150 1793 4255 muratum,

242 4317 267 4368 a
292 4293 472 4367 Vladislao
499 4315 583 4366 vero
609 4291 748 4365 Lolrteh
775 4290 940 4364 Poloniac
966 4311 1048 4381 rege
1084 4290 1236 4362 secundo
1270 4288 1469 4378 fundatum,
1505 4292 1606 4378 patre
1641 4286 1794 4358 eiusdem

243 4414 424 4507 Oasimiri,
457 4416 494 4486 in
522 4435 589 4508 quo
617 4420 670 4486 est
698 4412 843 4485 ecelesia
878 4412 1104 4502 parochialis,
1123 4411 1267 4483 'Sancto
1294 4410 1475 4481 Vladislao
1501 4410 1577 4498 regi
1603 4407 1732 4497 dicata,
1759 4412 1796 4477 61

242 4559 308 4630 per
334 4536 528 4629 praefatum
556 4536 761 4608 Oasimirum
788 4534 975 4606 secundum
1002 4532 1168 4604 Poloniae
1194 4553 1312 4622 regem
1348 4531 1465 4603 coctili
1491 4551 1590 4600 muro
1616 4527 1795 4599 fabricata.
1891 4527 1904 4540 '

243 4655 352 4731 Cuius
378 4679 469 4730 nunc
495 4657 782 4729 Bartholomaeus
810 4655 992 4746 presbyter
1018 4661 1073 4726 est
1099 4654 1278 4744 plebanus.
1304 4653 1345 4723 ln
1364 4673 1432 4743 quo
1450 4657 1533 4722 aunt
1550 4654 1687 4720 centum
1704 4647 1797 4718 lanei

245 4781 506 4872 oppidanorum,
533 4779 576 4850 16
604 4779 728 4870 quibus
755 4777 914 4848 omnibus
942 4778 1072 4867 absque
1104 4775 1349 4864 diminutione,
1377 4773 1524 4844 solvitur
1551 4768 1798 4841 1661611166η

244 4907 353 4975 taxat
371 4901 614 4993 manipularis,
655 4900 854 4990 canapalem
882 4899 972 4970 enim
1000 4919 1068 4968 non
1096 4897 1236 4967 solvunt
1263 4896 1307 4966 ab
1334 4895 1496 4984 antiquo,
1531 4896 1568 4962 et
1593 4889 1798 4964 conducitur

244 5041 310 5117 pro
338 5021 536 5116 praebenda
562 5021 842 5111 Sandomiriensi,
870 5039 957 5110 quae
977 5024 1121 5091 vocatur
1134 5015 1374 5106 Zayanczska,
1402 5019 1438 5084 61
1464 5012 1562 5084 valor
1589 5013 1664 5083 cius
1691 5011 1797 5081 aesti-

245 5151 363 5218 matur
390 5144 434 5217 ad
461 5144 700 5236 quadraginta,
729 5137 914 5232 aliquando
933 5139 978 5211 ad
997 5138 1248 5232 quinquaginta
1273 5153 1416 5208 marcas.
1442 5135 1530 5205 Item
1548 5140 1604 5205 eat
1620 5133 1657 5203 in
1676 5131 1797 5204 codem

247 5265 375 5358 oppido
403 5266 593 5356 advocatia,
621 5285 709 5356 quae
728 5263 770 5335 de
789 5261 939 5354 propriis
967 5261 1069 5351 agris,
1097 5259 1192 5330 ultra
1218 5277 1320 5347 agros
1339 5263 1375 5328 61
1392 5257 1511 5327 116666
1538 5253 1798 5345 oppidanorum,

247 5387 446 5480 praedictos
473 5386 580 5461 habet
606 5409 667 5459 sex
693 5385 821 5475 lancee,
848 5383 891 5454 16
920 5383 1044 5473 quibus
1072 5382 1231 5453 omnibus
1262 5377 1429 5450 decimam
1455 5375 1704 5468 manipularem
1731 5373 1799 5444 sol»

248 5511 301 5584 vit
328 5507 492 5582 ecclesiae
528 5507 720 5600 parochiali
755 5508 791 5577 in
818 5503 1070 5593 Schidlou,
1106 5508 1142 5573 et
1172 5501 1271 5573 valor
1307 5499 1382 5570 eius
1417 5499 1622 5570 aestimatur
1657 5495 1702 5566 ad
1738 5513 1798 5565 sex

247 5648 394 5704 marcas.
437 5631 527 5703 Item
551 5630 733 5722 praedium
759 5627 809 5699 ibi
834 5626 987 5717 regium,
1008 5624 1071 5722 Ι16
1099 5643 1169 5714 quo
1193 5621 1385 5693 decimatur
1411 5619 1579 5693 ecclesiae
1604 5618 1640 5687 in
1676 5614 1799 5686 Schi-

248 5753 385 5846 dlow,
412 5757 448 5824 et
474 5753 573 5826 valor
600 5753 674 5824 eius
702 5750 745 5822 ad
765 5803 878 5820 .....
905 5747 994 5819 item
1021 5745 1143 5817 eadem
1169 5743 1315 5814 ecclesia
1342 5741 1447 5814 habet
1472 5761 1536 5831 pro
1563 5760 1625 5810 suo
1655 5736 1798 5830 praedio
