4550 6600
509 742 586 813 394

609 946 725 1021 Villae
750 942 986 1037 parochiales:
1012 940 1327 1014 Korithnicza
1351 960 1422 1011 cna
1446 937 1688 1011 tantummodo
1715 936 1806 1009 villa
2153 1019 2154 1058 ,

607 1068 761 1157 anoa,
796 1065 880 1137 villa
914 1064 979 1137 sub
1006 1063 1173 1157 parochia
1205 1062 1249 1135 de
1275 1061 1600 1135 (ihomanthow
1635 1060 1713 1145 sita
1756 1059 1797 1131 ln
1824 1080 1895 1149 qua
1918 1062 2058 1149 praeter
2153 1075 2154 1082 ¹

361 1237 366 1258 .
503 1192 624 1263 laneos
650 1188 885 1261 cmethonales
912 1207 994 1276 sex,
1029 1184 1242 1257 decimantes
1273 1205 1337 1275 pro
1364 1182 1564 1275 praebenda
1589 1181 1803 1271 Kelcziensi,
1829 1181 1892 1273 qui
1917 1186 2060 1252 roratur
2153 1249 2154 1274 ,

505 1312 768 1401 Brzechowska,
795 1315 832 1382 et
851 1310 910 1401 qui
928 1308 1101 1383 decimant
1127 1307 1295 1381 ecclesiae
1321 1307 1358 1377 in
1375 1304 1727 1395 Ghomanthow,
1753 1308 1809 1377 est
1825 1324 1918 1377 uuus
1943 1303 2061 1375 lanam
2153 1301 2154 1378 ἶ

506 1432 752 1523 cmethonahs,
789 1432 848 1524 qui
887 1430 1036 1503 decimat
1070 1429 1236 1503 ccclesiae
1269 1430 1307 1501 in
1333 1427 1671 1520 Korythnicza,
1706 1432 1745 1499 et
1773 1426 1874 1499 valor
1908 1424 1988 1499 eius
2018 1424 2062 1499 ad

382 1626 386 1636 .
507 1577 612 1631 unam
639 1574 800 1627 marcam.

1194 1672 1373 1745 Luuows.

611 1797 707 1869 Villa
724 1796 854 1870 habens
872 1796 909 1869 in
928 1816 965 1867 se
983 1794 1218 1886 parochialem
1235 1794 1415 1867 ecclesiam
1432 1793 1652 1867 inhonorem
1671 1792 1897 1867 visitationis
1915 1792 2063 1864 &actm

506 1920 642 1993 Mariae
670 1918 827 2010 Virginis
853 1918 1021 2008 dicatam,
1049 1917 1146 1989 cuius
1172 1915 1341 1989 haeredes
1365 1915 1547 1989 lohannes
1574 1914 1801 1990 Gelithko
1827 1920 1866 1987 et
1882 1913 2063 1987 Johauues

507 2040 789 2115 Morawiczlr
796 2062 827 2133 y.
868 2040 909 2111 Iu
936 2043 1112 2130 quaeunt
1138 2039 1290 2130 quinque
1315 2037 1407 2110 lanei
1433 2036 1679 2128 emethonales,
1704 2037 1750 2109 de
1775 2037 1903 2129 quibus
1930 2036 2064 2108 decima

508 2163 734 2255 manipularis
761 2161 909 2234 solvitur
936 2166 971 2232 et
989 2159 1196 2233 conducitur
1212 2180 1278 2251 pro
1294 2158 1495 2250 praebenda
1519 2159 1733 2251 Kyelciensi,
1760 2180 1850 2251 quae
1868 2158 2066 2251 appellatur

504 2284 797 2374 Brzcchowszka,
833 2288 869 2355 et
895 2281 994 2355 valor
1024 2281 1099 2353 eius
1126 2281 1334 2353 aestimatur
1366 2281 1413 2353 ad
1440 2286 1589 2373 quatuor
1617 2300 1760 2359 mmcas
1800 2281 1891 2354 Item
1927 2287 1984 2353 est
2017 2282 2064 2353 ibi

507 2408 646 2479 qucum
673 2404 854 2496 praedium
881 2404 1045 2494 militare,
1072 2404 1156 2477 item
1182 2424 1252 2475 una
1277 2403 1444 2493 taberna,
1470 2409 1507 2475 et
1531 2408 1604 2476 tres
1631 2404 1869 2495 hortulaniae,
1896 2404 2064 2477 hahentes

509 2548 613 2620 agros
640 2528 795 2619 onagris
822 2525 1075 2617 praedicimus,
1104 2524 1295 2615 dequibus
1321 2526 1480 2597 omnibus
1506 2524 1653 2597 solvitur
1680 2524 1813 2598 decima
1837 2526 2065 2617 manipularis

511 2648 731 2742 praebendae
758 2648 794 2720 in
821 2647 1063 2737 Mokrsko,
1097 2651 1133 2718 et
1160 2646 1260 2719 valor
1286 2648 1360 2719 eius
1387 2646 1589 2720 aestrnatur
1616 2647 1663 2719 ad
1688 2652 1762 2720 tres
1787 2667 1934 2719 marcas
1977 2647 2063 2719 Item

510 2772 656 2843 ecclesia
682 2775 719 2842 et
743 2770 912 2862 plebanus
938 2768 1070 2842 habeut
1095 2790 1160 2861 pro
1186 2768 1331 2860 praedio
1358 2788 1476 2860 agros,
1511 2768 1734 2861 progressive
1764 2770 1809 2843 ab
1835 2770 1966 2841 horreo
1994 2790 2063 2859 suo,

507 2913 629 2967 versus
656 2892 820 2963 maricam
847 2890 975 2963 dIctam
1002 2888 1200 2981 Wrzacza
1226 2910 1264 2962 se
1290 2889 1518 2981 protendens,
1545 2891 1630 2961 item
1655 2890 1764 2962 habet
1789 2895 1901 2963 totam
1928 2890 2062 2981 praela·

507 3020 580 3087 tam
606 3014 768 3086 maricam
805 3012 1043 3102 Wrzacza,
1079 3016 1115 3083 et
1146 3012 1182 3081 in
1209 3010 1328 3083 eadem
1363 3011 1493 3083 merica
1525 3012 1633 3085 habet
1668 3008 1807 3103 pratum
1842 3013 1992 3103 bonum,
2025 3013 2059 3083 in

508 3156 577 3227 qua
611 3139 648 3207 et
673 3134 842 3225 ampIIorn
876 3136 996 3225 posset
1029 3131 1145 3204 iacere
1179 3136 1290 3222 prata
1328 3132 1418 3205 Item
1452 3132 1560 3205 babet
1594 3134 1775 3225 piscinam.
1798 3135 1835 3205 in
1861 3134 2061 3206 Luhoua

507 3275 617 3348 prope
652 3254 791 3328 domum
827 3273 933 3327 suam.
973 3252 1062 3326 Item
1097 3252 1245 3326 invilla
1278 3252 1569 3346 Morawicza,
1604 3256 1670 3328 sub
1695 3256 1863 3348 parochia
1896 3255 2061 3330 eccleslae

509 3377 552 3448 de
578 3375 813 3468 Brzezinp
836 3376 921 3466 sita,
948 3375 1056 3448 habet
1082 3373 1252 3448 decimam
1279 3376 1529 3468 manipularem
1557 3377 1785 3468 praedialem,
1810 3385 1847 3451 et
1864 3377 1965 3458 valor
1991 3379 2063 3452 eius

509 3497 713 3578 aestimatur
739 3496 786 3570 ad
804 3496 889 3570 duas
924 3515 1075 3587 marcam
1115 3497 1199 3569 Item
1224 3498 1262 3570 in
1280 3497 1365 3570 villa
1390 3497 1778 3592 Ghmyelowicze,
1804 3502 1869 3574 snb
1896 3501 2061 3592 parochia

506 3618 551 3692 de
576 3618 762 3711 Lyssow
789 3619 874 3710 sita,
901 3618 944 3692 de
962 3617 1096 3692 duobus
1123 3619 1274 3712 compta,
1299 3640 1446 3713 quorum
1472 3641 1562 3694 unus
1588 3622 1680 3696 iacet
1704 3641 1811 3714 penes
1837 3624 1951 3715 viam,
1977 3645 2061 3716 quac

507 3740 603 3813 ducit
618 3741 665 3812 in
683 3740 913 3814 Schidlow
940 3745 976 3814 et
992 3745 1132 3833 pratum
1150 3741 1290 3832 curiale,
1316 3742 1407 3814 alter
1424 3742 1461 3814 iu
1479 3742 1548 3815 dia
1573 3749 1675 3834 parte
1692 3743 1815 3834 uuae,
1841 3747 2059 3837 progressive

507 3883 613 3956 penes
640 3862 785 3936 eandem
812 3863 918 3954 viam,
955 3867 990 3934 et
1016 3861 1115 3936 valor
1141 3864 1217 3936 eins
1242 3864 1448 3937 aestimatur
1474 3864 1519 3937 ad
1546 3863 1633 3937 duas
1658 3885 1802 3939 marcas
1840 3867 1932 3939 Item
1958 3868 2061 3940 habet

507 3983 658 4057 decimas
684 3982 880 4076 praediales
907 3985 944 4056 in
970 3984 1081 4057 villis:
1116 3985 1326 4077 Ziruiky‚
1352 3984 1752 4079 Skordzcowicze,
1779 3986 2059 4081 Wyrthcza

507 4103 814 4203 Poszkithow,
841 4104 1165 4197 Woyozechow
1184 4160 1324 4178 ......

616 4224 731 4298 Villae
757 4225 992 4317 parochiales:
1017 4226 1216 4301 Lokowa
1241 4283 1384 4300 ......

497 4367 500 4375 ’
611 4345 700 4419 Item
727 4347 870 4420 deberet
895 4348 1026 4421 habere
1053 4349 1221 4422 decimam
1248 4351 1292 4422 ab
1319 4350 1489 4443 haerede,
1514 4351 1559 4424 de
1576 4353 1736 4426 omnibus
1761 4352 1965 4428 domesticis
1989 4354 2057 4428 ani·

502 4468 665 4560 malibus,
693 4468 760 4541 sibi
786 4469 997 4560 iuscriptam.

1123 4591 1445 4668 Prorauowrczn

611 4709 705 4783 Villa
730 4711 863 4786 hahens
890 4713 926 4784 iu
945 4731 982 4786 se
1008 4713 1243 4805 parochialem
1268 4715 1449 4790 ecclesiam
1475 4717 1635 4810 ilgueam,
1661 4719 1809 4793 Sanctae
1835 4719 1942 4794 Gruci
1970 4721 2055 4794 dim·

506 4839 588 4925 tam,
615 4834 712 4906 cuius
737 4834 906 4908 haeredes
933 4840 970 4908 et
995 4837 1149 4928 patroni:
1176 4837 1319 4912 Marcus
1345 4838 1777 4934 Malyeschowszky
1802 4848 1840 4915 et
1866 4897 2054 4915 ........

506 4955 654 5046 iratres,
681 4954 849 5030 decimis
877 4955 1152 5051 Grilionum,
1179 4957 1331 5033 lacobus
1358 4961 1401 5033 dc
1427 4961 1876 5054 Pyelgrzimowicze
1904 4966 2055 5039 etNiro

505 5077 582 5150 laus
609 5076 652 5149 de
680 5075 1064 5152 Ninoschowicze
1091 5080 1134 5152 de
1161 5082 1268 5152 armis
1294 5081 1469 5155 Prussi.
1513 5084 1555 5154 In
1582 5105 1652 5176 qna
1677 5084 1818 5176 quidem
1842 5086 1928 5158 villa
1954 5088 2055 5160 ecele-

506 5199 560 5271 sia
595 5196 753 5290 praelata
787 5199 894 5272 habet
927 5221 1031 5292 agros
1067 5223 1148 5275 suos
1183 5203 1379 5293 praediales
1415 5211 1495 5296 post
1529 5205 1710 5278 ecclesiam
1743 5211 1781 5279 et
1813 5206 1933 5280 dotem
1968 5211 2055 5283 sitos

505 5319 594 5391 Item
630 5320 737 5393 habet
771 5327 874 5413 prata
900 5322 1009 5413 bona,
1044 5323 1194 5396 iacentia
1229 5325 1323 5398 circa
1347 5325 1490 5399 flumem
1515 5326 1767 5418 Morawka,
1803 5349 1904 5402 secus
1930 5331 2053 5404 limItes

505 5439 609 5511 villae
645 5439 966 5536 Grabowyecz.
1015 5445 1102 5517 Item
1129 5446 1238 5519 habet
1262 5447 1299 5520 iu
1326 5447 1448 5522 eadem
1474 5448 1843 5542 Pyotrkowycze
1868 5452 2052 5542 tabernam,

504 5559 691 5634 habentem
718 5585 837 5656 agros,
873 5587 961 5656 quae
987 5566 1093 5641 solvit
1119 5567 1232 5642 cidem
1263 5590 1329 5661 pro
1355 5591 1462 5644 censo
1495 5591 1600 5646 unam
1625 5591 1786 5646 mmcam.
1831 5571 1922 5645 Item
1954 5574 2052 5648 hoba

347 5780 349 5794 ῃ
504 5678 672 5772 piscinam
699 5691 780 5757 aute
807 5685 955 5760 domum.
