4550 6600
517 692 589 766 120

392 912 399 925 “
508 898 735 974 hortulauias.
774 896 862 971 Itcm
895 904 949 970 est
976 894 1026 970 ibi
1052 892 1235 987 praedium
1269 892 1439 987 militare,
1474 891 1519 966 de
1545 890 1642 966 cuius
1679 890 1786 965 etiam
1822 889 1917 984 agris
1953 889 2069 964 eidem

511 1021 723 1094 monasterio
751 1020 951 1091 decimatur.

614 1142 848 1212 Brnuczrczu
885 1139 968 1210 villa
994 1139 1057 1210 sub
1084 1137 1250 1228 parochia
1267 1137 1310 1208 (16
1324 1137 1619 1228 Byszlrnpyoze
1638 1136 1725 1226 sita,
1752 1136 1850 1207 cuius
1868 1135 2070 1226 proprietas

509 1284 573 1354 pro
600 1284 669 1333 una
704 1266 805 1352 parte
836 1260 880 1331 ad
906 1260 1155 1331 monasterium
1191 1257 1355 1347 Corporis
1391 1256 1523 1329 Christi
1557 1258 1593 1328 in
1621 1256 1871 1328 OasimIria
1905 1257 2071 1347 pertinet,

509 1404 573 1474 pro
601 1382 712 1453 altera
744 1402 827 1453 vero
855 1381 900 1451 ad
927 1380 1136 1451 stanislaum
1163 1378 1515 1468 Marschowslry
1541 1378 1585 1448 (16
1611 1377 1713 1449 domo
1739 1376 1988 1449 Polukoza
2027 1374 2071 1445 In

510 1524 578 1594 qua
611 1508 694 1575 suut
720 1508 869 1592 quatuor
894 1501 986 1572 lanei
1013 1498 1253 1589 cmethouales,
1281 1498 1325 1569 de
1351 1499 1476 1588 quibus
1494 1498 1538 1569 ab
1555 1517 1626 1568 uua
1642 1503 1744 1587 parte
1761 1496 1864 1567 villae
1889 1517 2016 1567 versus
2035 1550 2072 1564 ..

509 1678 604 1696 ....
631 1624 717 1711 sita,
754 1622 901 1693 solvitur
936 1620 1070 1691 decima
1104 1619 1330 1708 manipularis
1364 1639 1429 1708 pro
1456 1618 1666 1689 monasterio
1698 1617 1879 1707 hospitalis
1920 1616 2073 1687 Sanctae

511 1742 632 1814 Crucis
667 1742 703 1813 in
730 1740 973 1829 Gracovie,
1011 1744 1046 1810 et
1077 1740 1176 1811 valor
1210 1739 1286 1809 eius
1322 1738 1528 1809 aestimatur
1564 1738 1609 1808 ad
1636 1737 1721 1808 duas
1758 1757 1915 1826 marcas3
1952 1743 1989 1807 et
2028 1725 2086 1806 de*

512 1864 646 1935 dnobus
671 1862 782 1933 laneis
810 1860 902 1933 cedit
928 1859 1167 1931 tautummodo
1194 1859 1329 1929 decima
1353 1859 1524 1949 vernaIIs,
1552 1858 1596 1929 (16
1623 1849 1702 1928 aliis
1730 1878 1814 1929 vero
1833 1856 1973 1929 duobus
2003 1856 2074 1926 sol-

511 1984 608 2055 vitur
625 1980 759 2052 dec'ima
777 1980 944 2070 hyemalis
963 1986 999 2050 ct
1023 1978 1218 2068 canapalis,
1245 1978 1385 2049 residua
1411 1982 1526 2049 autem
1553 1978 1647 2049 cedit
1675 1978 1840 2050 ecclesiae
1866 1980 1904 2049 in
1931 1976 2072 2049 Gdow.

617 2102 847 2191 amonem,
874 2100 958 2172 villa
991 2102 1054 2172 sub
1090 2099 1256 2190 parochia
1283 2098 1326 2169 (16
1352 2098 1686 2189 Byszkupycze
1713 2101 1799 2188 sita,
1827 2099 1924 2171 cuins
1943 2099 2072 2169 haeres

513 2223 670 2313 Zegotha
696 2221 739 2292 (16
765 2220 919 2292 domo..
939 2274 973 2290 ..
1000 2220 1040 2290 In
1068 2241 1137 2310 qua
1163 2226 1246 2290 sunt
1271 2219 1405 2309 aliquot
1431 2240 1595 2309 agrorum
1621 2220 1737 2309 pecies
1763 2218 1806 2291 de
1824 2240 1947 2310 campo
1975 2218 2074 2290 dicto
2172 2270 2174 2275 -

515 2342 787 2433 Pogwyzdow,
806 2341 909 2412 villae
926 2340 1120 2431 praefatae,
1140 2360 1227 2430 quae
1245 2339 1430 2430 aliqnando
1448 2340 1671 2429 pertinebant
1688 2340 1733 2411 ad
1750 2340 1868 2411 villam
1885 2340 2075 2428 Zborow,

515 2463 558 2534 de
585 2464 710 2553 quibus
737 2462 884 2534 solvitur
911 2461 1044 2533 decima
1074 2461 1301 2550 manipularis
1327 2460 1539 2531 monasterio
1565 2460 1748 2550 hospitalis
1774 2459 1922 2532 Sanctae
1949 2458 2076 2531 Orucis

515 2584 552 2653 iu
580 2582 825 2672 cracovia,
853 2582 949 2653 cuius
975 2582 1075 2653 valor
1100 2583 1305 2653 aestimatur
1331 2580 1375 2651 ad
1402 2586 1476 2651 tres
1501 2579 1665 2652 fertones.
1691 2580 1780 2652 Item
1807 2587 1861 2652 est
1886 2582 1937 2652 ibi
1964 2602 2075 2651 unum

515 2704 713 2795 praedium,
741 2703 783 2774 de
803 2703 899 2774 cuius
924 2702 1018 2792 agris
1045 2702 1237 2773 decimatur
1262 2700 1428 2773 ecclesiae
1454 2700 1491 2770 in
1517 2700 1829 2792 Byszlrupycze,
1857 2703 1956 2771 cuins
1974 2700 2077 2771 valor

518 2825 723 2896 aestimatur
750 2823 795 2895 ad
821 2844 925 2894 uuam
951 2840 1111 2893 marcam.
1962 2824 1968 2831 ’

620 2944 770 3034 Surum,
806 2944 889 3014 villa
915 2943 979 3013 sub
1005 2940 1172 3032 parochia
1207 2940 1250 3011 (16
1277 2940 1610 3031 Byszkupycze
1646 2942 1732 3032 sita,
1767 2942 1866 3013 cuius
1900 2942 2075 3013 haeredes

517 3064 709 3137 Stanislaus
736 3070 773 3134 et
799 3062 924 3133 Petrus
960 3060 1002 3132 (16
1031 3061 1136 3131 armis
1173 3060 1456 3150 Streparnm.
1499 3061 1541 3131 In
1568 3082 1637 3152 qua
1671 3067 1753 3133 sunt
1789 3068 1940 3153 quatuor
1975 3064 2072 3133 lanei

518 3184 768 3273 cmethouales,
803 3182 846 3254 de
874 3182 998 3272 quibus
1025 3181 1173 3252 solvitur
1200 3188 1236 3252 et
1262 3181 1466 3253 conducitur
1493 3181 1626 3253 decima
1651 3184 1877 3274 manipularis
1904 3190 1942 3256 et
1970 3204 2076 3254 cana·

517 3308 607 3398 palis
634 3327 697 3396 pro
724 3305 934 3376 monasterio
954 3303 1135 3393 hospitalis
1155 3303 1302 3375 Sanctae
1320 3301 1441 3374 Grucis
1468 3305 1504 3373 iu
1531 3302 1778 3396 cracovia,
1805 3313 1842 3376 et
1868 3307 1969 3377 valor
1996 3306 2074 3376 eius

519 3427 723 3498 aestimatur
750 3424 794 3496 ad
822 3423 908 3496 duas
934 3445 1078 3495 marcas.
1104 3424 1194 3495 Item
1220 3430 1274 3495 est
1299 3424 1349 3496 ibi
1366 3445 1471 3495 unum
1498 3423 1679 3515 praedium
1705 3425 1864 3516 militare,
1890 3427 1977 3496 item
2005 3447 2077 3496 una

519 3547 720 3619 hortulauia
746 3547 877 3618 habens
905 3566 1027 3637 agree,
1064 3545 1106 3616 (16
1134 3547 1258 3636 quibus
1285 3545 1477 3617 decimatur
1503 3545 1668 3618 ecclesiae
1695 3553 1732 3617 et
1758 3548 1832 3618 eius
1857 3546 2010 3637 plebano
2038 3547 2075 3616 in

519 3669 868 3761 Byszlrupycze,
897 3668 992 3738 cuius
1020 3668 1119 3740 valor
1145 3668 1349 3740 aestimatur
1376 3666 1525 3738 ad....

622 3789 879 3880 Murscmrow,
913 3789 997 3861 villa
1023 3789 1086 3860 sub
1112 3791 1279 3879 parochia
1304 3789 1349 3861 do
1376 3789 1709 3881 Byszknpycze
1745 3789 1831 3880 sita,
1868 3789 1965 3860 cuius
1991 3809 2076 3880 pro·

519 3915 652 4006 prietes
679 3910 722 3981 ad
750 3911 951 3982 coenobium
983 3907 1219 4001 Thyniczense
1257 3910 1420 3999 pertinet.
1446 3910 1488 3980 lu
1515 3931 1584 4000 qua
1610 3914 1692 3982 sunt
1717 3910 1834 3981 decem
1869 3911 2075 3981 emethones

520 4031 741 4104 iudIstinctos
768 4051 870 4120 agros
896 4031 1082 4131 habentes,
1108 4031 1192 4101 item
1217 4029 1398 4119 praedium
1423 4051 1529 4100 unum
1556 4031 1772 4122 coenobiale,
1807 4031 1889 4102 Item
1915 4032 2078 4119 taberna,

520 4155 605 4225 item
631 4149 864 4221 molendinum
890 4151 1058 4222 habentes
1086 4169 1208 4240 agros,
1242 4149 1436 4240 dequibus
1472 4152 1649 4241 omuibus,
1685 4151 1817 4222 decima
1846 4153 2077 4243 manipularis

408 4369 412 4378 v
521 4274 669 4349 solvitur
696 4275 731 4341 et
757 4270 960 4341 conducitur
985 4291 1048 4361 pro
1076 4271 1181 4342 altari
1216 4269 1419 4342 Sanctorum
1446 4271 1591 4345 Cosmae
1615 4278 1651 4343 et
1677 4271 1837 4343 Damiani
1863 4274 1899 4344 iu
1927 4274 2077 4346 ecclesia

522 4395 646 4468 maiori
673 4391 894 4464 Gracovieusi
921 4393 1008 4482 sito,
1036 4392 1131 4462 cuius
1159 4391 1258 4462 valor
1283 4392 1486 4463 aestimatur
1513 4393 1557 4464 ad
1585 4394 1734 4484 quinque
1750 4415 1904 4467 ¹marcas

627 4515 1006 4602 Tuomuscuowrozu,
1033 4513 1115 4584 villa
1143 4513 1206 4583 sub
1232 4513 1398 4603 parocbia
1423 4513 1466 4585 de
1493 4515 1826 4606 Byszlrupycze
1853 4515 1940 4605 sita,
1978 4517 2076 4587 cuius

522 4636 690 4710 haeredes
735 4633 905 4706 Oristinus
941 4639 977 4704 et
1014 4631 1177 4704 Nicolaus
1212 4633 1255 4705 de
1291 4633 1392 4706 domo
1437 4635 1644 4706 Radwan.
1695 4635 1737 4706 In
1764 4657 1832 4726 qua
1864 4643 1947 4707 sunt
1983 4637 2077 4708 lanei

523 4758 774 4848 cmethouales,
802 4755 844 4826 de
864 4755 987 4845 quibus
1006 4753 1152 4826 solvitur
1179 4755 1374 4826 decima...
1399 4755 1487 4827 Item
1506 4760 1587 4828 sunt
1612 4756 1661 4828 ibi
1688 4756 1755 4828 duo
1773 4757 1918 4847 praedia
1943 4764 1980 4828 et
2006 4780 2077 4828 nna

522 4879 739 4969 hortularia,
767 4875 952 4966 dequibus
980 4875 1127 4948 solvitur
1154 4876 1287 4948 decima
1312 4877 1501 4967 pecunialis
1528 4877 1675 4968 plebano
1702 4879 1738 4948 iu
1765 4877 2075 4970 Byszkupycze.

628 5000 944 5086 Puznwrnczaur,
972 4997 1055 5068 villa
1082 4998 1146 5068 sub
1173 4999 1339 5087 parochia
1366 4999 1408 5069 de
1435 4998 1758 5090 Byslrupycze,
1795 4999 1890 5070 cuius
1917 5001 2077 5090 proprie-

523 5129 579 5196 tas
606 5119 651 5193 ad
678 5121 875 5212 episcopum
901 5117 1162 5190 Lubuczeusem
1196 5120 1357 5208 pertinet.
1400 5119 1443 5189 In
1471 5140 1538 5210 qua
1564 5125 1646 5190 sunt
1685 5118 1854 5190 tredecim
1885 5119 1996 5209 lanei,
2031 5119 2077 5190 de

525 5244 649 5335 quibus
677 5243 823 5314 solvitur
849 5246 887 5313 et
905 5239 1110 5312 conducitur
1136 5239 1269 5312 decima
1293 5239 1518 5330 manipularis
1536 5243 1573 5311 et
1590 5239 1765 5330 cenapolis
1791 5261 1855 5330 pro
1873 5239 2075 5330 praebenda

525 5363 765 5454 Oracoviensi,
802 5383 889 5454 qnae
916 5366 1060 5434 vocatur
1086 5357 1348 5451 Krzeslawska,
1384 5361 1481 5432 cuius
1507 5361 1606 5432 valor
1641 5361 1685 5432 ad
1714 5360 1907 5452 q'uindecim
1938 5381 2074 5432 marcas

526 5484 739 5554 aestimatur.
767 5484 853 5554 Item
882 5489 937 5553 est
962 5483 1012 5555 ibi
1039 5503 1145 5554 unum
1171 5481 1361 5570 praedium,
1388 5480 1431 5550 (16
1458 5501 1526 5569 qno
1553 5480 1686 5551 decima
1713 5481 1889 5570 variatur,
1923 5502 2004 5551 nam
2029 5479 2074 5551 (16

525 5601 709 5676 medietate
737 5625 908 5693 agrorum,
937 5605 994 5693 qui
1013 5602 1183 5694 quondam
1211 5607 1312 5671 erant
1330 5600 1571 5690 cmethouales,
1598 5601 1747 5692 percipit
1773 5622 1849 5673 eam
1874 5600 2074 5691 praebenda
