4550 6600
1464 727 1862 883 ”1)1ι

232 970 373 1066 praelati
399 924 758 1065 szkedzenszcy.
785 970 826 1044 ln
854 992 922 1064 qna
948 977 1066 1045 sunt...
1093 972 1194 1063 lanei,
1221 973 1416 1064 dequibus
1443 974 1601 1047 omnibns
1628 976 1776 1049 solvitur
1798 1000 1805 1011 ·

232 1088 358 1166 decima
384 1113 448 1185 per
474 1114 580 1165 unum
606 1095 846 1176 tantummodo
873 1094 983 1180 iatum
1009 1115 1178 1185 grossum,
1206 1099 1241 1165 et
1257 1114 1322 1185 per
1339 1116 1444 1167 unum
1467 1096 1610 1167 chorum
1637 1118 1776 1189 avenae,

232 1216 425 1307 praeposito
453 1214 781 1307 Oszwanozymensi.
825 1216 913 1288 Item
940 1217 988 1288 ibi
1016 1223 1072 1289 est
1097 1216 1293 1308 praedium,
1324 1217 1368 1288 de
1396 1238 1463 1309 qno
1490 1216 1603 1289 eidem
1628 1238 1776 1311 praepo-

232 1338 294 1413 sita
321 1336 523 1409 decimatur.

328 1458 667 1550 Wrnoznowrozn,
702 1459 786 1531 villa
822 1460 886 1531 sub
921 1460 1087 1551 parochia
1121 1461 1165 1533 de
1204 1458 1518 1533 Oszwanczim
1554 1460 1641 1552 sita,
1677 1463 1774 1535 cuius
1896 1525 1901 1537 .

231 1581 350 1653 haeres
377 1579 529 1652 Michael
555 1579 749 1671 Raysky.
775 1581 817 1652 In
845 1600 913 1672 qua
939 1586 1019 1653 sunt
1046 1582 1140 1654 lanei
1166 1582 1409 1673 emethonaies,
1436 1583 1634 1655 cmethones
1660 1588 1776 1655 autem

231 1722 295 1774 non
321 1705 412 1792 sunt,
439 1701 501 1773 sed
527 1702 652 1773 haeres
679 1702 817 1775 eosdem
845 1702 937 1793 coiit,
965 1708 1001 1774 et
1023 1724 1086 1795 pro
1114 1703 1249 1776 decima
1274 1703 1380 1777 solvit
1404 1709 1478 1776 tres
1504 1702 1657 1776 fertones
1675 1725 1776 1795 prae-

230 1822 340 1914 posito
368 1820 704 1895 Oszwianezimensi.

329 1943 506 2035 narsae,
541 1944 626 2017 villa
660 1945 724 2017 sub
760 1944 925 2037 parochia
960 1946 1003 2017 d'e
1038 1944 1349 2019 Oszwanczim
1389 1946 1475 2038 sita,
1515 1947 1613 2018 cuins
1652 1946 1776 2018 haeres
1885 2030 1890 2039 ,

230 2065 377 2137 Michael
405 2065 708 2157 Skedzensky
735 2067 778 2137 de
805 2066 911 2138 armis
930 2122 1043 2138 .....
1074 2066 1115 2138 In
1143 2089 1212 2158 qua
1238 2074 1320 2139 sunt
1346 2067 1438 2139 lanei
1465 2068 1707 2158 cmethonales,
1734 2066 1778 2137 de

231 2187 350 2278 quibus
378 2187 537 2259 omnibus
565 2187 713 2259 solvitur
740 2186 872 2259 decima
897 2188 1123 2279 manipularis
1150 2197 1213 2279 pro
1240 2189 1483 2261 mansionariis
1509 2189 1545 2260 in
1573 2187 1777 2261 Oszwan·
1864 2200 1896 2273 ᾗ
1932 2203 1935 2214 ·

231 2308 356 2400 crim,
384 2308 481 2382 cuius
508 2308 607 2381 valor
632 2308 676 2379 ad
704 2312 780 2381 octo
807 2329 942 2382 marcas
969 2310 1184 2382 aestimatur.

328 2428 603 2521 Marcomons,
638 2430 720 2502 villa
747 2431 811 2502 sub
838 2432 1003 2523 parochia
1030 2431 1073 2503 de
1100 2430 1412 2504 Oszwanezim
1450 2431 1536 2522 sita,
1571 2430 1668 2502 cuius
1698 2449 1776 2522 pro·

225 2550 356 2641 'prietes
383 2551 428 2623 ad
455 2552 714 2645 serenissimum
741 2551 905 2623 Poloniae
932 2573 1050 2644 regem
1086 2553 1246 2643 pertinet
1289 2552 1330 2623 in
1358 2573 1427 2643 qua
1453 2556 1535 2624 sunt
1568 2550 1661 2623 lanei
1687 2571 1778 2623 cmc-

232 2658 406 2764 thanatos,
442 2673 638 2768 dequibus
666 2674 814 2747 solvitur
848 2674 981 2747 decima
1015 2674 1205 2766 pecuniaiis
1242 2674 1449 2747 scholastico
1477 2672 1708 2766 Gracoriensi
1736 2672 1779 2744 de

232 2794 384 2884 quolibet
410 2794 511 2868 laneo
537 2816 627 2886 per.
647 2832 681 2867 .·.
700 2851 707 2867 .
726 2850 734 2866 .

331 2915 509 3007 Banrozn,
536 2916 619 2989 vilia
646 2917 710 2989 sub
736 2916 903 3008 parochia
929 2916 972 2988 de
998 2915 1311 2989 Oszwanozim
1337 2917 1420 3008 sita,
1457 2916 1555 2989 onius
1581 2916 1778 3007 proprietas
1901 2987 1904 2994 .

232 3034 273 3106 ad
297 3056 416 3127 regem
443 3035 608 3108 Poioniae
634 3037 795 3127 pertinet.
822 3036 873 3108 lm
891 3058 961 3128 qua
989 3043 1070 3109 sunt
1096 3038 1189 3109 lanei
1215 3038 1460 3128 emethonaies,
1486 3039 1529 3109 de
1556 3037 1683 3128 quibus
1710 3036 1780 3108 soi·

231 3156 320 3227 ritur
347 3156 484 3229 decima
509 3158 699 3249 pecuniariis
727 3158 933 3231 scholastico
961 3156 1203 3249 cracoviensi,
1231 3158 1274 3230 de
1301 3158 1457 3249 quolibet
1482 3158 1583 3230 laneo
1609 3177 1699 3259 per.
1717 3211 1725 3228 .
1743 3210 1778 3227 ..

328 3277 693 3371 Znaosounowrczn,
730 3279 813 3352 viiia
849 3280 913 3352 sub
940 3280 1106 3372 parochia
1133 3278 1177 3352 de
1211 3277 1526 3354 Oszwanczim
1562 3279 1646 3370 sita,
1681 3278 1780 3350 cuius

232 3401 426 3491 proprietas
453 3400 498 3473 ad
524 3401 772 3473 monasterium
807 3402 843 3474 in
870 3399 1181 3474 Oszwanczim
1207 3403 1370 3494 pertinet.
1414 3402 1455 3473 In
1487 3421 1556 3493 qua
1581 3405 1663 3473 sunt
1689 3399 1780 3476 lanei
1896 3441 1899 3447 ·
1931 3481 1939 3489 ,

233 3522 482 3614 emethonaieS,
519 3523 562 3595 de
590 3523 714 3614 quibus
741 3523 899 3596 omnibus
935 3523 1084 3596 solvitur
1110 3524 1244 3596 decima
1268 3524 1496 3615 manipularis
1522 3521 1634 3596 eidem
1660 3541 1780 3593 mona-

232 3642 335 3714 sterio
362 3644 400 3714 in
428 3642 746 3716 Oszwanczim.

331 3763 711 3856 Fannorso'rrowrczn,
751 3764 835 3836 vilia
869 3765 934 3837 sub
961 3765 1126 3856 parochia
1151 3765 1196 3836 de
1221 3763 1535 3837 Oszwanczim
1561 3764 1648 3854 sita,
1684 3763 1782 3838 cuius
1873 3849 1876 3852 .
1989 3748 1994 3759 ’

232 3881 350 3958 haeres
378 3884 545 3959 Nicolaus
571 3885 770 3976 Plassky
798 3885 841 3958 de
868 3887 974 3958 armis
993 3940 1107 3956 .....
1151 3886 1192 3956 In
1219 3907 1288 3978 qua
1313 3885 1513 3958 suntrana
1539 3883 1781 3973 cmethonales

234 4004 428 4096 dequibus
456 4008 615 4080 omnibus
650 4007 797 4080 solvitur
823 4011 860 4078 et
886 4007 1090 4080 conducitur
1124 4006 1260 4112 decima
1285 4007 1512 4098 manipularis
1543 4011 1581 4078 et
1607 4003 1782 4096 canapalis
1920 4103 1927 4108 ⁵
1957 4069 1960 4076 .
2005 3984 2010 3994 ⁸

234 4128 429 4219 praeposito
456 4127 894 4220 Oszwanczimensi,
923 4129 1019 4201 cuius
1046 4129 1146 4202 valor
1171 4129 1217 4200 ad
1244 4149 1305 4200 sex
1331 4149 1466 4202 marcas
1494 4127 1709 4200 aestimatur.

332 4248 636 4342 Sonrnnowrozn‚
664 4251 746 4321 vilia
773 4251 837 4322 sub
865 4251 1031 4340 parochia
1057 4250 1100 4322 de
1127 4249 1442 4323 Os'zwanczim
1470 4249 1548 4341 sita,
1575 4249 1673 4321 cuius
1699 4267 1781 4339 pro-

234 4370 360 4458 prietas
388 4371 433 4442 ad
460 4372 695 4462 praepositrun
721 4370 1073 4444 Oszwanczimensem
1099 4373 1260 4462 pertinet.
1299 4371 1340 4442 In
1368 4393 1437 4463 qua
1462 4369 1701 4443 tantummodo
1730 4374 1784 4440 est

235 4491 413 4579 praedium
438 4493 629 4584 praepositi
647 4498 683 4564 et
700 4493 932 4565 molendinum
959 4515 1034 4566 cnm
1063 4494 1157 4585 agris
1184 4493 1451 4583 abundantibus,
1479 4492 1522 4564 de
1540 4491 1665 4582 quibus
1682 4510 1784 4582 prae-

237 4613 369 4699 positus
397 4613 491 4686 solus
518 4614 611 4686 tollit
637 4613 805 4686 decimam
832 4635 896 4706 pro
923 4635 970 4688 se.

336 4733 490 4826 Laura,
526 4735 610 4807 viiia
636 4737 700 4808 sub
727 4736 893 4827 parochia
919 4735 962 4807 de
989 4733 1298 4808 Oszwanczim
1333 4735 1419 4827 sita,
1458 4735 1555 4805 cuius
1587 4732 1783 4824 proprietas

237 4850 278 4923 ad
303 4872 421 4945 regem
448 4856 609 4945 pertinet.
653 4855 693 4926 In
721 4877 789 4947 qua
816 4862 897 4928 sunt
932 4855 1024 4928 lanei
1060 4856 1312 4947 emethonales,
1348 4855 1391 4926 de
1419 4855 1544 4945 quibus
1571 4851 1720 4925 solvitur
1748 4857 1785 4923 et

238 4973 439 5048 conducitur
465 4975 599 5049 decima
623 4977 849 5068 manipularis
877 4983 913 5049 et
941 4977 1116 5068 canapaiis
1149 4997 1214 5068 pro
1240 4976 1439 5068 praeposito
1465 4971 1784 5063 Oszrranczimensi,
1897 4983 1904 4991 ·

238 5099 272 5166 et
295 5095 394 5168 valor
420 5097 495 5170 eius
522 5097 724 5170 aestimatur
749 5099 793 5170 ad
820 5118 881 5170 sex
908 5119 1052 5170 mareas.

336 5217 538 5309 Brennus,
569 5219 653 5291 villa
679 5219 810 5291 habens
837 5220 873 5289 in
900 5241 938 5293 se
966 5219 1152 5311 oraculum,
1178 5217 1244 5291 snb
1270 5239 1354 5292 cura
1379 5217 1518 5310 plebani
1545 5217 1588 5289 de
1614 5214 1780 5306 Kanthy

238 5341 272 5406 et
296 5337 379 5410 viiia
405 5340 558 5430 pertinet
584 5339 628 5411 ad
654 5341 904 5431 proprietatem
932 5341 1026 5432 regis
1052 5340 1218 5413 Poioniae
1219 5395 1268 5411 .....

335 5458 624 5552 Korozowrczn,
652 5461 736 5533 vilia
763 5463 826 5534 sub
853 5463 1018 5552 parochia
1045 5461 1088 5533 de
1115 5460 1427 5533 Oszwanczim
1453 5460 1542 5551 sita,
1578 5459 1676 5531 cuius
1702 5459 1785 5530 hae-

240 5577 336 5652 redes
363 5587 444 5653 aunt
471 5587 621 5673 quatuor
647 5582 690 5653 de
718 5584 822 5653 armis
843 5637 984 5652 ......
1011 5583 1051 5653 ln
1079 5603 1148 5673 qua
1174 5604 1244 5655 non
1270 5586 1353 5654 eunt
1379 5581 1593 5672 emethones,
1621 5580 1787 5652 decimam

339 5863 497 5914 11).)1111111.
510 5867 543 5916 Π.
920 5879 928 5888 ·
1497 5871 1503 5876 ·
1581 5854 1620 5906 29
