4550 6600
1672 798 1746 871 479

194 1005 355 1077 omnibus
381 1003 529 1076 solvitur
555 1008 592 1075 et
618 1004 823 1075 conducitur
849 1002 982 1077 decima
1008 985 1235 1092 manipularis
1263 1008 1299 1075 et
1317 1005 1503 1095 canapalis,
1521 1025 1584 1095 pro
1604 978 1749 1080 ecclesia
1852 1060 1856 1069 .

193 1127 230 1200 in
257 1125 615 1215 Wancboczsko,
642 1129 678 1196 et
703 1125 803 1196 valor
829 1125 903 1196 eius
930 1126 1137 1196 aestimatur
1163 1124 1208 1195 ad
1236 1128 1383 1215 quatuor
1401 1146 1546 1197 marcas
1572 1127 1659 1197 Item
1679 1148 1748 1199 non
1869 1152 1874 1163 ·

193 1251 248 1321 est
272 1246 324 1319 ibi
350 1246 531 1338 praedium
558 1246 769 1337 coenobiale,
795 1266 865 1318 non
892 1251 974 1318 sunt
1000 1247 1178 1337 tabernae,
1205 1266 1274 1318 non
1302 1253 1382 1319 sunt
1408 1248 1636 1319 hortulaniae.

298 1367 452 1443 erowu
479 1388 610 1459 roura,
636 1367 721 1440 villa
747 1368 812 1439 sub
838 1368 1004 1459 parochia
1030 1368 1197 1440 ecclesiae
1225 1368 1267 1440 de
1295 1367 1463 1439 Wanch
1479 1372 1646 1441 oczsho
1673 1372 1750 1461 sita,

193 1490 292 1561 cuins
318 1490 518 1582 proprietas
544 1487 589 1561 ad
616 1488 864 1562 monasterium
890 1490 1170 1562 Wancboczense
1196 1491 1359 1581 pertinet.
1386 1491 1426 1561 In
1455 1512 1524 1582 qua
1552 1496 1633 1563 sunt
1658 1492 1748 1563 lanei

193 1610 439 1702 emethonales,
466 1611 551 1683 item
577 1611 733 1702 taberna
759 1611 843 1683 item
869 1610 1105 1702 hortulaniae,
1133 1612 1176 1683 de
1204 1612 1328 1703 quibus
1356 1613 1525 1684 omnibus·
1541 1614 1688 1685 solvitur
1714 1620 1750 1685 et

193 1730 401 1803 conducitur
426 1731 560 1803 decima
585 1732 811 1823 manipularis
838 1738 875 1804 et
900 1734 1076 1824 canapalis
1093 1754 1158 1823 pro
1177 1734 1323 1805 ecclesia
1341 1734 1376 1804 in
1395 1734 1702 1829 Wancboczshon
1715 1740 1750 1806 et

194 1852 344 1944 plebano
371 1853 454 1945 eius,
481 1858 517 1925 et
542 1854 641 1926 valor
666 1854 741 1926 eius
768 1854 973 1926 aestimatur
1000 1854 1043 1926 ad
1071 1876 1132 1926 ser
1161 1876 1303 1927 marcas.
1330 1855 1398 1927 Est
1425 1856 1528 1927 etiam
1557 1857 1606 1927 ibi
1625 1857 1751 1928 scolte-

195 1974 246 2045 tia
271 1974 406 2046 babens
442 1974 529 2046 dnos
564 1966 702 2067 laneos,
729 1980 765 2046 et
791 1975 959 2047 decimam
986 1976 1090 2047 solvit
1116 1976 1159 2047 de
1186 1976 1255 2047 illis
1283 1977 1448 2047 ccclesiae
1476 1982 1511 2048 et
1538 1976 1686 2067 plebano
1713 1978 1749 2049 in

197 2094 556 2168 Wancboczslro.
581 2096 670 2168 Item
697 2116 766 2167 uon
794 2101 850 2168 est
874 2096 924 2168 ibi
950 2095 1138 2187 praedium,
1166 2118 1277 2189 neque
1297 2098 1538 2169 molendinum.

301 2216 474 2307 Tronow,
501 2217 584 2288 villa
611 2219 675 2289 sub
706 2218 873 2309 parochia
899 2218 1065 2289 ecclesiae
1092 2218 1135 2289 de
1164 2218 1513 2291 Wancboczsko
1542 2221 1626 2310 sita,
1654 2221 1778 2292 cuius·

196 2336 394 2428 proprietas
421 2337 466 2409 ad
492 2323 727 2429 episcopatum
755 2337 1021 2412 Gracoviensem
1048 2340 1210 2431 pertinet.
1237 2340 1277 2410 In
1297 2361 1368 2430 qua
1385 2345 1467 2411 sunt
1485 2341 1641 2412 undecim
1660 2342 1752 2411 lanei

198 2458 441 2550 cmetbouales,
469 2460 553 2530 item
579 2481 649 2531 una
674 2462 822 2533 taberna
848 2462 981 2533 habens
1007 2461 1158 2532 medium
1185 2461 1322 2533 laneum
1350 2482 1528 2552 agrorum,
1556 2462 1599 2533 de
1627 2462 1752 2552 quibus

198 2578 359 2651 omnibus
384 2580 532 2652 solvitur
566 2586 603 2652 et
629 2580 833 2688 conducitur
868 2582 1001 2653 decima
1026 2582 1253 2672 manipularis
1280 2588 1316 2653 et
1342 2584 1516 2674 canapalis
1543 2604 1607 2673 pro
1634 2602 1753 2653 mona·
1901 2616 1904 2623 ·

197 2700 306 2773 sterio
319 2698 615 2792 ‘Wancboczensi,
642 2708 679 2774 et
705 2704 805 2775 valor
831 2704 904 2775 eius
932 2704 1137 2775 aestimatur
1163 2703 1207 2774 ad
1235 2708 1313 2775 octo
1332 2724 1476 2776 marcas.
1504 2704 1591 2776 Item
1610 2724 1678 2775 non
1697 2708 1752 2777 est

199 2822 248 2894 ibi
273 2823 455 2915 praedium
483 2842 595 2915 neque
620 2824 863 2898 molendinum.

745 2946 870 3017 ann
896 2967 1013 3019 mern
1039 2946 1207 3037 Mrnncz,

299 3064 378 3138 Sita
403 3067 439 3137 iu
465 3065 629 3139 districtu
662 3067 886 3139 Radomiensi
912 3074 949 3140 et
975 3069 1011 3138 in
1038 3068 1209 3139 decanatu
1243 3068 1461 3160 Kyelciensi‚
1498 3090 1587 3159 quae
1621 3074 1676 3141 est
1705 3071 1749 3141 ab

205 3186 359 3278 antiquis
394 3188 609 3279 temporibus
644 3190 847 3261 monasterii
881 3188 1172 3260 Wancboczensis
1207 3189 1456 3278 haereditaria,
1493 3188 1625 3261 habens
1652 3190 1687 3261 in
1716 3211 1753 3261 sc

199 3309 379 3381 ecclesiam
406 3309 575 3401 ligneam,
601 3311 697 3384 tituli
723 3311 842 3383 Sancti
867 3311 1058 3401 Leonardi,
1085 3312 1183 3382 cuius
1211 3311 1385 3400 ecclesiae,
1413 3311 1516 3382 villae
1534 3311 1752 3401 parochiales

202 3430 310 3503 istac:
337 3431 507 3522 imprimis
542 3433 724 3522 praedicta
749 3433 790 3503 M
798 3454 953 3526 yercz,
990 3432 1140 3504 secunda
1167 3431 1250 3504 villa
1278 3431 1503 3521 Thisben,
1539 3433 1646 3503 tertia
1672 3433 1757 3506 villa

201 3553 476 3646 Malischyn,
504 3559 630 3645 quarta
655 3554 740 3625 villa
764 3555 970 3646 Zdbyow,
998 3554 1121 3644 quinta
1146 3553 1231 3624 uilla
1258 3550 1426 3642 Gadha,
1453 3557 1552 3624 sexta
1578 3553 1661 3624 villa
1686 3552 1710 3625 J
1719 3575 1755 3624 a·

203 3674 362 3766 godne,
390 3674 539 3766 septima
564 3674 649 3746 villa
674 3674 892 3765 Jagodne,
920 3679 1044 3746 octava
1070 3674 1154 3744 villa
1180 3672 1385 3764 Osszyni.
1411 3673 1499 3744 Item
1527 3673 1654 3745 ibidem
1681 3675 1755 3764 ple-

202 3797 316 3868 banus
341 3798 377 3867 in
405 3795 498 3867 dicta
523 3795 687 3887 Myercz
713 3797 821 3868 babet
842 3795 1058 3867 hortulanias
1086 3795 1246 3886 quinque,
1274 3795 1439 3864 ecclcsiae
1467 3815 1550 3865 suae
1577 3793 1755 3884 praefatae

203 3917 466 4013 haereditarias,
493 3922 529 3989 ct
554 3916 683 3988 ibidem
709 3917 858 4007 plebano
877 3917 1087 4007 abantiquo,
1114 3915 1200 3986 data
1226 3919 1281 3986 est
1307 3897 1450 3986 libertas
1477 3915 1512 3985 in
1539 3915 1755 3987 haereditate

204 4039 371 4111 ecclesiae
397 4059 498 4129 suae,
534 4038 620 4110 alias
646 4038 864 4110 hortulanias
890 4042 984 4128 tres,
1021 4038 1077 4110 vel
1111 4041 1280 4128 quatuor,
1317 4035 1430 4108 denuo
1468 4036 1642 4127 erigendi,
1680 4037 1754 4108 sive

204 4160 360 4251 locandi,
406 4161 465 4252 qui
500 4158 650 4252 praelati
679 4160 858 4232 hortulani
884 4159 1031 4250 plebano
1059 4179 1140 4249 suo,
1168 4157 1307 4231 domino
1334 4157 1589 4248 haereditario,
1617 4163 1753 4230 censum

205 4281 344 4354 solvunt
370 4302 433 4373 pro
459 4281 550 4354 festo
586 4281 704 4353 Sancti
739 4280 884 4352 Martini
911 4302 975 4372 per
1000 4301 1104 4352 unam
1141 4299 1310 4370 marcam,
1346 4283 1382 4351 et
1408 4284 1571 4351 tenentur
1606 4277 1756 4371 praefati

202 4403 380 4475 hortulani
415 4403 553 4474 domino
589 4423 653 4475 suo
687 4403 836 4494 plebano
870 4401 1074 4474 falcastrare
1110 4407 1249 4493 pratum
1285 4407 1416 4491 totum,
1457 4401 1549 4492 quod
1585 4405 1640 4473 est
1674 4407 1755 4493 post

204 4525 393 4616 ecclesiam,
419 4545 529 4617 usque
555 4524 736 4597 adlatum
763 4524 912 4615 salicem,
939 4525 1094 4615 ipsorum
1119 4522 1294 4595 falcastris
1312 4527 1347 4594 et
1365 4523 1534 4613 expensis,
1563 4526 1598 4593 ct
1615 4521 1753 4594 foenum

204 4645 239 4716 iu
265 4645 388 4718 eodem
414 4652 517 4736 prato
543 4650 710 4736 castrare,
738 4646 773 4716 in
800 4664 990 4736 currusque
1018 4645 1147 4716 domini
1173 4644 1313 4735 plebani
1339 4644 1525 4734 imponere,
1553 4647 1588 4715 et
1613 4644 1650 4714 iu
1672 4644 1753 4716 hor·

205 4786 305 4838 reum
330 4765 460 4838 domini
486 4766 625 4856 plebani
656 4765 838 4856 inducere;
874 4767 911 4836 in
938 4765 1017 4836 aliis
1044 4769 1158 4836 autem
1186 4765 1297 4854 pratis
1332 4765 1539 4856 ubicumque
1566 4764 1657 4835 idem
1683 4765 1757 4855 ple·
1852 4849 1855 4863 ,

206 4886 316 4960 banus
335 4887 464 4959 habere
477 4888 617 4978 potent,
635 4891 771 4958 tantum
789 4891 946 4958 rastrare
963 4885 1102 4958 foenum
1115 4891 1288 4957 tenentur.
1315 4885 1403 4956 Item
1417 4884 1566 4975 praelati
1579 4885 1757 4956 hortulani

131 5101 134 5109 .
206 5002 368 5080 tenentur
394 5009 542 5099 plebano
569 5009 810 5080 subiuvamina
828 5013 987 5099 quatuor,
1014 5007 1099 5078 alias
1119 5003 1289 5101 pomoeri,
1316 5007 1382 5078 hoc
1400 5011 1454 5078 cst
1473 5006 1618 5097 quilibet
1637 5025 1756 5078 eorum

206 5149 274 5200 uno
301 5129 389 5201 lalce
415 5136 546 5202 metere
572 5128 745 5202 frumenta
771 5128 944 5220 hyemalia
962 5127 1051 5200 diem
1070 5128 1226 5218 primam,
1255 5127 1438 5199 secundam
1469 5127 1559 5198 diem
1585 5125 1757 5200 frumenta

209 5250 377 5340 vernalia,
404 5252 542 5322 tertiam
571 5256 608 5323 et
635 5255 794 5342 quartam
820 5249 912 5321 diem
939 5249 1109 5321 seminare
1135 5247 1191 5338 id,
1219 5249 1311 5338 quod
1339 5253 1474 5320 sereret
1501 5248 1659 5320 dominus
1685 5249 1758 5340 ple·

207 5370 325 5463 banus,
354 5373 398 5444 ab
424 5372 624 5462 eisdemque
650 5373 819 5462 plebanus
845 5371 1041 5443 hortulanis
1069 5371 1142 5442 suis
1169 5369 1374 5442 decimulam
1401 5369 1651 5460 manipularem
1679 5391 1758 5460 per·

210 5491 311 5583 cipit,
347 5493 428 5583 qui·
443 5491 580 5583 quidem
616 5493 793 5564 hortulani
829 5492 967 5564 domino
994 5491 1114 5564 abbati
1147 5492 1351 5563 monasterii
1387 5489 1678 5563 Wancboczensis
1713 5492 1757 5564 ad

210 5613 385 5701 praedium
413 5613 542 5684 ibidem
568 5614 605 5684 in
631 5613 831 5706 Myercz,
858 5618 1022 5686 tenentur
1047 5614 1152 5685 etiam
1179 5612 1306 5684 similia
1333 5617 1481 5703 quatuor
1508 5603 1777 5703 subluramina,

148 5789 153 5799 .
211 5732 299 5805 sicut
323 5735 472 5825 plebano
498 5755 570 5825 suo,
598 5740 635 5807 ct
660 5735 747 5807 nibil
767 5736 860 5828 plus.
886 5736 974 5810 Item
997 5733 1204 5810 adeundam
1232 5733 1410 5810 ecclesiam
1438 5735 1473 5809 iu
1500 5733 1684 5830 Myercz
1711 5735 1756 5808 ab
