4550 6600
1574 844 1577 848 .
1718 772 1792 847 451

242 992 307 1069 pro
334 970 535 1071 episcopatu
562 967 803 1069 (acconensi,
831 974 928 1051 cuius
946 970 1044 1051 valor
1062 971 1106 1051 ad
1125 974 1277 1070 quinque
1305 997 1438 1053 marcas
1467 978 1679 1054 aestimatur.
1706 981 1793 1056 item

242 1100 421 1191 praedium
432 1122 538 1173 unum
552 1100 703 1173 militare
718 1106 773 1173 est
786 1102 854 1193 ibi,
881 1101 924 1173 de
939 1120 1007 1192 quo
1026 1100 1218 1173 decimatur
1234 1124 1298 1192 pro
1317 1106 1464 1177 ecclesia
1477 1108 1513 1177 in
1526 1107 1555 1178 P
1566 1108 1795 1199 olanyeca

347 1222 493 1315 Gnonn,
522 1223 606 1305 villa
632 1223 696 1297 snb
723 1224 890 1314 parochie
917 1222 1259 1316 oe-Polanyeca
1275 1226 1362 1317 sita,
1389 1230 1486 1300 cuins
1513 1231 1637 1303 haeres
1662 1232 1794 1304 dohan-

133 1360 138 1370 ·
242 1364 305 1417 nes
342 1344 681 1437 Rithwyensky
716 1345 891 1452 palatinus
927 1344 1176 1419 Oracoviensis.
1223 1347 1264 1417 In
1301 1369 1368 1439 qua
1403 1357 1485 1422 sunt
1518 1353 1669 1444 quinque
1704 1356 1796 1427 lanei

242 1466 497 1558 emethonales,
533 1466 576 1539 de
603 1467 729 1558 quibua
757 1468 915 1540 omnibus
942 1468 1090 1540 solvitur
1117 1473 1153 1539 et
1179 1469 1383 1541 conducitur
1410 1472 1544 1544 decima
1570 1461 1796 1566 manipularis

241 1594 280 1659 et
306 1589 482 1679 canapalis
508 1601 573 1679 pro
599 1588 802 1680 episcopatu
829 1586 1060 1681 cracoviensi,
1089 1590 1186 1663 cuins
1203 1592 1303 1663 valor
1320 1593 1365 1663 ad
1382 1592 1501 1665 decem
1526 1616 1662 1671 marcas
1690 1600 1796 1670 aesti-

244 1715 371 1783 matur.
398 1710 583 1795 Praedium
610 1732 680 1783 non
707 1715 769 1803 est,
797 1730 860 1783 nec
886 1711 1042 1801 taberna,
1068 1732 1133 1785 nec
1159 1713 1368 1785 hortulania.
1745 1724 1748 1728 ’

348 1832 573 1924 anKURzA,
609 1834 693 1905 villa
728 1834 792 1905 snb
827 1834 993 1925 parochia
1028 1832 1072 1906 de
1107 1822 1531 1910 Gamluschomicze
1547 1874 1551 1889 ·
1567 1840 1653 1932 sita,
1699 1844 1797 1915 cuius

243 1955 440 2045 proprietas
462 1954 513 2027 ad
539 1956 738 2047 episcopum
757 1945 1201 2047 Gracoviensempertinet,
1229 1958 1326 2028 iuxta
1342 1957 1484 2030 fluvium
1511 1959 1647 2033 Visl’a
1672 1964 1797 2037 iacens.

232 2070 285 2149 ln
313 2068 381 2167 qua
404 2082 489 2150 aunt
514 2098 576 2149 sex
603 2098 680 2149 cum
707 2077 820 2150 medio
847 2077 940 2149 lanei
968 2078 1214 2169 emethonales,
1241 2079 1285 2150 de
1312 2080 1436 2169 quibus
1464 2084 1623 2155 omnibus
1650 2086 1798 2158 solvitur

243 2204 282 2271 et
308 2198 514 2273 conducitur
540 2199 674 2271 decima
691 2199 917 2290 manipularis
944 2204 980 2272 et
998 2199 1183 2291 campalis,
1209 2220 1274 2291 pro
1292 2201 1439 2273 ecclesia
1464 2204 1500 2274 in
1527 2204 1799 2299 Polanyecz,
2069 2294 2073 2301 ¹

163 2324 166 2329 '
243 2325 283 2393 et
307 2320 406 2394 valor
432 2322 507 2394 eius
542 2321 749 2394 aestimatur
776 2320 820 2393 ad
847 2326 921 2394 tres
948 2342 1092 2394 marcas.
1127 2322 1216 2394 Item
1250 2343 1319 2394 non
1346 2328 1401 2395 est
1425 2326 1476 2397 ibi
1501 2326 1701 2421 praedium,
1736 2351 1801 2401 nec
1924 2384 1943 2397 ..

243 2444 402 2535 taberna,
429 2462 493 2517 nec
518 2443 727 2516 hortulania.
1675 2505 1682 2519 ,

243 2647 248 2657 ,
285 2590 287 2597 ·
350 2563 632 2655 Zanuscnnrxx,
666 2564 750 2638 villa
776 2564 840 2649 sub
867 2564 1033 2655 parochia
1060 2564 1103 2637 dc
1131 2563 1551 2657 Gauluschowicze
1587 2572 1674 2664 sita,
1701 2574 1798 2645 cuins

244 2687 372 2757 haeres
399 2686 564 2757 Nicolaus
600 2683 989 2779 Golanrbyowslry
1015 2686 1059 2758 de
1085 2688 1192 2758 armis
1219 2687 1243 2760 J
1252 2690 1401 2761 anina.
1441 2692 1481 2763 In
1509 2714 1577 2783 qua
1603 2699 1686 2766 sunt
1711 2683 1801 2767 unns

245 2828 325 2879 curn
352 2807 465 2881 medio
491 2808 584 2881 lanei
611 2808 856 2899 emethonales,
883 2828 959 2881 cum
986 2810 1241 2900 excrescentia,
1268 2810 1311 2882 de
1335 2812 1459 2902 quibus
1485 2814 1632 2886 solvitur
1648 2789 1697 2888 'et'
1721 2837 1802 2889 cou—
1905 2904 1908 2910 ¹

247 2929 389 3021 ducitur
415 2930 548 3001 decima
565 2930 792 3021 manipularis
811 2935 847 3002 et
864 2930 1047 3021 campalis,
1074 2952 1137 3021 pro
1157 2931 1302 3003 ecclesia
1320 2933 1355 3003 in
1382 2932 1623 3027 PolanyecZ,
1651 2945 1687 3009 et
1704 2939 1803 3010 valor

120 3092 121 3096 =
248 3052 326 3123 eina
352 3053 557 3124 aestimatur
584 3051 629 3123 ad
656 3056 806 3143 quatuor
842 3072 987 3124 marcas.
1021 3051 1109 3123 Item
1135 3058 1192 3124 est
1218 3054 1268 3125 ibi
1294 3075 1400 3125 nanum
1426 3056 1606 3145 praedium
1643 3059 1802 3150 militare,
1914 3097 1918 3105 ·

247 3172 294 3245 de
321 3174 419 3247 cuius
445 3174 539 3264 agris
566 3172 758 3245 decimatur
793 3173 975 3245 decanatui
1010 3172 1300 3266 Sandomiriensi,
1336 3175 1434 3247 cuius
1466 3178 1565 3250 valor
1601 3182 1804 3253 aestimatur

246 3294 295 3368 ad
321 3294 469 3368 median
495 3315 655 3368 marcam.
688 3294 771 3368 Fuit
796 3301 913 3368 autern
949 3295 1036 3368 haec
1064 3296 1147 3368 villa
1172 3296 1322 3387 primum
1357 3296 1484 3371 fundm
1511 3301 1676 3374 ccclesiae
1702 3325 1805 3393 paro·

249 3418 375 3497 chialis
402 3419 437 3489 in
464 3417 712 3510 Polanyecz,
743 3437 787 3489 ex
814 3421 894 3508 post
921 3437 1003 3490 vero
1045 3417 1111 3490 fuit
1137 3417 1264 3491 drudus
1291 3420 1480 3492 decanatus
1507 3422 1806 3516 Sandomiriensis,

248 3540 439 3612 novissime
475 3559 557 3612 uero
592 3541 778 3630 magister
792 3540 882 3611 alias
918 3538 1040 3612 doctor
1076 3539 1286 3631 Theologiae
1322 3541 1472 3613 decanus
1505 3540 1805 3636 Sandomiriensia

208 3663 214 3668 ’
248 3662 462 3754 permutavit
474 3661 569 3734 illam
587 3682 651 3752 pro
669 3662 754 3734 villa
767 3660 1009 3752 Mothicxe,
1023 3661 1182 3733 addendo
1200 3660 1422 3732 ducentae...
1440 3663 1584 3737 Nicolao
1600 3664 1806 3756 Golyam-

250 3785 473 3875 biowslry,
508 3791 544 3856 et
570 3783 695 3856 exinde
733 3781 826 3854 lacta
861 3787 916 3854 est
941 3782 1130 3872 militaris„
1158 3782 1293 3853 decima
1325 3787 1442 3854 tamen
1478 3786 1705 3876 manipularis
1739 3807 1805 3877 pro
1918 3867 1924 3879 Ι

139 3939 150 3954 ¹
250 3906 384 3978 decano
410 3904 681 3980 Sandomiriensi
707 3899 884 3994 remansit,
911 3909 992 3994 post
1018 3923 1122 3993 agros
1150 3903 1323 3976 duntaxat
1348 3905 1555 3994 praedictos,

365 4027 677 4119 Kaznurnmcrn,
722 4025 805 4098 villa
848 4025 912 4098 sub
957 4025 1123 4116 parochia
1166 4022 1211 4096 de
1255 4023 1682 4101 Gamlnschowicze
1726 4031 1804 4119 sito,

253 4151 355 4224 cuius
389 4150 513 4221 haeres
550 4148 729 4243 lohannes
765 4145 865 4219 Felix
901 4146 1211 4239 Tharnowaky
1235 4147 1290 4220 vdc
1326 4147 1427 4220 domo
1455 4148 1635 4221 Leliwa.
1669 4150 1711 4221 In
1739 4171 1808 4241 qna

253 4279 338 4348 aunt
363 4272 454 4348 lanei
481 4271 735 4361 auctionales,
766 4268 809 4341 de
837 4269 962 4362 quibus
989 4269 1137 4342 solvitur
1163 4275 1200 4342 et
1226 4270 1432 4356 conducitur
1458 4271 1590 4343 decima
1615 4272 1808 4363 manipula-

254 4397 306 4470 ris
333 4401 369 4468 et
395 4394 572 4486 canapalis
598 4414 662 4485 pro
689 4391 834 4466 ecclesia
860 4392 896 4463 in
923 4391 1202 4483 Polanyecz,
1237 4398 1275 4464 et
1299 4393 1399 4465 valor
1424 4393 1499 4465 eius
1534 4391 1809 4478 aestimaturad

145 4521 149 4528 '
256 4517 345 4592 duaa
370 4536 516 4590 marcas.
607 4573 608 4576 κ

361 4639 540 4728 Znnxow,
566 4637 650 4710 villa
669 4638 732 4709 snb
751 4637 916 4729 parochia
943 4636 986 4708 de
1013 4634 1438 4712 Gawluschowicze
1465 4638 1542 4728 sita,
1568 4637 1666 4710 cuius
1684 4637 1809 4708 haeres

255 4759 435 4835 lohannes
465 4758 564 4832 Felix
600 4758 908 4850 Tharnowslry
935 4759 1106 4831 dedomo
1133 4757 1316 4830 Leliwa.
1340 4756 1382 4828 In
1410 4779 1478 4848 qua
1495 4764 1577 4829 sunt
1601 4758 1694 4829 lanei
1720 4779 1810 4829 orne-

255 4883 434 4975 thonalcs,
461 4882 505 4954 de
533 4882 657 4974 quibus
685 4881 831 4954 solvitur
858 4885 894 4952 et
920 4877 1125 4953 conducitur
1152 4878 1286 4952 decima
1310 4877 1535 4968 manipularis
1562 4884 1598 4950 et
1623 4879 1809 4971 cenapolis,

255 5027 323 5099 pro
341 5005 486 5078 ecclesia
512 5005 548 5076 in
575 4987 852 5094 Polanyecz;
879 5007 915 5073 et
941 5001 1038 5074 valor
1056 5001 1131 5072 eius
1150 5000 1355 5072 aestimatur
1371 5000 1416 5071 ad
1441 5000 1529 5072 duas
1549 5021 1693 5072 marcas.
1718 5001 1808 5087 item

257 5108 444 5219 navigium⁴
455 5125 548 5198 circa
563 5124 768 5215 zdakow,
787 5124 919 5210 habens
937 5143 1058 5214 agroue,
1077 5121 1261 5213 dequibus
1279 5121 1473 5193 decimatur
1488 5123 1526 5193 in
1544 5120 1811 5212 Polanyecz.

365 5249 479 5322 Villae
489 5247 725 5340 parochiales:
742 5245 984 5337 Polanyecz,
1002 5243 1172 5333 Ostrow,
1194 5243 1382 5335 Zauada‚
1398 5241 1511 5316 Glini
1537 5242 1681 5334 Maior,
1700 5241 1812 5315 Glini
1874 5277 1877 5287 ·

260 5371 413 5462 Minor,
436 5369 650 5458 Ribitlrwi,
672 5365 1520 5458 our-agla,Brzozowa,anseraznzyeez,
1546 5346 1813 5457 Zdrzambyn,

258 5493 530 5586 Lycaoniam,
566 5490 725 5564 Turslro
757 5489 905 5578 Minor,
940 5487 1069 5578 Rada,
1106 5485 1307 5578 Rullum,
1338 5486 1505 5578 Sczelra,
1532 5485 1665 5559 Oloda.

760 5682 764 5708 ἶ
903 5608 1177 5682 Ounoswanxr.

297 5833 301 5841 Ι
367 5732 542 5826 Oppidum
576 5733 708 5814 habens
740 5734 776 5804 in
802 5752 840 5804 se
867 5730 1046 5804 ecclesiam
1082 5729 1333 5823 parochialem,
1368 5728 1484 5821 lapide
1518 5729 1598 5803 albo
1632 5733 1814 5824 muratam,
