4550 6600
1712 713 1822 820 'or

272 947 361 1018 Item
396 946 576 1038 praedium
604 953 658 1018 est
684 947 733 1018 ibi
759 967 878 1036 unum,
915 947 957 1018 de
993 968 1060 1037 quo
1097 947 1246 1020 solvitur
1281 949 1416 1022 decima
1450 951 1695 1043 scholastriae,
1729 954 1828 1026 cuius

273 1067 370 1140 valor
396 1068 440 1140 ad
467 1088 530 1139 sex
556 1088 692 1140 marcas
718 1068 932 1140 aestimatur.

376 1188 566 1278 Jaszonn,
602 1188 685 1260 villa
711 1190 776 1261 sub
802 1189 967 1278 parochia
993 1189 1036 1260 de
1062 1188 1085 1259 J
1093 1191 1303 1281 emyelno
1329 1191 1417 1280 sita,
1454 1193 1552 1264 cuius
1583 1193 1676 1265 idem
1703 1195 1826 1268 haeres

273 1311 438 1382 Nicolaus
467 1310 511 1382 de
538 1310 639 1382 domo
667 1310 810 1399 Rosae,
846 1310 882 1380 in
910 1331 978 1401 qua
1005 1315 1085 1382 sunt
1110 1311 1204 1382 lanei
1230 1313 1471 1403 cmethonales,
1498 1315 1583 1386 item
1601 1315 1690 1386 duae
1709 1317 1826 1388 taber·

273 1451 348 1520 nae,
375 1431 460 1502 item
487 1431 681 1519 hortulani,
716 1429 759 1500 de
786 1429 910 1520 quibus
938 1431 1096 1502 omnibus
1123 1412 1271 1503 solvunt
1296 1438 1334 1504 et
1359 1433 1563 1506 conducitur
1595 1434 1729 1506 decima
1754 1458 1827 1508 ma·

273 1551 444 1642 nipularis
471 1557 508 1622 01
534 1551 708 1642 canapalis
744 1571 808 1640 pro
836 1551 1070 1622 mansionaria
1095 1550 1340 1642 Jemyelnensi.
1374 1554 1463 1624 ltem
1490 1560 1546 1626 est
1570 1556 1620 1627 ibi
1646 1557 1827 1645 praedium

276 1693 391 1762 uuum,
419 1672 461 1744 de
487 1673 584 1744 cuius
612 1659 714 1742 etian'n
740 1671 834 1761 agris
861 1670 995 1742 decima
1021 1671 1133 1744 eidem
1151 1674 1407 1746 mansionariae
1424 1674 1581 1767 solvitur,
1607 1676 1706 1749 cuius
1729 1679 1828 1750 valor
1904 1711 1908 1718 ·

274 1793 320 1864 ad
347 1798 424 1864 octo
451 1813 584 1864 marcas
611 1793 823 1864 aestimatur.

373 1912 551 2002 Lszczrn,
578 1913 660 1983 villa
679 1913 742 1984 sub
761 1912 927 2003 parochia
953 1912 996 1984 de
1019 1912 1240 2004 Yemyelno
1268 1915 1353 2004 sita,
1381 1916 1480 1988 cuius
1497 1918 1622 1988 haeres
1648 1917 1826 2008 praelatus

269 2032 293 2106 J
302 2033 533 2125 aszyensky
560 2033 733 2123 Nicolaus,
760 2033 796 2104 in
824 2054 892 2124 qua
914 2039 996 2106 sunt
1013 2034 1104 2104 lanei
1131 2036 1375 2124 cmethonales,
1402 2037 1487 2108 item
1504 2039 1685 2128 praedium
1712 2061 1828 2130 unum,

269 2155 353 2224 item
381 2153 567 2244 hortulani,
594 2155 679 2226 item
705 2155 860 2244 taberna,
886 2154 930 2225 de
958 2155 1083 2246 quibus
1110 2156 1271 2228 omnibns
1297 2157 1446 2230 solvitur
1472 2163 1509 2230 et
1535 2159 1741 2232 conducitur
1767 2161 1827 2232 de-

269 2275 359 2346 cinna
386 2274 611 2366 manipularis
638 2296 701 2368 pro
729 2276 964 2348 mansionaria
998 2275 1250 2367 Jemyelneusi,
1277 2279 1374 2350 cuius
1405 2279 1504 2351 ualm
1531 2279 1577 2352 ad
1603 2301 1665 2352 sex
1691 2301 1826 2352 marcas
1877 2291 1881 2296 “

270 2396 483 2468 aestimatur.

372 2517 680 2608 Marnuowrcza,
716 2518 800 2590 villa
826 2519 891 2592 sub
917 2519 1083 2609 parochia
1109 2518 1152 2590 de
1178 2518 1202 2592 J
1211 2519 1421 2621 emyelno
1448 2521 1529 2611 sita,
1566 2521 1663 2594 cuius
1700 2523 1825 2595 haeres
1950 2597 1954 2602 Α

269 2639 446 2710 Jonannes
473 2639 517 2710 de
554 2639 655 2710 domo
691 2639 934 2729 Bonorum,
969 2640 1006 2710 in
1034 2660 1102 2730 qua
1128 2645 1210 2711 sunt
1235 2640 1327 2712 lanei
1353 2643 1607 2733 cmethonales,
1633 2643 1718 2714 item
1744 2649 1826 2716 sunt

268 2761 319 2832 ibi
344 2761 415 2831 tria
441 2760 595 2851 praedia,
622 2761 707 2832 item
733 2761 889 2851 taberna,
915 2761 998 2832 item
1017 2761 1248 2850 hortulaniae,
1275 2761 1464 2852 dequibus
1490 2763 1650 2836 omnibus
1677 2765 1825 2836 solvitur

146 2863 149 2871 ⁴
268 2887 305 2952 et
332 2881 535 2954 conducitur
563 2881 695 2953 decima
721 2881 947 2972 manipularis
973 2877 1017 2954 et
1037 2883 1243 2972 canapalis..
1262 2938 1270 2952 .
1289 2936 1323 2952 ..

373 3002 521 3093 Srnaw,
548 3003 632 3074 villa
650 3003 714 3074 sub
733 3003 899 3093 parochia
920 3003 964 3074 de
991 2987 1212 3093 Yemyelno
1238 3003 1322 3093 sita,
1348 3004 1446 3076 00100
1463 3005 1633 3076 haeredes
1660 3005 1824 3078 Nicolaus

270 3130 307 3197 et
333 3124 493 3196 Andreas
519 3123 719 3216 Mokrsky
747 3124 790 3196 de
817 3124 918 3196 domo
954 3124 1170 3215 Rosarum,
1204 3124 1240 3195 in
1267 3145 1336 3214 qua
1362 3131 1445 3196 suut
1470 3126 1562 3197 lanei
1580 3127 1823 3218 cmethonales,

269 3247 354 3319 item
381 3247 541 3337 taberna,
577 3246 660 3318 item
696 3245 932 3337 hortulaniae,
964 3245 1007 3319 (10
1035 3246 1159 3338 quibus
1186 3245 1345 3319 omnibus
1380 3247 1528 3319 solvitur
1554 3252 1592 3319 et
1618 3247 1822 3322 conducitur

267 3368 400 3439 decima
434 3368 659 3459 manipularis
686 3374 723 3441 et
748 3368 923 3460 canapalis
949 3388 1013 3459 pro
1040 3368 1283 3441 mansionariis
1316 3367 1635 3461 demyelnensibus,
1662 3376 1699 3443 et
1725 3372 1824 3445 valor

182 3561 189 3571 ,
267 3489 342 3561 0100
368 3490 572 3562 aestimatur
599 3489 643 3561 ad
662 3543 775 3561 .....

371 3610 654 3701 Jnnrannrczn,
689 3611 772 3681 villa
798 3610 862 3682 sub
889 3610 1057 3700 parocbia
1083 3610 1126 3681 de
1153 3610 1175 3681 J
1187 3611 1397 3701 emyelno
1425 3612 1502 3700 sita,
1530 3612 1628 3682 cuins
1654 3613 1823 3684 haeredes

267 3733 477 3804 Paczorek
504 3737 540 3803 et
558 3786 699 3803 ......
726 3732 769 3805 de
796 3732 898 3803 domo
935 3731 1148 3820 Rosarum,
1187 3732 1224 3801 in
1251 3752 1321 3821 qna
1353 3738 1435 3802 sunt
1461 3732 1554 3802 lanei
1580 3734 1823 3824 cmethonales,

267 3856 351 3926 item
378 3854 609 3945 hortulaniae,
637 3855 721 3925 item
749 3855 907 3941 taberna,
935 3852 1020 3923 item
1048 3850 1118 3922 duo
1146 3851 1290 3941 praedia
1307 3851 1482 3940 militaria,
1509 3852 1553 3923 de
1572 3852 1696 3941 quibus
1715 3856 1825 3925 omni·

267 3976 332 4048 bus
364 3975 511 4047 solvitur
543 3980 579 4047 et
610 3974 815 4047 conducitur
850 3972 983 4045 decima
1017 3972 1244 4063 manipularis
1275 3979 1312 4043 et
1347 3972 1524 4063 canapalis
1558 3974 1823 4063 praepositurae

267 4096 512 4189 Jemyelnensi,
540 4102 576 4169 et
602 4097 702 4189 palor
728 4096 802 4168 eius
830 4094 1036 4167 aestimatur
1063 4093 1107 4165 ad
1134 4114 1196 4165 sex
1222 4114 1366 4165 marcas.

374 4218 593 4307 Dznscurn,
620 4218 705 4289 villa
731 4218 796 4289 sub
823 4217 988 4308 parochia
1015 4216 1058 4289 de
1084 4215 1107 4289 J
1113 4216 1298 4307 emyelno
1326 4216 1402 4306 sita,
1430 4216 1527 4289 cuius
1554 4217 1678 4289 haeres
1705 4218 1821 4289 81001-

269 4338 363 4410 slans
391 4338 434 4411 de
462 4338 563 4411 domo
590 4338 803 4429 Rozarum,
830 4339 866 4409 in
893 4358 962 4428 qua
988 4342 1070 4409 sunt
1096 4336 1188 4409 lanei
1214 4336 1467 4425 cmethonales3
1492 4320 1576 4409 item
1603 4338 1823 4409 hortulaniae

266 4480 335 4531 non
363 4464 454 4549 sunt,
481 4460 565 4531 item
591 4460 758 4531 tabernae
784 4482 853 4533 non
880 4464 979 4549 sunt,
1006 4459 1050 4531 de
1078 4458 1204 4550 quibus
1221 4459 1381 4531 omnibus
1399 4458 1548 4531 solvitur
1566 4464 1603 4529 et
1619 4459 1823 4531 conducitur

267 4581 400 4653 decima
419 4581 644 4672 manipularis
659 4587 695 4653 et
708 4582 881 4673 canapalis
899 4603 963 4672 pro
981 4581 1224 4653 mansionariis
1242 4580 1419 4671 praefatis,
1440 4580 1537 4651 cuius
1553 4580 1651 4651 valor
1668 4580 1713 4650 ad
1732 4635 1739 4648 .
1758 4634 1766 4648 .
1786 4635 1793 4648 .
1813 4635 1820 4649 .

372 4702 608 4795 Soaowmza,
635 4703 719 4775 villa
745 4704 809 4777 sub
836 4703 1002 4795 parochia
1029 4704 1071 4775 de
1098 4702 1121 4773 J
1127 4703 1311 4794 emyelno
1339 4703 1416 4791 sita,
1443 4702 1542 4773 00100
1568 4702 1821 4775 inhabitatores

265 4830 303 4895 et
327 4824 461 4897 incolae
487 4826 523 4897 in
549 4830 625 4897 toto
652 4830 733 4897 sunt
759 4825 892 4898 nobiles
919 4825 962 4897 de
989 4825 1095 4897 variis
1127 4825 1253 4914 armis,
1289 4824 1332 4895 de
1356 4844 1502 4914 quorum
1537 4823 1632 4913 agris
1659 4823 1817 4895 omnibus

266 4946 415 5019 solvitur
451 4946 583 5019 decima
619 4948 845 5041 manipularis
872 4969 935 5039 pro
962 4948 1130 5038 magistro
1167 4945 1307 5019 scholae
1341 4943 1470 5017 ibidem
1498 4945 1534 5015 in
1562 4943 1823 5037 Gemyelna

266 5074 303 5140 et
328 5068 426 5141 valor
453 5068 526 5141 eius
554 5066 598 5141 ad
626 5090 686 5141 sex
713 5090 847 5143 marcas
875 5070 1090 5143 aestimatur.
1150 5134 1155 5142 .

328 5276 330 5283 y
369 5190 566 5281 ZnnazouJ,
594 5191 676 5263 villa
702 5193 765 5264 sub
793 5190 959 5282 parochia
985 5190 1150 5262 ecclesiae
1177 5189 1220 5260 de
1247 5187 1482 5278 Wyerczow
1509 5188 1592 5277 sita,
1619 5187 1716 5259 cuius
1743 5186 1821 5259 bae·

263 5310 365 5384 redes
391 5311 584 5385 Dobeslaus
611 5312 655 5385 (10
680 5312 1002 5403 Kurozwanky
1039 5310 1082 5381 de
1117 5310 1220 5383 domo
1255 5310 1419 5398 Rosae,
1454 5309 1491 5379 in
1522 5330 1592 5399 qua
1621 5316 1702 5381 sunt
1728 5308 1821 5381 lanei

264 5432 508 5523 cmethonales,
535 5434 619 5505 item
645 5434 821 5523 tabernae,
848 5434 933 5504 item
959 5430 1189 5522 hortulaniae,
1215 5432 1300 5503 item
1326 5430 1507 5520 praedium
1533 5452 1647 5520 00010,
1674 5432 1717 5502 (10
1744 5432 1820 5522 qui·

264 5552 331 5625 bus
358 5555 517 5627 omnibus
544 5555 696 5627 solvitur·
726 5554 859 5625 decima
890 5552 1117 5644 manipulalis
1145 5574 1209 5647 pro
1236 5551 1479 5624 mansionariis
1504 5552 1540 5623 in
1566 5551 1590 5624 J
1598 5552 1820 5644 emyelno,

267 5674 364 5747 cuius
391 5675 490 5751 valor
516 5677 722 5751 aestimatur
748 5674 793 5749 ad
812 5728 953 5753 ......
