4550 6600
516 752 588 873 roa

511 964 707 1055 proprietas
734 959 778 1034 ad
806 958 968 1035 abbatem
1003 965 1038 1032 ot
1064 964 1271 1033 conventum
1298 955 1584 1052 Thynicziensem
1609 954 1772 1051 pertinet.
1815 953 1857 1029 In
1884 960 2058 1055 quaeunt

512 1090 589 1157 octo
615 1085 707 1155 lanei
735 1083 984 1174 cme'thonales,
1011 1083 1093 1152 item
1119 1083 1266 1154 taberna
1292 1103 1362 1152 una
1387 1082 1519 1153 habeus
1547 1101 1668 1170 agroS,
1704 1081 1748 1152 dc
1775 1080 1900 1171 quibus
1927 1078 2059 1149 decima

508 1206 685 1294 variatur3
720 1226 800 1276 nam
828 1225 895 1275 uno
923 1224 1013 1274 anno
1040 1204 1221 1293 episcopus
1242 1201 1488 1274 'Cracoviensis
1525 1201 1618 1291 capit
1651 1199 1820 1271 decimam
1853 1198 2056 1289 hyemalem,

297 1384 300 1393 ,
360 1309 364 1318 ’
509 1330 545 1395 et
570 1326 739 1416 plebanus
765 1326 802 1395 in
828 1324 1062 1413 Xapgnicze
1089 1324 1308 1413 aestivalem,
1345 1322 1494 1395 secundo
1522 1342 1605 1394 vero
1633 1341 1723 1392 anuo
1750 1320 1844 1392 tollit
1871 1320 2055 1409 episcopus
2109 1362 2117 1376 ·

508 1446 709 1517 aestivalem
736 1450 772 1516 et
797 1444 964 1535 plebanus
990 1444 1200 1534 hyemalem,
1234 1445 1341 1516 tertio
1368 1447 1485 1534 autem
1521 1462 1612 1513 anno
1639 1442 1820 1531 episcopua
1852 1446 1927 1511 tam
1954 1439 2058 1509 aesti-

508 1566 620 1639 valem
649 1586 751 1656 quam
776 1564 971 1655 hyemalem
996 1584 1060 1654 pro
1089 1585 1126 1636 se
1152 1565 1253 1654 tollit,
1280 1564 1449 1655 plebanus
1476 1563 1535 1634 nil.
1572 1561 1685 1635 Valor
1710 1562 1880 1654 hyemalis
1905 1560 2058 1633 decimae
2154 1551 2158 1557 ’

509 1685 553 1756 ad
581 1692 658 1757 octo
685 1704 819 1757 marcas
847 1685 1061 1775 aestimatur,
1088 1684 1265 1756 aestivalis
1293 1684 1337 1755 ad
1365 1688 1522 1773 quatuor.
1667 1705 1672 1713 ·

612 1806 805 1896 Donusam,
841 1804 924 1877 villa
951 1807 1014 1876 sub
1042 1806 1209 1895 parochia
1235 1804 1278 1875 de
1311 1804 1579 1893 Xanguicze
1616 1803 1703 1892 sita,
1738 1803 1835 1873 ouius
1861 1802 2057 1892 proprietas

444 1906 449 1912 ⁵
507 1926 552 1998 ad
579 1928 740 1999 abbatem
777 1932 813 1998 et
849 1930 1055 1997 conventum
1082 1925 1366 2015 Thyniczieusem
1392 1926 1554 2015 pertinet.
1597 1924 1639 1994 In
1667 1944 1737 2014 qua
1761 1944 1831 1995 non
1858 1927 1942 1994 suut
1967 1923 2057 1993 lanei

464 2077 468 2085 ·
508 2048 750 2138 cmethonales,
778 2047 839 2119 sed
864 2046 1104 2118 tantummodo
1132 2050 1209 2118 octo
1228 2046 1447 2117 hortulaniae
1473 2046 1643 2117 habentes
1670 2064 1782 2134 agros,
1809 2044 1894 2115 item
1912 2044 2057 2114 taberna

508 2189 577 2239 nna
602 2169 734 2240 habens
765 2188 889 2258 agros,
924 2169 1008 2237 item
1043 2167 1224 2255 praedium
1260 2166 1459 2238 coenobiale
1486 2167 1632 2255 bonum,
1668 2164 1864 2254 dequibus
1899 2164 2056 2235 omuibus

507 2288 655 2360 solvitur
681 2294 718 2359 et
742 2287 947 2360 conducitur
983 2286 1115 2357 decima
1141 2286 1365 2376 manipularis
1392 2292 1429 2358 et
1455 2286 1630 2377 canapalis
1656 2285 1821 2356 ecclesiae
1848 2290 1885 2355 et
1911 2284 2056 2374 plebano

508 2408 545 2477 in
572 2406 826 2497 Xagnicze‚
853 2412 890 2477 et
915 2406 1014 2477 valor
1041 2407 1115 2478 eius
1143 2406 1347 2477 aestimatur
1374 2406 1419 2477 ad
1445 2424 1507 2477 sex
1533 2388 1677 2476 marcas.

611 2527 899 2617 Moruowuczn,
934 2526 1017 2597 villa
1053 2527 1117 2598 sub
1144 2527 1311 2618 parochia
1337 2526 1380 2597 de
1406 2526 1639 2616 Xagnicze
1666 2525 1744 2615 sita,
1771 2524 1869 2595 cuius
1894 2524 2053 2595 haeres„

507 2648 830 2740 Pr-zeczyesky
857 2647 899 2718 de
925 2648 1032 2718 armis
1052 2702 1059 2717 .
1079 2701 1086 2716 .
1105 2702 1113 2716 .
1133 2701 1141 2717 .
1167 2647 1208 2718 In
1235 2668 1303 2737 qua
1321 2652 1403 2719 sunt
1419 2647 1513 2718 lanei
1539 2646 1782 2734 cmethonaleS,
1808 2646 1894 2715 item
1909 2645 2053 2715 taberna

363 2818 373 2833 .
508 2789 578 2839 una
603 2769 736 2840 habens
763 2788 885 2859 agroS,
913 2766 956 2839 de
984 2768 1108 2858 quibus
1136 2768 1294 2839 omnibus
1321 2766 1469 2839 solvitur
1494 2772 1531 2838 et
1556 2767 1758 2838 conducitur
1788 2765 1924 2836 decima
1948 2766 2051 2835 maui-

505 2882 638 2978 pularis
665 2894 702 2961 et
728 2890 901 2980 canapalis
938 2889 1104 2960 ecclesiae
1131 2893 1169 2959 et
1192 2889 1342 2982 plebano
1368 2890 1404 2959 in
1431 2888 1749 2978 Xyangnicze,
1785 2892 1822 2958 et
1847 2886 1948 2958 valor
1983 2886 2051 2955 eius

506 3010 712 3095 aestimatur
738 3011 783 3081 ad
810 3010 1004 3100 quindecim
1031 3028 1175 3081 marcas.
1201 3010 1290 3081 Item
1316 3009 1497 3100 praedium
1523 3030 1593 3081 non
1619 3015 1674 3081 cst
1699 3009 1758 3080 ibi.

608 3130 921 3220 anrsnnwrcpn,
948 3129 1032 3201 villa
1060 3130 1123 3201 sub
1151 3131 1318 3220 parochia
1344 3130 1509 3202 ecclesiae
1536 3128 1579 3200 de
1599 3184 1713 3201 .....
1740 3129 1822 3218 sita,
1850 3128 1948 3199 cuins
1973 3127 2052 3197 hae-

505 3248 607 3323 redes
634 3248 875 3340 Gomollra,
902 3248 1076 3321 Martinus
1095 3249 1276 3342 Spilak,
1300 3248 1926 3342 NicolausGrzegoszlrowicz,
1953 3246 2051 3320 Nico·

504 3373 582 3443 laus
608 3371 978 3460 Abramkowicz,
1004 3372 1137 3443 nobiles
1165 3371 1208 3442 de
1235 3373 1340 3445 armis
1360 3427 1473 3443 .....
1499 3379 1580 3462 post
1606 3393 1752 3463 quorum
1779 3391 1883 3460 agros
1910 3374 2050 3459 etpost

508 3491 596 3564 duos
622 3492 821 3564 cmethones
848 3491 977 3564 domini
1009 3491 1199 3583 Slanka,
1236 3494 1295 3584 qui
1321 3499 1375 3566 cst
1402 3495 1508 3566 ctiam
1534 3494 1571 3564 in
1597 3499 1696 3584 parte
1722 3491 1924 3583 praedictae
1951 3491 2050 3563 villae
2109 3565 2114 3570 ,

504 3615 637 3705 haeres,
665 3614 813 3686 solvitur
831 3613 963 3685 decima
988 3614 1213 3703 manipularis
1240 3619 1277 3685 et
1304 3615 1478 3706 canapalis
1504 3615 1652 3705 plebano
1678 3614 1715 3686 in
1742 3613 1993 3703 Xaguicze,
2018 3620 2052 3683 et

504 3735 603 3808 valor
629 3736 704 3808 eius
731 3735 937 3808 aestimatur
963 3731 1008 3806 ad
1035 3755 1095 3807 sen
1123 3755 1268 3809 marcas.
1984 3712 1989 3721 7

606 3857 848 3947 Waoczuow,
884 3857 967 3927 villa
1003 3858 1067 3929 sub
1102 3859 1268 3948 parochia
1303 3856 1469 3929 ecclesiae
1504 3857 1548 3928 de
1575 3853 1809 3947 Xagnicze
1835 3856 1922 3945 sita,
1958 3855 2050 3927 cuius

502 3975 669 4050 haeredes
697 3977 1063 4068 Barczlrowsczy
1090 3979 1246 4067 germani
1273 3977 1316 4048 de
1343 3978 1449 4049 armis
1468 4032 1661 4048 ........
1688 3977 1729 4048 In
1756 3999 1825 4068 qua
1850 3985 1934 4048 sunt
1960 3977 2049 4048 lanei

503 4095 751 4186 emethoualcs,
787 4097 830 4168 de
858 4097 982 4187 quibus
1009 4097 1158 4168 solvitur
1184 4103 1220 4170 et
1246 4099 1451 4170 conducitur
1476 4099 1609 4171 decima
1634 4098 1860 4189 manipularis
1888 4104 1925 4170 et
1952 4119 2051 4169 cana-
2102 4159 2109 4168 .

501 4217 590 4309 palis
618 4215 832 4306 episcopatui
859 4215 1089 4308 Gracovieusi,
1117 4224 1153 4289 et
1179 4218 1277 4291 valor
1303 4221 1378 4292 eius
1406 4221 1611 4294 aestimatur
1637 4220 1682 4291 ad
1700 4274 1813 4290 .....
1855 4220 1947 4290 Item
1973 4224 2051 4291 sunt

501 4340 537 4409 in
565 4337 685 4409 eadem
712 4337 796 4408 villa
822 4337 929 4428 aliqui
956 4339 1032 4428 agri
1060 4340 1242 4432 specialeS,
1283 4342 1326 4413 de
1354 4342 1478 4433 quibus
1505 4341 1599 4413 tollit
1625 4339 1792 4412 decimam
1819 4340 1990 4432 plebanus
2015 4342 2049 4410 in

501 4458 757 4550 Xagnicze,
786 4458 881 4528 cuins
907 4459 1006 4529 valor
1033 4459 1207 4532 adunam
1233 4473 1439 4553 sermenem
1466 4463 1680 4534 aestimatur.
1931 4464 1934 4468 ’

603 4581 835 4670 Barchinon,
862 4579 946 4652 villa
973 4581 1211 4670 superioribus
1237 4589 1275 4655 et
1301 4584 1454 4674 antiquis
1479 4584 1695 4674 temporibus
1721 4584 1786 4655 sub
1813 4583 1983 4674 parochia
2004 4577 2049 4654 dc

499 4699 752 4792 Xaguicze,
790 4699 965 4773 modernis
991 4707 1108 4774 tamen
1135 4705 1289 4777 nescitur
1316 4725 1384 4795 qua
1411 4704 1608 4776 conditione
1633 4703 1691 4776 uel
1718 4725 1830 4794 causa,
1857 4705 2049 4794 subparo-

499 4822 577 4893 chia
603 4822 645 4893 de
673 4821 852 4912 Usczye
878 4823 954 4912 sita,
982 4829 1018 4895 et
1037 4822 1087 4895 illi
1105 4825 1205 4897 unita
1222 4830 1258 4898 et
1275 4825 1441 4917 subiecta,
1468 4827 1565 4897 cuius
1591 4825 1759 4896 haeredes
1785 4825 2048 4897 Barczkow-

499 4964 613 5035 sczy.
657 4943 698 5015 In
726 4965 794 5035 qua
820 4949 901 5015 sunt
927 4944 1019 5015 lanei
1046 4947 1300 5039 cmathonales,
1335 4947 1418 5018 item
1445 4947 1626 5038 praedium
1651 4947 1829 5037 militare,
1854 4945 1897 5017 de
1926 4947 2048 5037 quibus

498 5065 657 5137 omnibus
685 5065 832 5138 solvitur
858 5065 991 5136 decima
1017 5067 1243 5159 manipularis
1271 5069 1487 5159 episcopatui
1513 5067 1753 5159 cracoviensi,
1789 5074 1825 5139 et
1850 5067 1950 5139 valor
1973 5068 2046 5138 'eius

497 5185 702 5257 aestimator
729 5187 788 5276 ad¹
793 5240 907 5256 .....
934 5187 1018 5257 item
1045 5193 1126 5262 sunt
1148 5189 1184 5260 in
1203 5190 1323 5261 eadem
1349 5188 1433 5260 villa
1460 5189 1599 5279 quidam
1626 5189 1712 5279 agri,
1739 5188 1782 5258 de
1801 5188 1927 5279 quibus
1946 5188 2047 5260 datur

500 5304 632 5378 decima
658 5309 821 5380 ecclcsiae
848 5309 885 5378 in
911 5307 1107 5400 Usczye,
1135 5309 1178 5382 do
1195 5310 1370 5383 nonnullis
1389 5310 1494 5382 ctiam
1512 5311 1618 5382 certis
1637 5309 1730 5400 agris
1752 5309 1900 5381 soluitur
1917 5309 2046 5383 decima

501 5425 536 5494 in
563 5427 799 5518 Xaguicze
826 5427 983 5519 plebano.
1753 5413 1760 5427 ⁰

599 5547 777 5640 Ynxrczn,
805 5550 888 5621 villa
914 5549 978 5622 sub
1006 5551 1172 5647 parochia
1198 5552 1363 5625 ecclesiae
1390 5552 1433 5624 de
1460 5551 1696 5643 Xagnicze
1724 5551 1803 5643 sita,
1839 5551 1938 5623 onius
1964 5572 2041 5643 pro
2129 5574 2158 5652 j

496 5666 628 5759 prietes
664 5667 709 5740 ad
736 5670 971 5762 episcopatum
1007 5670 1272 5746 Oracoviensem
1306 5674 1469 5764 pertinet.
1513 5673 1553 5744 In
1581 5695 1649 5766 qua
1682 5677 1766 5746 suut
1797 5693 1921 5747 novem
1957 5673 2043 5746 lanei
