<?xml version="1.0" encoding="UTF-8"?>
<!DOCTYPE html PUBLIC "-//W3C//DTD XHTML 1.0 Transitional//EN"
    "http://www.w3.org/TR/xhtml1/DTD/xhtml1-transitional.dtd">
<html xmlns="http://www.w3.org/1999/xhtml" xml:lang="en" lang="en">
 <head>
  <title>
</title>
<meta http-equiv="Content-Type" content="text/html;charset=utf-8" />
  <meta name='ocr-system' content='tesseract 3.04.00' />
  <meta name='ocr-capabilities' content='ocr_page ocr_carea ocr_par ocr_line ocrx_word'/>
</head>
<body>
  <div class='ocr_page' id='page_1' title='image "./operaomnia03paulgoog_0270.png"; bbox 0 0 4550 6600; ppageno 0'>
   <div class='ocr_carea' id='block_1_1' title="bbox 1710 758 1786 837">
    <p class='ocr_par' dir='ltr' id='par_1_1' title="bbox 1710 758 1786 837">
     <span class='ocr_line' id='line_1_1' title="bbox 1710 758 1786 837; baseline -0.026 -1"><span class='ocrx_word' id='word_1_1' title='bbox 1710 758 1786 837; x_wconf 75' lang='lat' dir='ltr'>tat</span> 
     </span>
    </p>
   </div>
   <div class='ocr_carea' id='block_1_2' title="bbox 235 959 1787 1056">
    <p class='ocr_par' dir='ltr' id='par_1_2' title="bbox 235 959 1787 1056">
     <span class='ocr_line' id='line_1_2' title="bbox 235 959 1787 1056; baseline 0.006 -25"><span class='ocrx_word' id='word_1_2' title='bbox 235 977 339 1051; x_wconf 79' lang='lat' dir='ltr'>agros</span> <span class='ocrx_word' id='word_1_3' title='bbox 365 960 463 1031; x_wconf 79' lang='lat' dir='ltr'>iuxta</span> <span class='ocrx_word' id='word_1_4' title='bbox 488 959 668 1031; x_wconf 87' lang='lat' dir='ltr'>ecclesium</span> <span class='ocrx_word' id='word_1_5' title='bbox 694 959 730 1031; x_wconf 92' lang='lat' dir='ltr'>in</span> <span class='ocrx_word' id='word_1_6' title='bbox 757 963 893 1050; x_wconf 87' lang='lat' dir='ltr'>monte,</span> <span class='ocrx_word' id='word_1_7' title='bbox 928 960 1036 1033; x_wconf 87' lang='lat' dir='ltr'>hahet</span> <span class='ocrx_word' id='word_1_8' title='bbox 1062 964 1099 1033; x_wconf 89' lang='lat' dir='ltr'>et</span> <span class='ocrx_word' id='word_1_9' title='bbox 1125 965 1227 1051; x_wconf 89' lang='lat' dir='ltr'>prata</span> <span class='ocrx_word' id='word_1_10' title='bbox 1252 983 1317 1055; x_wconf 93' lang='lat' dir='ltr'>pro</span> <span class='ocrx_word' id='word_1_11' title='bbox 1345 983 1407 1038; x_wconf 90' lang='lat' dir='ltr'>suo</span> <span class='ocrx_word' id='word_1_12' title='bbox 1434 963 1579 1056; x_wconf 90' lang='lat' dir='ltr'>praedio</span> <span class='ocrx_word' id='word_1_13' title='bbox 1606 971 1643 1039; x_wconf 89' lang='lat' dir='ltr'>et</span> <span class='ocrx_word' id='word_1_14' title='bbox 1668 986 1787 1041; x_wconf 87' lang='lat' dir='ltr'>neces-</span> 
     </span>
    </p>
   </div>
   <div class='ocr_carea' id='block_1_3' title="bbox 231 1067 1787 2028">
    <p class='ocr_par' dir='ltr' id='par_1_3' title="bbox 231 1067 1787 2028">
     <span class='ocr_line' id='line_1_3' title="bbox 233 1067 1785 1183; baseline 0.002 -23"><span class='ocrx_word' id='word_1_15' title='bbox 233 1090 345 1161; x_wconf 85' lang='lat' dir='ltr'>sitate.</span> <span class='ocrx_word' id='word_1_16' title='bbox 372 1072 545 1160; x_wconf 84' lang='lat' dir='ltr'>Plebanus</span> <span class='ocrx_word' id='word_1_17' title='bbox 572 1094 689 1161; x_wconf 89' lang='lat' dir='ltr'>autam</span> <span class='ocrx_word' id='word_1_18' title='bbox 716 1090 790 1162; x_wconf 91' lang='lat' dir='ltr'>eius</span> <span class='ocrx_word' id='word_1_19' title='bbox 817 1090 983 1161; x_wconf 91' lang='lat' dir='ltr'>ecclesiae</span> <span class='ocrx_word' id='word_1_20' title='bbox 1005 1090 1191 1163; x_wconf 88' lang='lat' dir='ltr'>modernus</span> <span class='ocrx_word' id='word_1_21' title='bbox 1209 1067 1264 1158; x_wconf 87' lang='lat' dir='ltr'>est</span> <span class='ocrx_word' id='word_1_22' title='bbox 1282 1084 1474 1178; x_wconf 81' lang='lat' dir='ltr'>Gregorius</span> <span class='ocrx_word' id='word_1_23' title='bbox 1501 1087 1544 1159; x_wconf 93' lang='lat' dir='ltr'>de</span> <span class='ocrx_word' id='word_1_24' title='bbox 1572 1088 1785 1183; x_wconf 82' lang='lat' dir='ltr'>Oszvyen·</span> 
     </span>
     <span class='ocr_line' id='line_1_4' title="bbox 235 1208 1786 1303; baseline 0.003 -22"><span class='ocrx_word' id='word_1_25' title='bbox 235 1210 357 1281; x_wconf 88' lang='lat' dir='ltr'>czim.</span> <span class='ocrx_word' id='word_1_26' title='bbox 384 1208 478 1281; x_wconf 89' lang='lat' dir='ltr'>Villa</span> <span class='ocrx_word' id='word_1_27' title='bbox 505 1214 620 1281; x_wconf 90' lang='lat' dir='ltr'>autem</span> <span class='ocrx_word' id='word_1_28' title='bbox 647 1209 807 1301; x_wconf 85' lang='lat' dir='ltr'>praelata</span> <span class='ocrx_word' id='word_1_29' title='bbox 833 1216 910 1283; x_wconf 87' lang='lat' dir='ltr'>erat</span> <span class='ocrx_word' id='word_1_30' title='bbox 936 1212 1109 1302; x_wconf 90' lang='lat' dir='ltr'>quondam</span> <span class='ocrx_word' id='word_1_31' title='bbox 1136 1211 1180 1283; x_wconf 90' lang='lat' dir='ltr'>de</span> <span class='ocrx_word' id='word_1_32' title='bbox 1206 1208 1422 1303; x_wconf 76' lang='lat' dir='ltr'>proprietate</span> <span class='ocrx_word' id='word_1_33' title='bbox 1448 1210 1669 1301; x_wconf 85' lang='lat' dir='ltr'>episcopatus</span> <span class='ocrx_word' id='word_1_34' title='bbox 1700 1210 1786 1285; x_wconf 83' lang='lat' dir='ltr'>Gra-</span> 
     </span>
     <span class='ocr_line' id='line_1_5' title="bbox 232 1330 1785 1424; baseline 0.001 -21"><span class='ocrx_word' id='word_1_35' title='bbox 232 1330 413 1419; x_wconf 90' lang='lat' dir='ltr'>covieusis;</span> <span class='ocrx_word' id='word_1_36' title='bbox 440 1331 631 1403; x_wconf 87' lang='lat' dir='ltr'>cambierat</span> <span class='ocrx_word' id='word_1_37' title='bbox 657 1332 749 1403; x_wconf 92' lang='lat' dir='ltr'>enim</span> <span class='ocrx_word' id='word_1_38' title='bbox 775 1352 852 1403; x_wconf 90' lang='lat' dir='ltr'>eam</span> <span class='ocrx_word' id='word_1_39' title='bbox 871 1330 1110 1405; x_wconf 74' lang='lat' dir='ltr'>cracoviensis</span> <span class='ocrx_word' id='word_1_40' title='bbox 1129 1334 1311 1424; x_wconf 88' lang='lat' dir='ltr'>episcopus</span> <span class='ocrx_word' id='word_1_41' title='bbox 1337 1330 1399 1401; x_wconf 93' lang='lat' dir='ltr'>Ivo</span> <span class='ocrx_word' id='word_1_42' title='bbox 1427 1334 1464 1401; x_wconf 89' lang='lat' dir='ltr'>et</span> <span class='ocrx_word' id='word_1_43' title='bbox 1489 1330 1637 1401; x_wconf 88' lang='lat' dir='ltr'>alteram</span> <span class='ocrx_word' id='word_1_44' title='bbox 1666 1332 1785 1404; x_wconf 90' lang='lat' dir='ltr'>villam</span> 
     </span>
     <span class='ocr_line' id='line_1_6' title="bbox 232 1432 1786 1543; baseline 0 -18"><span class='ocrx_word' id='word_1_45' title='bbox 232 1450 255 1525; x_wconf 87' lang='lat' dir='ltr'>J</span> <span class='ocrx_word' id='word_1_46' title='bbox 264 1432 480 1523; x_wconf 67' lang='lat' dir='ltr'>ahszicz&#39;e</span> <span class='ocrx_word' id='word_1_47' title='bbox 505 1472 614 1543; x_wconf 94' lang='lat' dir='ltr'>prope</span> <span class='ocrx_word' id='word_1_48' title='bbox 641 1450 818 1523; x_wconf 87' lang='lat' dir='ltr'>Vislam</span> <span class='ocrx_word' id='word_1_49' title='bbox 845 1454 958 1543; x_wconf 86' lang='lat' dir='ltr'>sitam,</span> <span class='ocrx_word' id='word_1_50' title='bbox 985 1454 1030 1525; x_wconf 91' lang='lat' dir='ltr'>ah</span> <span class='ocrx_word' id='word_1_51' title='bbox 1058 1455 1195 1543; x_wconf 80' lang='lat' dir='ltr'>abbate,</span> <span class='ocrx_word' id='word_1_52' title='bbox 1221 1472 1396 1525; x_wconf 88' lang='lat' dir='ltr'>unacum</span> <span class='ocrx_word' id='word_1_53' title='bbox 1423 1450 1566 1529; x_wconf 80' lang='lat' dir='ltr'>decimis</span> <span class='ocrx_word' id='word_1_54' title='bbox 1593 1452 1786 1543; x_wconf 88' lang='lat' dir='ltr'>manipula-</span> 
     </span>
     <span class='ocr_line' id='line_1_7' title="bbox 232 1571 1787 1665; baseline 0.001 -21"><span class='ocrx_word' id='word_1_55' title='bbox 232 1572 329 1644; x_wconf 85' lang='lat' dir='ltr'>ribus</span> <span class='ocrx_word' id='word_1_56' title='bbox 356 1571 566 1663; x_wconf 89' lang='lat' dir='ltr'>inutraque</span> <span class='ocrx_word' id='word_1_57' title='bbox 602 1573 686 1645; x_wconf 89' lang='lat' dir='ltr'>villa</span> <span class='ocrx_word' id='word_1_58' title='bbox 722 1574 1009 1665; x_wconf 82' lang='lat' dir='ltr'>consistentibus,</span> <span class='ocrx_word' id='word_1_59' title='bbox 1045 1579 1082 1647; x_wconf 88' lang='lat' dir='ltr'>et</span> <span class='ocrx_word' id='word_1_60' title='bbox 1107 1574 1321 1647; x_wconf 83' lang='lat' dir='ltr'>monasterio</span> <span class='ocrx_word' id='word_1_61' title='bbox 1357 1571 1704 1665; x_wconf 84' lang='lat' dir='ltr'>Syeczyechoviensi,</span> <span class='ocrx_word' id='word_1_62' title='bbox 1731 1575 1787 1646; x_wconf 91' lang='lat' dir='ltr'>cui</span> 
     </span>
     <span class='ocr_line' id='line_1_8' title="bbox 231 1690 1785 1786; baseline 0 -23"><span class='ocrx_word' id='word_1_63' title='bbox 231 1692 482 1785; x_wconf 78' lang='lat' dir='ltr'>perderem</span> <span class='ocrx_word' id='word_1_64' title='bbox 517 1694 719 1767; x_wconf 86' lang='lat' dir='ltr'>monasterii</span> <span class='ocrx_word' id='word_1_65' title='bbox 746 1694 1027 1786; x_wconf 90' lang='lat' dir='ltr'>Myechoviensis</span> <span class='ocrx_word' id='word_1_66' title='bbox 1056 1694 1275 1768; x_wconf 80' lang='lat' dir='ltr'>fundatorem</span> <span class='ocrx_word' id='word_1_67' title='bbox 1301 1694 1345 1766; x_wconf 93' lang='lat' dir='ltr'>de</span> <span class='ocrx_word' id='word_1_68' title='bbox 1372 1694 1479 1765; x_wconf 90' lang='lat' dir='ltr'>armis</span> <span class='ocrx_word' id='word_1_69' title='bbox 1515 1690 1624 1764; x_wconf 83' lang='lat' dir='ltr'>Grii</span> <span class='ocrx_word' id='word_1_70' title='bbox 1628 1692 1645 1764; x_wconf 88' lang='lat' dir='ltr'>f</span> <span class='ocrx_word' id='word_1_71' title='bbox 1652 1714 1785 1766; x_wconf 88' lang='lat' dir='ltr'>ouum</span> 
     </span>
     <span class='ocr_line' id='line_1_9' title="bbox 232 1812 1786 1909; baseline -0.001 -23"><span class='ocrx_word' id='word_1_72' title='bbox 232 1812 382 1887; x_wconf 86' lang='lat' dir='ltr'>donatae</span> <span class='ocrx_word' id='word_1_73' title='bbox 409 1820 522 1907; x_wconf 87' lang='lat' dir='ltr'>erant,</span> <span class='ocrx_word' id='word_1_74' title='bbox 549 1814 663 1887; x_wconf 93' lang='lat' dir='ltr'>dando</span> <span class='ocrx_word' id='word_1_75' title='bbox 691 1814 803 1887; x_wconf 90' lang='lat' dir='ltr'>eidem</span> <span class='ocrx_word' id='word_1_76' title='bbox 829 1818 1041 1889; x_wconf 89' lang='lat' dir='ltr'>monasterio</span> <span class='ocrx_word' id='word_1_77' title='bbox 1060 1816 1389 1909; x_wconf 85' lang='lat' dir='ltr'>Syeczyechoviensi</span> <span class='ocrx_word' id='word_1_78' title='bbox 1414 1814 1501 1885; x_wconf 91' lang='lat' dir='ltr'>duas</span> <span class='ocrx_word' id='word_1_79' title='bbox 1519 1814 1620 1887; x_wconf 85' lang='lat' dir='ltr'>villas</span> <span class='ocrx_word' id='word_1_80' title='bbox 1646 1834 1786 1886; x_wconf 89' lang='lat' dir='ltr'>mensae</span> 
     </span>
     <span class='ocr_line' id='line_1_10' title="bbox 232 1936 1785 2028; baseline 0 -21"><span class='ocrx_word' id='word_1_81' title='bbox 232 1936 449 2027; x_wconf 89' lang='lat' dir='ltr'>episcopalis,</span> <span class='ocrx_word' id='word_1_82' title='bbox 477 1956 553 2009; x_wconf 90' lang='lat' dir='ltr'>cum</span> <span class='ocrx_word' id='word_1_83' title='bbox 573 1954 694 2008; x_wconf 90' lang='lat' dir='ltr'>earum</span> <span class='ocrx_word' id='word_1_84' title='bbox 712 1936 864 2028; x_wconf 91' lang='lat' dir='ltr'>decimis,</span> <span class='ocrx_word' id='word_1_85' title='bbox 882 1938 919 2009; x_wconf 93' lang='lat' dir='ltr'>in</span> <span class='ocrx_word' id='word_1_86' title='bbox 936 1938 1029 2010; x_wconf 93' lang='lat' dir='ltr'>villis</span> <span class='ocrx_word' id='word_1_87' title='bbox 1052 1936 1207 2009; x_wconf 84' lang='lat' dir='ltr'>Garna</span> <span class='ocrx_word' id='word_1_88' title='bbox 1232 1942 1268 2009; x_wconf 89' lang='lat' dir='ltr'>et</span> <span class='ocrx_word' id='word_1_89' title='bbox 1294 1936 1649 2009; x_wconf 83' lang='lat' dir='ltr'>Schawlouicze</span> <span class='ocrx_word' id='word_1_90' title='bbox 1675 1956 1785 2027; x_wconf 93' lang='lat' dir='ltr'>prope</span> 
     </span>
    </p>
   </div>
   <div class='ocr_carea' id='block_1_4' title="bbox 232 2050 1907 2163">
    <p class='ocr_par' dir='ltr' id='par_1_4' title="bbox 232 2050 1907 2163">
     <span class='ocr_line' id='line_1_11' title="bbox 232 2050 1907 2163; baseline -0.002 -33"><span class='ocrx_word' id='word_1_91' title='bbox 232 2050 570 2151; x_wconf 71' lang='lat' dir='ltr'>Sye‘czyeehow</span> <span class='ocrx_word' id='word_1_92' title='bbox 597 2060 843 2131; x_wconf 88' lang='lat' dir='ltr'>monasterium</span> <span class='ocrx_word' id='word_1_93' title='bbox 870 2059 958 2131; x_wconf 89' lang='lat' dir='ltr'>sitis.</span> <span class='ocrx_word' id='word_1_94' title='bbox 993 2058 1130 2150; x_wconf 84' lang='lat' dir='ltr'>Expost</span> <span class='ocrx_word' id='word_1_95' title='bbox 1156 2078 1240 2131; x_wconf 91' lang='lat' dir='ltr'>vero</span> <span class='ocrx_word' id='word_1_96' title='bbox 1268 2077 1446 2131; x_wconf 86' lang='lat' dir='ltr'>successor</span> <span class='ocrx_word' id='word_1_97' title='bbox 1473 2077 1555 2129; x_wconf 90' lang='lat' dir='ltr'>suus</span> <span class='ocrx_word' id='word_1_98' title='bbox 1581 2055 1786 2163; x_wconf 80' lang='lat' dir='ltr'>Praudotha</span> <span class='ocrx_word' id='word_1_99' title='bbox 1903 2110 1907 2115; x_wconf 83' lang='lat'>.</span> 
     </span>
    </p>
   </div>
   <div class='ocr_carea' id='block_1_5' title="bbox 231 2175 1846 2272">
    <p class='ocr_par' dir='ltr' id='par_1_5' title="bbox 231 2175 1846 2278">
     <span class='ocr_line' id='line_1_12' title="bbox 231 2175 1846 2272; baseline -0.003 -21"><span class='ocrx_word' id='word_1_100' title='bbox 231 2178 473 2252; x_wconf 77' lang='lat' dir='ltr'>(iracoviensis</span> <span class='ocrx_word' id='word_1_101' title='bbox 499 2180 699 2272; x_wconf 91' lang='lat' dir='ltr'>episcopus,</span> <span class='ocrx_word' id='word_1_102' title='bbox 736 2180 900 2253; x_wconf 86' lang='lat' dir='ltr'>cambivit</span> <span class='ocrx_word' id='word_1_103' title='bbox 935 2180 1065 2252; x_wconf 89' lang='lat' dir='ltr'>dictam</span> <span class='ocrx_word' id='word_1_104' title='bbox 1099 2179 1219 2252; x_wconf 91' lang='lat' dir='ltr'>villam</span> <span class='ocrx_word' id='word_1_105' title='bbox 1253 2178 1503 2267; x_wconf 89' lang='lat' dir='ltr'>Lendzini,</span> <span class='ocrx_word' id='word_1_106' title='bbox 1538 2175 1653 2251; x_wconf 89' lang='lat' dir='ltr'>dando</span> <span class='ocrx_word' id='word_1_107' title='bbox 1688 2176 1785 2247; x_wconf 89' lang='lat' dir='ltr'>illam</span> <span class='ocrx_word' id='word_1_108' title='bbox 1840 2224 1846 2233; x_wconf 83' lang='lat'>-</span> 
     </span>
    </p>
   </div>
   <div class='ocr_carea' id='block_1_6' title="bbox 119 2298 1924 2394">
    <p class='ocr_par' dir='ltr' id='par_1_6' title="bbox 119 2298 1924 2394">
     <span class='ocr_line' id='line_1_13' title="bbox 119 2298 1924 2394; baseline -0.002 -21"><span class='ocrx_word' id='word_1_109' title='bbox 119 2315 120 2318; x_wconf 74' lang='grc'>’</span> <span class='ocrx_word' id='word_1_110' title='bbox 230 2302 444 2373; x_wconf 87' lang='lat' dir='ltr'>monasterio</span> <span class='ocrx_word' id='word_1_111' title='bbox 471 2302 507 2372; x_wconf 94' lang='lat' dir='ltr'>in</span> <span class='ocrx_word' id='word_1_112' title='bbox 533 2300 823 2394; x_wconf 79' lang='lat' dir='ltr'>Staniqthhy</span> <span class='ocrx_word' id='word_1_113' title='bbox 859 2322 1034 2375; x_wconf 88' lang='lat' dir='ltr'>unacum</span> <span class='ocrx_word' id='word_1_114' title='bbox 1060 2301 1208 2393; x_wconf 85' lang='lat' dir='ltr'>decima,</span> <span class='ocrx_word' id='word_1_115' title='bbox 1234 2307 1271 2373; x_wconf 88' lang='lat' dir='ltr'>et</span> <span class='ocrx_word' id='word_1_116' title='bbox 1296 2298 1495 2390; x_wconf 90' lang='lat' dir='ltr'>recipiendo</span> <span class='ocrx_word' id='word_1_117' title='bbox 1521 2318 1545 2368; x_wconf 90' lang='lat' dir='ltr'>a</span> <span class='ocrx_word' id='word_1_118' title='bbox 1570 2298 1784 2370; x_wconf 86' lang='lat' dir='ltr'>monasterio</span> <span class='ocrx_word' id='word_1_119' title='bbox 1886 2299 1889 2305; x_wconf 76' lang='grc'><em>’</em></span> <span class='ocrx_word' id='word_1_120' title='bbox 1920 2309 1924 2315; x_wconf 85' lang='grc'><strong>’</strong></span> 
     </span>
    </p>
   </div>
   <div class='ocr_carea' id='block_1_7' title="bbox 119 2420 1883 5558">
    <p class='ocr_par' dir='ltr' id='par_1_7' title="bbox 231 2420 1523 2514">
     <span class='ocr_line' id='line_1_14' title="bbox 231 2420 1523 2514; baseline -0.005 -20"><span class='ocrx_word' id='word_1_121' title='bbox 231 2422 330 2495; x_wconf 88' lang='lat' dir='ltr'>villas</span> <span class='ocrx_word' id='word_1_122' title='bbox 358 2422 649 2514; x_wconf 86' lang='lat' dir='ltr'>Lipowyecz,</span> <span class='ocrx_word' id='word_1_123' title='bbox 676 2422 700 2495; x_wconf 89' lang='lat' dir='ltr'>J</span> <span class='ocrx_word' id='word_1_124' title='bbox 710 2424 991 2513; x_wconf 88' lang='lat' dir='ltr'>anhovvicze,</span> <span class='ocrx_word' id='word_1_125' title='bbox 1022 2422 1227 2513; x_wconf 82' lang='lat' dir='ltr'>Zegqrze</span> <span class='ocrx_word' id='word_1_126' title='bbox 1254 2425 1290 2493; x_wconf 87' lang='lat' dir='ltr'>et</span> <span class='ocrx_word' id='word_1_127' title='bbox 1315 2420 1523 2493; x_wconf 91' lang='lat' dir='ltr'>Babicze.</span> 
     </span>
    </p>

    <p class='ocr_par' dir='ltr' id='par_1_8' title="bbox 119 2538 1883 3605">
     <span class='ocr_line' id='line_1_15' title="bbox 119 2538 1785 2638; baseline -0.004 -23"><span class='ocrx_word' id='word_1_128' title='bbox 119 2541 120 2544; x_wconf 59' lang='lat'>‘</span> <span class='ocrx_word' id='word_1_129' title='bbox 334 2544 500 2638; x_wconf 80' lang='lat' dir='ltr'>Brauon,</span> <span class='ocrx_word' id='word_1_130' title='bbox 529 2543 701 2635; x_wconf 91' lang='lat' dir='ltr'>oppidum,</span> <span class='ocrx_word' id='word_1_131' title='bbox 728 2544 826 2617; x_wconf 74' lang='lat' dir='ltr'>cidus</span> <span class='ocrx_word' id='word_1_132' title='bbox 847 2545 1045 2636; x_wconf 84' lang='lat' dir='ltr'>proprietas</span> <span class='ocrx_word' id='word_1_133' title='bbox 1072 2549 1109 2616; x_wconf 87' lang='lat' dir='ltr'>et</span> <span class='ocrx_word' id='word_1_134' title='bbox 1136 2544 1325 2615; x_wconf 90' lang='lat' dir='ltr'>dominium</span> <span class='ocrx_word' id='word_1_135' title='bbox 1351 2542 1504 2633; x_wconf 87' lang='lat' dir='ltr'>pertinet</span> <span class='ocrx_word' id='word_1_136' title='bbox 1530 2539 1575 2611; x_wconf 87' lang='lat' dir='ltr'>ad</span> <span class='ocrx_word' id='word_1_137' title='bbox 1602 2538 1785 2611; x_wconf 89' lang='lat' dir='ltr'>Nicolaum</span> 
     </span>
     <span class='ocr_line' id='line_1_16' title="bbox 231 2653 1781 2757; baseline -0.006 -18"><span class='ocrx_word' id='word_1_138' title='bbox 231 2666 352 2739; x_wconf 89' lang='lat' dir='ltr'>ducem</span> <span class='ocrx_word' id='word_1_139' title='bbox 381 2653 675 2739; x_wconf 84' lang='lat' dir='ltr'>Ratiboriensem.¹</span> <span class='ocrx_word' id='word_1_140' title='bbox 696 2666 737 2736; x_wconf 95' lang='lat' dir='ltr'>In</span> <span class='ocrx_word' id='word_1_141' title='bbox 756 2686 824 2757; x_wconf 90' lang='lat' dir='ltr'>quo</span> <span class='ocrx_word' id='word_1_142' title='bbox 843 2671 898 2739; x_wconf 88' lang='lat' dir='ltr'>est</span> <span class='ocrx_word' id='word_1_143' title='bbox 915 2665 1061 2738; x_wconf 87' lang='lat' dir='ltr'>ecclesia</span> <span class='ocrx_word' id='word_1_144' title='bbox 1086 2666 1211 2756; x_wconf 87' lang='lat' dir='ltr'>lignea,</span> <span class='ocrx_word' id='word_1_145' title='bbox 1226 2663 1356 2737; x_wconf 85' lang='lat' dir='ltr'>Sancto</span> <span class='ocrx_word' id='word_1_146' title='bbox 1370 2662 1637 2733; x_wconf 84' lang='lat' dir='ltr'>Bartholomaeo</span> <span class='ocrx_word' id='word_1_147' title='bbox 1655 2660 1781 2749; x_wconf 67' lang='lat' dir='ltr'>dicata</span> 
     </span>
     <span class='ocr_line' id='line_1_17' title="bbox 231 2779 1784 2876; baseline -0.006 -17"><span class='ocrx_word' id='word_1_148' title='bbox 231 2786 301 2859; x_wconf 84' lang='lat' dir='ltr'>lilia</span> <span class='ocrx_word' id='word_1_149' title='bbox 327 2786 496 2859; x_wconf 87' lang='lat' dir='ltr'>ecclesiae</span> <span class='ocrx_word' id='word_1_150' title='bbox 521 2786 677 2859; x_wconf 88' lang='lat' dir='ltr'>matricis</span> <span class='ocrx_word' id='word_1_151' title='bbox 705 2787 748 2859; x_wconf 93' lang='lat' dir='ltr'>de</span> <span class='ocrx_word' id='word_1_152' title='bbox 761 2786 1004 2859; x_wconf 79' lang='lat' dir='ltr'>&#39;Lendzini</span> <span class='ocrx_word' id='word_1_153' title='bbox 1031 2806 1134 2876; x_wconf 89' lang='lat' dir='ltr'>quam</span> <span class='ocrx_word' id='word_1_154' title='bbox 1162 2785 1384 2857; x_wconf 87' lang='lat' dir='ltr'>administrat</span> <span class='ocrx_word' id='word_1_155' title='bbox 1408 2782 1578 2875; x_wconf 88' lang='lat' dir='ltr'>plebanus</span> <span class='ocrx_word' id='word_1_156' title='bbox 1605 2780 1648 2851; x_wconf 92' lang='lat' dir='ltr'>de</span> <span class='ocrx_word' id='word_1_157' title='bbox 1674 2779 1784 2851; x_wconf 83' lang='lat' dir='ltr'>Len·</span> 
     </span>
     <span class='ocr_line' id='line_1_18' title="bbox 231 2898 1784 2999; baseline -0.006 -20"><span class='ocrx_word' id='word_1_158' title='bbox 231 2907 370 2979; x_wconf 91' lang='lat' dir='ltr'>dzini.</span> <span class='ocrx_word' id='word_1_159' title='bbox 396 2907 437 2979; x_wconf 92' lang='lat' dir='ltr'>In</span> <span class='ocrx_word' id='word_1_160' title='bbox 465 2928 533 2999; x_wconf 91' lang='lat' dir='ltr'>quo</span> <span class='ocrx_word' id='word_1_161' title='bbox 560 2912 642 2981; x_wconf 84' lang='lat' dir='ltr'>sunt</span> <span class='ocrx_word' id='word_1_162' title='bbox 668 2900 761 2981; x_wconf 87' lang='lat' dir='ltr'>lanei</span> <span class='ocrx_word' id='word_1_163' title='bbox 788 2908 1057 2998; x_wconf 88' lang='lat' dir='ltr'>oppidanorum,</span> <span class='ocrx_word' id='word_1_164' title='bbox 1078 2906 1137 2978; x_wconf 73' lang='lat' dir='ltr'>¹de</span> <span class='ocrx_word' id='word_1_165' title='bbox 1165 2906 1290 2997; x_wconf 90' lang='lat' dir='ltr'>quibus</span> <span class='ocrx_word' id='word_1_166' title='bbox 1316 2925 1388 2977; x_wconf 93' lang='lat' dir='ltr'>non</span> <span class='ocrx_word' id='word_1_167' title='bbox 1419 2903 1566 2976; x_wconf 88' lang='lat' dir='ltr'>solvitur</span> <span class='ocrx_word' id='word_1_168' title='bbox 1591 2906 1629 2972; x_wconf 91' lang='lat' dir='ltr'>et</span> <span class='ocrx_word' id='word_1_169' title='bbox 1655 2898 1784 2972; x_wconf 86' lang='lat' dir='ltr'>condu-</span> 
     </span>
     <span class='ocr_line' id='line_1_19' title="bbox 232 3020 1784 3124; baseline -0.005 -25"><span class='ocrx_word' id='word_1_170' title='bbox 232 3030 320 3101; x_wconf 85' lang='lat' dir='ltr'>citur</span> <span class='ocrx_word' id='word_1_171' title='bbox 346 3027 483 3103; x_wconf 91' lang='lat' dir='ltr'>decima</span> <span class='ocrx_word' id='word_1_172' title='bbox 500 3028 729 3119; x_wconf 85' lang='lat' dir='ltr'>manipularis</span> <span class='ocrx_word' id='word_1_173' title='bbox 752 3034 788 3101; x_wconf 88' lang='lat' dir='ltr'>et</span> <span class='ocrx_word' id='word_1_174' title='bbox 806 3024 991 3119; x_wconf 79' lang='lat' dir='ltr'>cauepahs,</span> <span class='ocrx_word' id='word_1_175' title='bbox 1019 3027 1081 3101; x_wconf 90' lang='lat' dir='ltr'>sed</span> <span class='ocrx_word' id='word_1_176' title='bbox 1098 3028 1175 3099; x_wconf 94' lang='lat' dir='ltr'>loco</span> <span class='ocrx_word' id='word_1_177' title='bbox 1193 3026 1303 3118; x_wconf 89' lang='lat' dir='ltr'>ipsius</span> <span class='ocrx_word' id='word_1_178' title='bbox 1321 3023 1585 3097; x_wconf 86' lang='lat' dir='ltr'>frumentarium</span> <span class='ocrx_word' id='word_1_179' title='bbox 1611 3020 1784 3124; x_wconf 86' lang='lat' dir='ltr'>tributum</span> 
     </span>
     <span class='ocr_line' id='line_1_20' title="bbox 231 3139 1785 3245; baseline -0.007 -24"><span class='ocrx_word' id='word_1_180' title='bbox 231 3150 315 3221; x_wconf 84' lang='lat' dir='ltr'>alias</span> <span class='ocrx_word' id='word_1_181' title='bbox 341 3169 426 3245; x_wconf 75' lang='lat' dir='ltr'>eyap</span> <span class='ocrx_word' id='word_1_182' title='bbox 453 3149 557 3221; x_wconf 84' lang='lat' dir='ltr'>datur</span> <span class='ocrx_word' id='word_1_183' title='bbox 582 3150 730 3241; x_wconf 88' lang='lat' dir='ltr'>plebano</span> <span class='ocrx_word' id='word_1_184' title='bbox 756 3150 794 3221; x_wconf 94' lang='lat' dir='ltr'>in</span> <span class='ocrx_word' id='word_1_185' title='bbox 819 3150 1018 3241; x_wconf 84' lang='lat' dir='ltr'>By&#39;erun,</span> <span class='ocrx_word' id='word_1_186' title='bbox 1046 3149 1131 3221; x_wconf 88' lang='lat' dir='ltr'>alias</span> <span class='ocrx_word' id='word_1_187' title='bbox 1158 3150 1195 3219; x_wconf 93' lang='lat' dir='ltr'>in</span> <span class='ocrx_word' id='word_1_188' title='bbox 1217 3144 1494 3238; x_wconf 82' lang='lat' dir='ltr'>Lyendzini3</span> <span class='ocrx_word' id='word_1_189' title='bbox 1520 3142 1667 3214; x_wconf 88' lang='lat' dir='ltr'>ecclesia</span> <span class='ocrx_word' id='word_1_190' title='bbox 1691 3139 1785 3212; x_wconf 94' lang='lat' dir='ltr'>enim</span> 
     </span>
     <span class='ocr_line' id='line_1_21' title="bbox 230 3262 1846 3363; baseline -0.007 -20"><span class='ocrx_word' id='word_1_191' title='bbox 230 3271 265 3342; x_wconf 95' lang='lat' dir='ltr'>in</span> <span class='ocrx_word' id='word_1_192' title='bbox 291 3271 481 3363; x_wconf 85' lang='lat' dir='ltr'>Byerun</span> <span class='ocrx_word' id='word_1_193' title='bbox 516 3272 654 3344; x_wconf 88' lang='lat' dir='ltr'>noviter</span> <span class='ocrx_word' id='word_1_194' title='bbox 680 3275 734 3344; x_wconf 87' lang='lat' dir='ltr'>est</span> <span class='ocrx_word' id='word_1_195' title='bbox 760 3276 894 3363; x_wconf 86' lang='lat' dir='ltr'>erecta,</span> <span class='ocrx_word' id='word_1_196' title='bbox 921 3275 958 3343; x_wconf 87' lang='lat' dir='ltr'>et</span> <span class='ocrx_word' id='word_1_197' title='bbox 984 3275 1038 3344; x_wconf 92' lang='lat' dir='ltr'>est</span> <span class='ocrx_word' id='word_1_198' title='bbox 1063 3268 1137 3343; x_wconf 88' lang='lat' dir='ltr'>filia</span> <span class='ocrx_word' id='word_1_199' title='bbox 1162 3262 1328 3342; x_wconf 84' lang='lat' dir='ltr'>ecclesiae</span> <span class='ocrx_word' id='word_1_200' title='bbox 1362 3266 1401 3340; x_wconf 94' lang='lat' dir='ltr'>in</span> <span class='ocrx_word' id='word_1_201' title='bbox 1431 3262 1712 3358; x_wconf 83' lang='lat' dir='ltr'>Lyendziui,</span> <span class='ocrx_word' id='word_1_202' title='bbox 1747 3262 1786 3333; x_wconf 88' lang='lat' dir='ltr'>et</span> <span class='ocrx_word' id='word_1_203' title='bbox 1844 3339 1846 3347; x_wconf 57' lang='grc'>,</span> 
     </span>
     <span class='ocr_line' id='line_1_22' title="bbox 230 3382 1883 3484; baseline -0.005 -20"><span class='ocrx_word' id='word_1_204' title='bbox 230 3393 400 3484; x_wconf 90' lang='lat' dir='ltr'>plebanus</span> <span class='ocrx_word' id='word_1_205' title='bbox 436 3393 480 3465; x_wconf 92' lang='lat' dir='ltr'>de</span> <span class='ocrx_word' id='word_1_206' title='bbox 515 3393 744 3465; x_wconf 87' lang='lat' dir='ltr'>Lendzini</span> <span class='ocrx_word' id='word_1_207' title='bbox 780 3394 899 3466; x_wconf 89' lang='lat' dir='ltr'>ambas</span> <span class='ocrx_word' id='word_1_208' title='bbox 940 3392 1103 3466; x_wconf 89' lang='lat' dir='ltr'>ecclesias</span> <span class='ocrx_word' id='word_1_209' title='bbox 1138 3390 1379 3478; x_wconf 82' lang='lat' dir='ltr'>administrat3</span> <span class='ocrx_word' id='word_1_210' title='bbox 1419 3386 1566 3478; x_wconf 87' lang='lat' dir='ltr'>quilibet</span> <span class='ocrx_word' id='word_1_211' title='bbox 1592 3382 1785 3476; x_wconf 87' lang='lat' dir='ltr'>oppidanus</span> <span class='ocrx_word' id='word_1_212' title='bbox 1879 3427 1883 3434; x_wconf 82' lang='lat'>·</span> 
     </span>
     <span class='ocr_line' id='line_1_23' title="bbox 233 3501 1547 3605; baseline -0.008 -19"><span class='ocrx_word' id='word_1_213' title='bbox 233 3513 273 3586; x_wconf 94' lang='lat' dir='ltr'>de</span> <span class='ocrx_word' id='word_1_214' title='bbox 299 3534 365 3586; x_wconf 91' lang='lat' dir='ltr'>sua</span> <span class='ocrx_word' id='word_1_215' title='bbox 391 3513 489 3604; x_wconf 89' lang='lat' dir='ltr'>pecie</span> <span class='ocrx_word' id='word_1_216' title='bbox 515 3533 679 3605; x_wconf 81' lang='lat' dir='ltr'>agrorum</span> <span class='ocrx_word' id='word_1_217' title='bbox 704 3519 777 3586; x_wconf 89' lang='lat' dir='ltr'>tres</span> <span class='ocrx_word' id='word_1_218' title='bbox 804 3514 930 3586; x_wconf 91' lang='lat' dir='ltr'>choros</span> <span class='ocrx_word' id='word_1_219' title='bbox 957 3511 1105 3604; x_wconf 80' lang='lat' dir='ltr'>siliginis</span> <span class='ocrx_word' id='word_1_220' title='bbox 1131 3517 1169 3584; x_wconf 88' lang='lat' dir='ltr'>et</span> <span class='ocrx_word' id='word_1_221' title='bbox 1195 3501 1256 3583; x_wconf 81' lang='lat' dir='ltr'>sex</span> <span class='ocrx_word' id='word_1_222' title='bbox 1282 3529 1414 3582; x_wconf 90' lang='lat' dir='ltr'>avenae</span> <span class='ocrx_word' id='word_1_223' title='bbox 1432 3559 1547 3579; x_wconf 92' lang='grc'><strong>.....</strong></span> 
     </span>
    </p>

    <p class='ocr_par' dir='ltr' id='par_1_9' title="bbox 231 3622 1785 4335">
     <span class='ocr_line' id='line_1_24' title="bbox 334 3622 1785 3726; baseline -0.007 -20"><span class='ocrx_word' id='word_1_224' title='bbox 334 3636 568 3726; x_wconf 84' lang='lat' dir='ltr'>Borscnow,</span> <span class='ocrx_word' id='word_1_225' title='bbox 604 3635 687 3708; x_wconf 91' lang='lat' dir='ltr'>villa</span> <span class='ocrx_word' id='word_1_226' title='bbox 722 3636 786 3707; x_wconf 92' lang='lat' dir='ltr'>suh</span> <span class='ocrx_word' id='word_1_227' title='bbox 812 3635 980 3726; x_wconf 88' lang='lat' dir='ltr'>parochia</span> <span class='ocrx_word' id='word_1_228' title='bbox 1015 3633 1058 3706; x_wconf 95' lang='lat' dir='ltr'>de</span> <span class='ocrx_word' id='word_1_229' title='bbox 1084 3622 1368 3724; x_wconf 84' lang='lat' dir='ltr'>Lyandzyny</span> <span class='ocrx_word' id='word_1_230' title='bbox 1405 3631 1492 3719; x_wconf 90' lang='lat' dir='ltr'>sita,</span> <span class='ocrx_word' id='word_1_231' title='bbox 1530 3627 1629 3700; x_wconf 89' lang='lat' dir='ltr'>cuius</span> <span class='ocrx_word' id='word_1_232' title='bbox 1660 3625 1785 3698; x_wconf 89' lang='lat' dir='ltr'>haeres</span> 
     </span>
     <span class='ocr_line' id='line_1_25' title="bbox 233 3745 1785 3848; baseline -0.008 -19"><span class='ocrx_word' id='word_1_233' title='bbox 233 3757 275 3829; x_wconf 89' lang='lat' dir='ltr'>N.</span> <span class='ocrx_word' id='word_1_234' title='bbox 300 3756 531 3830; x_wconf 85' lang='lat' dir='ltr'>Piroszek</span> <span class='ocrx_word' id='word_1_235' title='bbox 557 3757 903 3848; x_wconf 85' lang='lat' dir='ltr'>Boyschovsky</span> <span class='ocrx_word' id='word_1_236' title='bbox 939 3754 982 3828; x_wconf 94' lang='lat' dir='ltr'>de</span> <span class='ocrx_word' id='word_1_237' title='bbox 1009 3754 1114 3826; x_wconf 89' lang='lat' dir='ltr'>armis</span> <span class='ocrx_word' id='word_1_238' title='bbox 1134 3805 1275 3824; x_wconf 89' lang='grc'><strong>......</strong></span> <span class='ocrx_word' id='word_1_239' title='bbox 1302 3752 1344 3824; x_wconf 92' lang='lat' dir='ltr'>In</span> <span class='ocrx_word' id='word_1_240' title='bbox 1371 3771 1441 3842; x_wconf 89' lang='lat' dir='ltr'>qua</span> <span class='ocrx_word' id='word_1_241' title='bbox 1467 3752 1549 3821; x_wconf 92' lang='lat' dir='ltr'>sunt</span> <span class='ocrx_word' id='word_1_242' title='bbox 1573 3745 1667 3816; x_wconf 89' lang='lat' dir='ltr'>lanei</span> <span class='ocrx_word' id='word_1_243' title='bbox 1694 3764 1785 3816; x_wconf 89' lang='lat' dir='ltr'>cmc·</span> 
     </span>
     <span class='ocr_line' id='line_1_26' title="bbox 231 3863 1783 3970; baseline -0.01 -20"><span class='ocrx_word' id='word_1_244' title='bbox 231 3879 400 3969; x_wconf 89' lang='lat' dir='ltr'>thonales,</span> <span class='ocrx_word' id='word_1_245' title='bbox 427 3879 511 3951; x_wconf 89' lang='lat' dir='ltr'>item</span> <span class='ocrx_word' id='word_1_246' title='bbox 538 3883 593 3951; x_wconf 84' lang='lat' dir='ltr'>est</span> <span class='ocrx_word' id='word_1_247' title='bbox 619 3878 669 3950; x_wconf 92' lang='lat' dir='ltr'>ibi</span> <span class='ocrx_word' id='word_1_248' title='bbox 692 3897 765 3970; x_wconf 31' lang='lat' dir='ltr'>,una</span> <span class='ocrx_word' id='word_1_249' title='bbox 789 3879 938 3950; x_wconf 85' lang='lat' dir='ltr'>taberna</span> <span class='ocrx_word' id='word_1_250' title='bbox 964 3877 1096 3949; x_wconf 87' lang='lat' dir='ltr'>habens</span> <span class='ocrx_word' id='word_1_251' title='bbox 1123 3894 1237 3965; x_wconf 84' lang='lat' dir='ltr'>agros,</span> <span class='ocrx_word' id='word_1_252' title='bbox 1263 3873 1348 3944; x_wconf 87' lang='lat' dir='ltr'>item</span> <span class='ocrx_word' id='word_1_253' title='bbox 1373 3867 1608 3956; x_wconf 87' lang='lat' dir='ltr'>hortulauiae,</span> <span class='ocrx_word' id='word_1_254' title='bbox 1636 3865 1680 3935; x_wconf 91' lang='lat' dir='ltr'>de</span> <span class='ocrx_word' id='word_1_255' title='bbox 1706 3863 1783 3954; x_wconf 91' lang='lat' dir='ltr'>qui-</span> 
     </span>
     <span class='ocr_line' id='line_1_27' title="bbox 232 3977 1784 4090; baseline -0.011 -18"><span class='ocrx_word' id='word_1_256' title='bbox 232 4001 295 4072; x_wconf 88' lang='lat' dir='ltr'>hus</span> <span class='ocrx_word' id='word_1_257' title='bbox 322 3999 484 4073; x_wconf 89' lang='lat' dir='ltr'>omnibus</span> <span class='ocrx_word' id='word_1_258' title='bbox 511 4000 657 4072; x_wconf 87' lang='lat' dir='ltr'>solvitur</span> <span class='ocrx_word' id='word_1_259' title='bbox 685 3999 819 4071; x_wconf 88' lang='lat' dir='ltr'>decime</span> <span class='ocrx_word' id='word_1_260' title='bbox 844 3997 1071 4090; x_wconf 89' lang='lat' dir='ltr'>manipularis</span> <span class='ocrx_word' id='word_1_261' title='bbox 1099 4001 1135 4068; x_wconf 86' lang='lat' dir='ltr'>et</span> <span class='ocrx_word' id='word_1_262' title='bbox 1158 3977 1337 4085; x_wconf 61' lang='lat' dir='ltr'>&#39;canapalis</span> <span class='ocrx_word' id='word_1_263' title='bbox 1368 3989 1535 4062; x_wconf 88' lang='lat' dir='ltr'>ecclesiae</span> <span class='ocrx_word' id='word_1_264' title='bbox 1553 4041 1561 4056; x_wconf 93' lang='lat'><strong>.</strong></span> <span class='ocrx_word' id='word_1_265' title='bbox 1579 4039 1588 4056; x_wconf 91' lang='lat'><strong>.</strong></span> <span class='ocrx_word' id='word_1_266' title='bbox 1608 4041 1615 4055; x_wconf 93' lang='lat'><strong><em>.</em></strong></span> <span class='ocrx_word' id='word_1_267' title='bbox 1694 3983 1784 4056; x_wconf 92' lang='lat' dir='ltr'>Item</span> 
     </span>
     <span class='ocr_line' id='line_1_28' title="bbox 235 4107 1784 4214; baseline -0.014 -17"><span class='ocrx_word' id='word_1_268' title='bbox 235 4123 381 4214; x_wconf 89' lang='lat' dir='ltr'>quilibet</span> <span class='ocrx_word' id='word_1_269' title='bbox 409 4122 545 4196; x_wconf 82' lang='lat' dir='ltr'>emetha</span> <span class='ocrx_word' id='word_1_270' title='bbox 563 4121 606 4194; x_wconf 92' lang='lat' dir='ltr'>de</span> <span class='ocrx_word' id='word_1_271' title='bbox 624 4121 724 4194; x_wconf 86' lang='lat' dir='ltr'>laneo</span> <span class='ocrx_word' id='word_1_272' title='bbox 751 4125 892 4193; x_wconf 88' lang='lat' dir='ltr'>tenetur</span> <span class='ocrx_word' id='word_1_273' title='bbox 919 4118 1054 4192; x_wconf 90' lang='lat' dir='ltr'>solvere</span> <span class='ocrx_word' id='word_1_274' title='bbox 1081 4137 1162 4214; x_wconf 78' lang='lat' dir='ltr'>syep</span> <span class='ocrx_word' id='word_1_275' title='bbox 1189 4113 1354 4188; x_wconf 89' lang='lat' dir='ltr'>ecclesiae</span> <span class='ocrx_word' id='word_1_276' title='bbox 1380 4112 1417 4182; x_wconf 92' lang='lat' dir='ltr'>in</span> <span class='ocrx_word' id='word_1_277' title='bbox 1443 4107 1694 4197; x_wconf 82' lang='lat' dir='ltr'>Lendziny,</span> <span class='ocrx_word' id='word_1_278' title='bbox 1721 4125 1784 4196; x_wconf 87' lang='lat' dir='ltr'>per</span> 
     </span>
     <span class='ocr_line' id='line_1_29' title="bbox 233 4233 1434 4335; baseline -0.011 -18"><span class='ocrx_word' id='word_1_279' title='bbox 233 4249 303 4317; x_wconf 86' lang='lat' dir='ltr'>tres</span> <span class='ocrx_word' id='word_1_280' title='bbox 330 4245 458 4317; x_wconf 92' lang='lat' dir='ltr'>choros</span> <span class='ocrx_word' id='word_1_281' title='bbox 485 4241 633 4335; x_wconf 78' lang='lat' dir='ltr'>siliginis</span> <span class='ocrx_word' id='word_1_282' title='bbox 660 4248 697 4314; x_wconf 90' lang='lat' dir='ltr'>et</span> <span class='ocrx_word' id='word_1_283' title='bbox 722 4262 784 4316; x_wconf 86' lang='lat' dir='ltr'>sex</span> <span class='ocrx_word' id='word_1_284' title='bbox 812 4261 951 4331; x_wconf 87' lang='lat' dir='ltr'>avenae,</span> <span class='ocrx_word' id='word_1_285' title='bbox 978 4242 1060 4312; x_wconf 88' lang='lat' dir='ltr'>item</span> <span class='ocrx_word' id='word_1_286' title='bbox 1087 4237 1269 4330; x_wconf 86' lang='lat' dir='ltr'>praedium</span> <span class='ocrx_word' id='word_1_287' title='bbox 1295 4239 1350 4308; x_wconf 89' lang='lat' dir='ltr'>est</span> <span class='ocrx_word' id='word_1_288' title='bbox 1374 4233 1434 4306; x_wconf 91' lang='lat' dir='ltr'>ibi.</span> 
     </span>
    </p>

    <p class='ocr_par' dir='ltr' id='par_1_10' title="bbox 234 4348 1832 5064">
     <span class='ocr_line' id='line_1_30' title="bbox 335 4348 1786 4454; baseline -0.015 -16"><span class='ocrx_word' id='word_1_289' title='bbox 335 4365 637 4454; x_wconf 76' lang='lat' dir='ltr'>Uuuorvovrrczn,</span> <span class='ocrx_word' id='word_1_290' title='bbox 663 4363 747 4436; x_wconf 90' lang='lat' dir='ltr'>villa</span> <span class='ocrx_word' id='word_1_291' title='bbox 773 4364 837 4436; x_wconf 91' lang='lat' dir='ltr'>sub</span> <span class='ocrx_word' id='word_1_292' title='bbox 863 4361 1030 4454; x_wconf 85' lang='lat' dir='ltr'>parochia</span> <span class='ocrx_word' id='word_1_293' title='bbox 1056 4360 1100 4434; x_wconf 90' lang='lat' dir='ltr'>de</span> <span class='ocrx_word' id='word_1_294' title='bbox 1126 4357 1406 4451; x_wconf 85' lang='lat' dir='ltr'>Lyendzeuy</span> <span class='ocrx_word' id='word_1_295' title='bbox 1432 4352 1511 4443; x_wconf 84' lang='lat' dir='ltr'>site,</span> <span class='ocrx_word' id='word_1_296' title='bbox 1537 4349 1636 4421; x_wconf 88' lang='lat' dir='ltr'>cuius</span> <span class='ocrx_word' id='word_1_297' title='bbox 1661 4348 1786 4419; x_wconf 90' lang='lat' dir='ltr'>haeres</span> 
     </span>
     <span class='ocr_line' id='line_1_31' title="bbox 235 4466 1832 4576; baseline -0.016 -15"><span class='ocrx_word' id='word_1_298' title='bbox 235 4487 413 4561; x_wconf 81' lang='lat' dir='ltr'>lohannes</span> <span class='ocrx_word' id='word_1_299' title='bbox 440 4484 760 4576; x_wconf 87' lang='lat' dir='ltr'>Urbanowsky</span> <span class='ocrx_word' id='word_1_300' title='bbox 788 4483 831 4556; x_wconf 93' lang='lat' dir='ltr'>de</span> <span class='ocrx_word' id='word_1_301' title='bbox 858 4483 964 4556; x_wconf 90' lang='lat' dir='ltr'>armis</span> <span class='ocrx_word' id='word_1_302' title='bbox 983 4535 1125 4554; x_wconf 88' lang='grc'><strong>......</strong></span> <span class='ocrx_word' id='word_1_303' title='bbox 1151 4481 1193 4552; x_wconf 92' lang='lat' dir='ltr'>ln</span> <span class='ocrx_word' id='word_1_304' title='bbox 1220 4499 1289 4571; x_wconf 91' lang='lat' dir='ltr'>qua</span> <span class='ocrx_word' id='word_1_305' title='bbox 1315 4480 1396 4550; x_wconf 89' lang='lat' dir='ltr'>sunt</span> <span class='ocrx_word' id='word_1_306' title='bbox 1420 4473 1514 4545; x_wconf 90' lang='lat' dir='ltr'>lanei</span> <span class='ocrx_word' id='word_1_307' title='bbox 1540 4466 1785 4556; x_wconf 89' lang='lat' dir='ltr'>emethonales,</span> <span class='ocrx_word' id='word_1_308' title='bbox 1828 4490 1832 4497; x_wconf 90' lang='grc'><em>·</em></span> 
     </span>
     <span class='ocr_line' id='line_1_32' title="bbox 234 4583 1786 4694; baseline -0.015 -14"><span class='ocrx_word' id='word_1_309' title='bbox 234 4609 316 4681; x_wconf 89' lang='lat' dir='ltr'>item</span> <span class='ocrx_word' id='word_1_310' title='bbox 342 4608 511 4681; x_wconf 90' lang='lat' dir='ltr'>tabernae</span> <span class='ocrx_word' id='word_1_311' title='bbox 538 4583 607 4678; x_wconf 89' lang='lat' dir='ltr'>non</span> <span class='ocrx_word' id='word_1_312' title='bbox 634 4611 715 4681; x_wconf 88' lang='lat' dir='ltr'>sunt</span> <span class='ocrx_word' id='word_1_313' title='bbox 742 4611 778 4677; x_wconf 88' lang='lat' dir='ltr'>et</span> <span class='ocrx_word' id='word_1_314' title='bbox 803 4604 1032 4694; x_wconf 85' lang='lat' dir='ltr'>hortulaniee,</span> <span class='ocrx_word' id='word_1_315' title='bbox 1059 4602 1103 4674; x_wconf 89' lang='lat' dir='ltr'>de</span> <span class='ocrx_word' id='word_1_316' title='bbox 1130 4601 1256 4693; x_wconf 91' lang='lat' dir='ltr'>quihus</span> <span class='ocrx_word' id='word_1_317' title='bbox 1282 4598 1441 4671; x_wconf 92' lang='lat' dir='ltr'>omnihus</span> <span class='ocrx_word' id='word_1_318' title='bbox 1468 4593 1616 4666; x_wconf 79' lang='lat' dir='ltr'>solvitur</span> <span class='ocrx_word' id='word_1_319' title='bbox 1642 4593 1679 4660; x_wconf 85' lang='lat' dir='ltr'>et</span> <span class='ocrx_word' id='word_1_320' title='bbox 1705 4606 1786 4663; x_wconf 88' lang='lat' dir='ltr'>con-</span> 
     </span>
     <span class='ocr_line' id='line_1_33' title="bbox 236 4709 1786 4818; baseline -0.017 -15"><span class='ocrx_word' id='word_1_321' title='bbox 236 4730 376 4802; x_wconf 85' lang='lat' dir='ltr'>ducitur</span> <span class='ocrx_word' id='word_1_322' title='bbox 409 4728 543 4801; x_wconf 89' lang='lat' dir='ltr'>decimo</span> <span class='ocrx_word' id='word_1_323' title='bbox 568 4727 794 4818; x_wconf 88' lang='lat' dir='ltr'>manipularis</span> <span class='ocrx_word' id='word_1_324' title='bbox 821 4732 858 4798; x_wconf 86' lang='lat' dir='ltr'>et</span> <span class='ocrx_word' id='word_1_325' title='bbox 884 4723 1060 4816; x_wconf 86' lang='lat' dir='ltr'>cenapolis</span> <span class='ocrx_word' id='word_1_326' title='bbox 1091 4743 1156 4814; x_wconf 93' lang='lat' dir='ltr'>pro</span> <span class='ocrx_word' id='word_1_327' title='bbox 1175 4775 1316 4794; x_wconf 92' lang='grc'><strong>......</strong></span> <span class='ocrx_word' id='word_1_328' title='bbox 1343 4718 1404 4790; x_wconf 91' lang='lat' dir='ltr'>sed</span> <span class='ocrx_word' id='word_1_329' title='bbox 1429 4715 1602 4788; x_wconf 78' lang='lat' dir='ltr'>frumento</span> <span class='ocrx_word' id='word_1_330' title='bbox 1629 4709 1786 4781; x_wconf 82' lang='lat' dir='ltr'>solvitur.</span> 
     </span>
     <span class='ocr_line' id='line_1_34' title="bbox 235 4828 1786 4942; baseline -0.014 -21"><span class='ocrx_word' id='word_1_331' title='bbox 235 4851 316 4922; x_wconf 88' lang='lat' dir='ltr'>item</span> <span class='ocrx_word' id='word_1_332' title='bbox 343 4851 534 4942; x_wconf 82' lang='lat' dir='ltr'>praedium,</span> <span class='ocrx_word' id='word_1_333' title='bbox 561 4850 645 4922; x_wconf 92' lang='lat' dir='ltr'>item</span> <span class='ocrx_word' id='word_1_334' title='bbox 673 4849 872 4921; x_wconf 86' lang='lat' dir='ltr'>emethones</span> <span class='ocrx_word' id='word_1_335' title='bbox 899 4845 1039 4920; x_wconf 82' lang='lat' dir='ltr'>solvvmt</span> <span class='ocrx_word' id='word_1_336' title='bbox 1064 4867 1146 4940; x_wconf 82' lang='lat' dir='ltr'>syep</span> <span class='ocrx_word' id='word_1_337' title='bbox 1172 4842 1338 4916; x_wconf 91' lang='lat' dir='ltr'>ecclesiae</span> <span class='ocrx_word' id='word_1_338' title='bbox 1356 4844 1392 4911; x_wconf 90' lang='lat' dir='ltr'>et</span> <span class='ocrx_word' id='word_1_339' title='bbox 1408 4837 1556 4930; x_wconf 90' lang='lat' dir='ltr'>plebano</span> <span class='ocrx_word' id='word_1_340' title='bbox 1583 4833 1619 4903; x_wconf 92' lang='lat' dir='ltr'>in</span> <span class='ocrx_word' id='word_1_341' title='bbox 1645 4828 1786 4922; x_wconf 83' lang='lat' dir='ltr'>Lyen-</span> 
     </span>
     <span class='ocr_line' id='line_1_35' title="bbox 237 4965 1492 5064; baseline -0.014 -19"><span class='ocrx_word' id='word_1_342' title='bbox 237 4971 380 5063; x_wconf 89' lang='lat' dir='ltr'>dzini,</span> <span class='ocrx_word' id='word_1_343' title='bbox 406 4971 554 5064; x_wconf 87' lang='lat' dir='ltr'>quilibet</span> <span class='ocrx_word' id='word_1_344' title='bbox 580 4969 623 5042; x_wconf 94' lang='lat' dir='ltr'>de</span> <span class='ocrx_word' id='word_1_345' title='bbox 648 4970 749 5042; x_wconf 92' lang='lat' dir='ltr'>laneo</span> <span class='ocrx_word' id='word_1_346' title='bbox 775 4973 849 5042; x_wconf 88' lang='lat' dir='ltr'>tres</span> <span class='ocrx_word' id='word_1_347' title='bbox 875 4969 999 5040; x_wconf 90' lang='lat' dir='ltr'>choros</span> <span class='ocrx_word' id='word_1_348' title='bbox 1021 4965 1174 5057; x_wconf 83' lang='lat' dir='ltr'>¹siliginis</span> <span class='ocrx_word' id='word_1_349' title='bbox 1200 4969 1238 5037; x_wconf 87' lang='lat' dir='ltr'>et</span> <span class='ocrx_word' id='word_1_350' title='bbox 1263 4982 1325 5036; x_wconf 82' lang='lat' dir='ltr'>sen</span> <span class='ocrx_word' id='word_1_351' title='bbox 1351 4977 1492 5034; x_wconf 85' lang='lat' dir='ltr'>arenae.</span> 
     </span>
    </p>

    <p class='ocr_par' dir='ltr' id='par_1_11' title="bbox 236 5072 1815 5558">
     <span class='ocr_line' id='line_1_36' title="bbox 338 5072 1785 5186; baseline -0.017 -20"><span class='ocrx_word' id='word_1_352' title='bbox 338 5093 598 5183; x_wconf 76' lang='lat' dir='ltr'>Jnnranmrrn,</span> <span class='ocrx_word' id='word_1_353' title='bbox 625 5091 709 5186; x_wconf 84' lang='lat' dir='ltr'>villa</span> <span class='ocrx_word' id='word_1_354' title='bbox 736 5091 799 5163; x_wconf 90' lang='lat' dir='ltr'>suh</span> <span class='ocrx_word' id='word_1_355' title='bbox 817 5089 985 5182; x_wconf 88' lang='lat' dir='ltr'>parochia</span> <span class='ocrx_word' id='word_1_356' title='bbox 1011 5087 1054 5160; x_wconf 94' lang='lat' dir='ltr'>de</span> <span class='ocrx_word' id='word_1_357' title='bbox 1081 5084 1332 5176; x_wconf 84' lang='lat' dir='ltr'>Landzyny</span> <span class='ocrx_word' id='word_1_358' title='bbox 1358 5082 1436 5172; x_wconf 83' lang='lat' dir='ltr'>sita,</span> <span class='ocrx_word' id='word_1_359' title='bbox 1462 5077 1561 5151; x_wconf 92' lang='lat' dir='ltr'>cuius</span> <span class='ocrx_word' id='word_1_360' title='bbox 1587 5072 1785 5168; x_wconf 86' lang='lat' dir='ltr'>proprietas</span> 
     </span>
     <span class='ocr_line' id='line_1_37' title="bbox 238 5195 1815 5310; baseline -0.016 -21"><span class='ocrx_word' id='word_1_361' title='bbox 238 5216 281 5289; x_wconf 87' lang='lat' dir='ltr'>ad</span> <span class='ocrx_word' id='word_1_362' title='bbox 306 5215 506 5308; x_wconf 89' lang='lat' dir='ltr'>episcopum</span> <span class='ocrx_word' id='word_1_363' title='bbox 533 5213 798 5287; x_wconf 85' lang='lat' dir='ltr'>Gracoviensem</span> <span class='ocrx_word' id='word_1_364' title='bbox 823 5211 986 5303; x_wconf 87' lang='lat' dir='ltr'>pertinet.</span> <span class='ocrx_word' id='word_1_365' title='bbox 1021 5209 1062 5293; x_wconf 92' lang='lat' dir='ltr'>In</span> <span class='ocrx_word' id='word_1_366' title='bbox 1090 5227 1159 5300; x_wconf 90' lang='lat' dir='ltr'>qua</span> <span class='ocrx_word' id='word_1_367' title='bbox 1185 5211 1267 5278; x_wconf 88' lang='lat' dir='ltr'>sunt</span> <span class='ocrx_word' id='word_1_368' title='bbox 1293 5203 1445 5296; x_wconf 89' lang='lat' dir='ltr'>quiuqu‘e</span> <span class='ocrx_word' id='word_1_369' title='bbox 1470 5199 1563 5271; x_wconf 82' lang='lat' dir='ltr'>lanei</span> <span class='ocrx_word' id='word_1_370' title='bbox 1589 5195 1815 5310; x_wconf 76' lang='lat' dir='ltr'>cmethona·=</span> 
     </span>
     <span class='ocr_line' id='line_1_38' title="bbox 238 5318 1785 5430; baseline -0.014 -21"><span class='ocrx_word' id='word_1_371' title='bbox 238 5339 297 5430; x_wconf 88' lang='lat' dir='ltr'>les,</span> <span class='ocrx_word' id='word_1_372' title='bbox 323 5343 360 5412; x_wconf 89' lang='lat' dir='ltr'>et</span> <span class='ocrx_word' id='word_1_373' title='bbox 378 5357 448 5412; x_wconf 92' lang='lat' dir='ltr'>una</span> <span class='ocrx_word' id='word_1_374' title='bbox 464 5337 612 5409; x_wconf 86' lang='lat' dir='ltr'>taberna</span> <span class='ocrx_word' id='word_1_375' title='bbox 629 5336 762 5408; x_wconf 87' lang='lat' dir='ltr'>habens</span> <span class='ocrx_word' id='word_1_376' title='bbox 780 5353 894 5425; x_wconf 83' lang='lat' dir='ltr'>agros,</span> <span class='ocrx_word' id='word_1_377' title='bbox 921 5333 1005 5404; x_wconf 88' lang='lat' dir='ltr'>item</span> <span class='ocrx_word' id='word_1_378' title='bbox 1023 5335 1077 5404; x_wconf 89' lang='lat' dir='ltr'>est</span> <span class='ocrx_word' id='word_1_379' title='bbox 1094 5329 1145 5402; x_wconf 92' lang='lat' dir='ltr'>ibi</span> <span class='ocrx_word' id='word_1_380' title='bbox 1169 5327 1331 5400; x_wconf 87' lang='lat' dir='ltr'>scoltetia</span> <span class='ocrx_word' id='word_1_381' title='bbox 1356 5325 1489 5398; x_wconf 90' lang='lat' dir='ltr'>hahens</span> <span class='ocrx_word' id='word_1_382' title='bbox 1508 5321 1642 5411; x_wconf 90' lang='lat' dir='ltr'>aliquot</span> <span class='ocrx_word' id='word_1_383' title='bbox 1665 5318 1785 5388; x_wconf 87' lang='lat' dir='ltr'>laneos</span> 
     </span>
     <span class='ocr_line' id='line_1_39' title="bbox 236 5439 1788 5558; baseline -0.014 -26"><span class='ocrx_word' id='word_1_384' title='bbox 236 5456 281 5553; x_wconf 77' lang='lat' dir='ltr'>oe</span> <span class='ocrx_word' id='word_1_385' title='bbox 306 5459 432 5551; x_wconf 86' lang='lat' dir='ltr'>quibus</span> <span class='ocrx_word' id='word_1_386' title='bbox 460 5457 618 5558; x_wconf 87' lang='lat' dir='ltr'>omnibus</span> <span class='ocrx_word' id='word_1_387' title='bbox 644 5456 793 5530; x_wconf 85' lang='lat' dir='ltr'>solvitur</span> <span class='ocrx_word' id='word_1_388' title='bbox 819 5460 856 5527; x_wconf 88' lang='lat' dir='ltr'>et</span> <span class='ocrx_word' id='word_1_389' title='bbox 874 5452 1078 5526; x_wconf 86' lang='lat' dir='ltr'>conducitur</span> <span class='ocrx_word' id='word_1_390' title='bbox 1103 5449 1274 5522; x_wconf 86' lang='lat' dir='ltr'>medietas</span> <span class='ocrx_word' id='word_1_391' title='bbox 1300 5447 1453 5520; x_wconf 88' lang='lat' dir='ltr'>decimae</span> <span class='ocrx_word' id='word_1_392' title='bbox 1479 5439 1706 5531; x_wconf 87' lang='lat' dir='ltr'>manipularis</span> <span class='ocrx_word' id='word_1_393' title='bbox 1723 5456 1788 5530; x_wconf 90' lang='lat' dir='ltr'>pro</span> 
     </span>
    </p>
   </div>
   <div class='ocr_carea' id='block_1_8' title="bbox 241 5559 1925 5668">
    <p class='ocr_par' dir='ltr' id='par_1_12' title="bbox 241 5559 1925 5668">
     <span class='ocr_line' id='line_1_40' title="bbox 241 5559 1925 5668; baseline -0.015 -17"><span class='ocrx_word' id='word_1_394' title='bbox 241 5561 443 5652; x_wconf 81' lang='lat' dir='ltr'>scholastria</span> <span class='ocrx_word' id='word_1_395' title='bbox 461 5577 691 5668; x_wconf 70' lang='lat' dir='ltr'>cracoviensi,</span> <span class='ocrx_word' id='word_1_396' title='bbox 719 5581 754 5649; x_wconf 88' lang='lat' dir='ltr'>et</span> <span class='ocrx_word' id='word_1_397' title='bbox 771 5577 870 5650; x_wconf 89' lang='lat' dir='ltr'>valor</span> <span class='ocrx_word' id='word_1_398' title='bbox 888 5575 963 5646; x_wconf 90' lang='lat' dir='ltr'>eius</span> <span class='ocrx_word' id='word_1_399' title='bbox 981 5573 1187 5646; x_wconf 85' lang='lat' dir='ltr'>aestimatur</span> <span class='ocrx_word' id='word_1_400' title='bbox 1212 5570 1257 5644; x_wconf 88' lang='lat' dir='ltr'>ad</span> <span class='ocrx_word' id='word_1_401' title='bbox 1275 5573 1425 5662; x_wconf 88' lang='lat' dir='ltr'>quatuor</span> <span class='ocrx_word' id='word_1_402' title='bbox 1445 5583 1589 5655; x_wconf 87' lang='lat' dir='ltr'>marcas,</span> <span class='ocrx_word' id='word_1_403' title='bbox 1615 5561 1660 5633; x_wconf 91' lang='lat' dir='ltr'>de</span> <span class='ocrx_word' id='word_1_404' title='bbox 1677 5559 1790 5630; x_wconf 85' lang='lat' dir='ltr'>altera</span> <span class='ocrx_word' id='word_1_405' title='bbox 1918 5599 1925 5612; x_wconf 50' lang='grc' dir='ltr'><em>ι</em></span> 
     </span>
    </p>
   </div>
   <div class='ocr_carea' id='block_1_9' title="bbox 213 5682 1790 5816">
    <p class='ocr_par' dir='ltr' id='par_1_13' title="bbox 213 5682 1790 5816">
     <span class='ocr_line' id='line_1_41' title="bbox 213 5682 1790 5816; baseline -0.009 -43"><span class='ocrx_word' id='word_1_406' title='bbox 213 5810 216 5816; x_wconf 20' lang='lat'>¹</span> <span class='ocrx_word' id='word_1_407' title='bbox 244 5706 358 5775; x_wconf 76' lang='lat' dir='ltr'>summ</span> <span class='ocrx_word' id='word_1_408' title='bbox 382 5701 586 5796; x_wconf 71' lang='lat' dir='ltr'>medioata,</span> <span class='ocrx_word' id='word_1_409' title='bbox 623 5719 711 5798; x_wconf 89' lang='lat' dir='ltr'>qnae</span> <span class='ocrx_word' id='word_1_410' title='bbox 738 5698 783 5774; x_wconf 86' lang='lat' dir='ltr'>ad</span> <span class='ocrx_word' id='word_1_411' title='bbox 809 5695 1060 5805; x_wconf 74' lang='lat' dir='ltr'>Bpenpassium</span> <span class='ocrx_word' id='word_1_412' title='bbox 1098 5691 1344 5794; x_wconf 76' lang='lat' dir='ltr'>Poqorslry</span> <span class='ocrx_word' id='word_1_413' title='bbox 1368 5688 1543 5785; x_wconf 86' lang='lat' dir='ltr'>pertinet,</span> <span class='ocrx_word' id='word_1_414' title='bbox 1578 5682 1727 5763; x_wconf 86' lang='lat' dir='ltr'>solvitur</span> <span class='ocrx_word' id='word_1_415' title='bbox 1751 5684 1790 5759; x_wconf 85' lang='lat' dir='ltr'>et</span> 
     </span>
    </p>
   </div>
   <div class='ocr_carea' id='block_1_10' title="bbox 0 0 2290 6596">
    <p class='ocr_par' dir='ltr' id='par_1_14' title="bbox 0 0 2290 6596">
     <span class='ocr_line' id='line_1_42' title="bbox 0 0 2290 6596; baseline 0 0"><span class='ocrx_word' id='word_1_416' title='bbox 0 0 2290 6596; x_wconf 95' lang='lat' dir='ltr'> </span> 
     </span>
    </p>
   </div>
  </div>
 </body>
</html>
