4550 6600
487 842 564 917 300

485 1048 657 1122 Stanislaa
675 1044 915 1138 Syharsky
942 1046 978 1114 et
995 1039 1186 1113 Laurentio
1204 993 1532 1124 Wawrzaszelr,
1550 1032 1781 1106 familiaribus
1795 1034 1927 1104 nostris
1939 1032 2037 1104 tasti-

484 1172 554 1278 bus
577 1168 622 1240 ad
647 1168 848 1258 praemissa.

965 1666 1207 1750 Dacanatua
1239 1666 1565 1746 Sandaczcnsis.

1141 1889 1382 1961 anserrrczu.
1464 1884 1470 1892 ’

590 2012 686 2088 Villa
720 2014 818 2086 iuxta
852 2010 994 2085 fluvimn
1028 2010 1277 2103 Dunayecz
1311 2012 1348 2081 in
1383 2011 1459 2081 loco
1495 2007 1635 2079 editiori
1665 2007 1752 2097 sita,
1779 2006 1914 2078 hahens
1940 2006 1977 2075 in
2003 2026 2041 2076 se

489 2138 667 2211 ecelesiam
701 2134 952 2226 parochialem,
980 2131 1106 2205 Sancto
1122 2155 1126 2162 ·
1143 2133 1335 2204 Adalberto
1363 2131 1510 2223 martyri
1537 2130 1700 2219 dicatam,
1727 2128 1844 2219 lapide
1871 2129 1951 2199 albo
1979 2147 2041 2217 per

487 2256 784 2350 Wyrzbyantham
819 2254 1146 2344 Kampyenslry
1177 2253 1327 2324 nabilem
1364 2252 1407 2323 dc
1434 2252 1536 2323 domo
1563 2250 1830 2341 Nieszobya
1856 2256 2040 2338 muratam,

487 2384 525 2450 et
550 2399 614 2468 per
648 2377 836 2466 Sbigneum
871 2374 1081 2445 cardinalem
1118 2381 1155 2445 et
1190 2375 1387 2464 episcopum
1424 2372 1688 2444 Gracoviensem
1715 2378 1966 2443 consecratam.
2001 2370 2040 2440 ln

488 2520 557 2589 qua
584 2504 664 2568 sunt
690 2498 781 2567 lanei
809 2496 1052 2587 emethanales,
1080 2498 1163 2567 item
1190 2497 1367 2584 tabernae,
1394 2496 1477 2565 item
1504 2494 1733 2584 hortalaniae,
1756 2494 1839 2565 item
1858 2493 2040 2582 praedium

488 2640 593 2691 unum
621 2618 780 2706 militare,
807 2617 850 2687 de
878 2618 1002 2708 quibus
1030 2618 1189 2689 omnibus
1214 2617 1365 2689 solvitur
1383 2622 1419 2687 et
1437 2617 1642 2687 conducitur
1661 2616 1795 2687 decima
1811 2614 2041 2704 manipularis

487 2746 524 2811 et
549 2738 723 2829 canapalis
750 2738 785 2807 in
812 2738 1095 2827 Zbischicze,
1123 2745 1160 2809 et
1185 2739 1284 2810 valor
1301 2740 1377 2809 eius
1394 2739 1438 2809 ad
1456 2738 1636 2809 duodecim
1654 2758 1807 2827 mareas,
1825 2738 1910 2807 item
1928 2736 2038 2807 eccle·

487 2861 540 2931 sia
566 2865 601 2930 et
628 2860 794 2949 plebanus
829 2859 936 2931 habet
971 2860 1020 2930 ibi
1056 2880 1160 2949 agros
1196 2860 1325 2931 liberos
1352 2865 1388 2929 et
1414 2866 1534 2949 prata,
1562 2880 1625 2949 pra
1652 2880 1715 2930 sua
1743 2881 1807 2929 usu
1834 2858 2041 2949 praedicet

486 2980 703 3053 necessitate.

1096 3112 1101 3125 '
1143 3100 1387 3174 anorown.

590 3218 685 3294 Villa
709 3222 841 3295 habens
868 3223 904 3292 in
931 3242 968 3294 se
1002 3223 1237 3313 parochialem
1272 3224 1472 3316 eeclesiam,
1500 3223 1648 3295 Sanctae
1674 3222 1810 3295 Mariae
1836 3221 2040 3294 Visitatiaui

350 3367 359 3382 ¹
487 3344 654 3435 dicatam,
681 3345 850 3434 ligneam,
878 3346 976 3415 cuius
1002 3345 1126 3416 haeres
1154 3345 1305 3416 Thomas
1333 3346 1681 3438 Nawayowslry,
1707 3347 1835 3418 nobilis
1861 3346 1906 3416 de
1934 3345 2036 3416 domo

486 3463 796 3555 Antiquarum
823 3465 1063 3558 Equorum.
1090 3467 1129 3536 In
1158 3487 1227 3557 qua
1253 3471 1334 3538 sunt
1360 3467 1452 3540 lanei
1479 3467 1725 3559 emethonaleS,
1751 3469 1834 3539 item
1862 3468 2039 3554 tabernae,

419 3643 423 3656 ,
486 3587 570 3657 item
607 3587 845 3678 hortulaniae‚
873 3588 915 3660 de
952 3589 1076 3680 quibus
1113 3589 1261 3660 solvitur
1288 3596 1324 3660 et
1350 3589 1556 3661 conducitur
1592 3591 1725 3661 decima
1750 3589 1981 3680 manipularis
2007 3594 2040 3657 et

486 3707 659 3798 canapalis
686 3730 749 3799 pro
776 3710 988 3813 episcopatu¹
1006 3709 1238 3802 cracoviensi,
1265 3717 1302 3782 et
1329 3711 1427 3783 valor
1453 3713 1528 3783 eius
1546 3713 1590 3783 ad
1610 3720 1762 3803 quatuor
1779 3732 1916 3783 marcas
1935 3709 2039 3781 aesti-

484 3834 609 3900 matur.
636 3829 724 3901 Item
751 3839 832 3903 sunt
859 3833 907 3904 ibi
934 3834 1003 3904 tria
1022 3834 1166 3924 praedia
1182 3834 1358 3924 militaria,
1376 3833 1419 3904 de
1438 3855 1584 3924 qaorum
1603 3835 1697 3925 agris
1719 3835 1915 3924 decimatur
1931 3833 2037 3904 eccle

485 3951 557 4022 siae
585 3951 620 4021 in
647 3951 932 4046 Nawoyoua,
961 3963 996 4025 et
1033 3957 1130 4027 valor
1157 3957 1232 4027 eius
1259 3956 1465 4027 aestimatur
1500 3957 1544 4026 ad
1571 3964 1645 4027 tres
1672 3977 1825 4046 marcaS,
1853 3955 2038 4048 aliquando

483 4070 528 4141 ad
555 4091 615 4142 ser
643 4091 786 4145 marcas.
822 4073 909 4145 Item
941 4075 1087 4166 quilibet
1115 4077 1252 4148 emetha
1279 4077 1323 4147 de
1350 4077 1450 4149 laneo
1478 4065 1584 4150 solvit
1610 4099 1713 4149 unam
1740 4098 1939 4149 mensuram
1967 4077 2036 4147 sili·

482 4189 573 4280 ginis
601 4197 637 4263 et
663 4213 766 4264 unam
793 4215 924 4266 avenae
951 4195 1118 4286 plebano;
1146 4197 1230 4268 item
1257 4197 1424 4287 plebanus
1442 4199 1549 4271 babet
1567 4200 1728 4290 proprias
1747 4221 1851 4290 agros
1869 4206 1906 4270 et
1924 4206 2034 4289 prata,

482 4334 547 4403 pro
574 4335 636 4386 suo
663 4315 807 4405 praedio
835 4323 870 4389 et
897 4319 1113 4392 necessitate.

1072 4429 1282 4512 Znnnsnurn
1308 4461 1453 4514 maana.

586 4554 681 4630 Villa
715 4559 847 4632 habens
884 4561 920 4631 in
957 4583 994 4633 se
1031 4564 1212 4634 ecclesiam
1246 4566 1481 4654 parochialem
1517 4565 1685 4656 ligneam,
1707 4564 1848 4638 Sancta
1875 4565 2035 4637 Michaeli

482 4674 649 4771 dicatam,
677 4683 774 4754 cuius
800 4681 998 4754 haereditas
1035 4684 1080 4754 ad
1107 4685 1266 4756 consules
1292 4709 1440 4758 novae
1466 4687 1673 4759 Saadecz
1698 4689 1863 4778 pertinet
1900 4689 1941 4758 ln
1969 4709 2034 4778 qua

482 4805 563 4872 sunt
590 4801 680 4874 lanei
708 4803 951 4896 emethanales,
979 4805 1022 4876 da
1050 4806 1176 4897 quibus
1203 4807 1351 4880 solvitur
1378 4815 1413 4880 ct
1438 4810 1642 4881 conducitur
1660 4810 1793 4881 decima
1811 4810 2049 4900 manipularis·
2144 4868 2145 4871 ,

481 4926 518 4992 et
544 4924 717 5014 canapalis
744 4945 808 5015 pro
836 4927 1039 5017 episcopatu
1066 4928 1298 5021 cracoviensi,
1325 4933 1410 5002 itam
1437 4937 1491 5003 est
1518 4933 1566 5002 ibi
1593 4932 1759 5004 scultetus
1787 4933 1921 5004 babens
1948 4931 2032 5002 dnos

480 5040 612 5134 laneos,
641 5044 684 5115 de
712 5046 837 5136 quibus
864 5047 970 5118 solvit
997 5048 1164 5121 decimam
1192 5053 1341 5142 plebano
1368 5053 1404 5122 in
1431 5053 1746 5145 Zelyesanylr,
1774 5061 1811 5123 et
1837 5053 1937 5124 valor
1961 5053 2033 5123 eius

479 5165 683 5237 aestimatur
710 5166 753 5237 ad
779 5172 852 5239 tres
879 5189 1030 5241 marcas:
1065 5171 1148 5242 item
1175 5196 1244 5244 non
1272 5180 1325 5245 est
1352 5162 1400 5244 ibi
1428 5176 1606 5265 praedium
1634 5175 1794 5265 aliquod3
1822 5175 1904 5245 item
1933 5175 2031 5264 quili-

478 5283 539 5354 bet
574 5287 708 5357 emetha
745 5288 788 5359 de
823 5289 922 5361 laneo
959 5291 1064 5363 solvit
1100 5291 1253 5362 nuecelone
1287 5295 1453 5386 plebano,
1481 5318 1582 5367 unam
1619 5295 1816 5368 mensuram
1842 5296 1971 5386 tritici,
1998 5303 2031 5365 et

477 5423 582 5474 unam
609 5425 738 5479 avenae
765 5410 937 5483 consertos
964 5433 1147 5484 mensurae
1166 5414 1487 5508 Sandeczensis3t
1459 5420 1469 5488 1
1473 5424 1541 5490 tem
1560 5419 1668 5489 habet
1686 5419 1854 5508 plebanus
1872 5424 1910 5488 et
1927 5417 2032 5488 eccle·
2143 5462 2144 5567 ]

480 5521 533 5592 sia
558 5529 718 5615 proprios
746 5551 849 5621 agras
876 5539 913 5603 et
939 5541 1050 5624 prata
1079 5557 1142 5625 pra
1170 5557 1232 5608 suo
1259 5559 1325 5608 nsu
1352 5544 1388 5609 et
1414 5541 1634 5612 necessitate.

432 5679 435 5688 ·
478 5701 482 5710 .
580 5643 804 5720 Znnrszuru
821 5671 950 5744 minan,
967 5655 1052 5725 villa
1070 5658 1135 5728 sub
1154 5660 1318 5746 parochia
1335 5660 1379 5730 de
1396 5661 1466 5732 Zel
1473 5662 1631 5754 yeznylr
1660 5662 1738 5752 sit,a
1756 5661 1854 5732 cuius
1874 5659 2030 5732 haeredi·

475 5764 530 5831 tas
557 5765 791 5852 praefatorum
819 5775 996 5845 consulum
1024 5798 1164 5849 novae
1192 5778 1406 5850 Sandecz.
1433 5781 1473 5850 In
1494 5803 1562 5871 qua
1580 5788 1662 5854 sunt
1679 5783 1771 5853 lanei
1785 5755 2027 5870 emethanales,
