4550 6600
525 852 597 931 lit

518 1064 555 1135 in
590 1060 774 1133 medietate
818 1058 984 1147 descripti
1024 1056 1203 1129 videlicet:
1243 1053 1482 1146 Sigismundus
1522 1053 1782 1143 Bohowslry
1823 1055 1861 1123 et
1897 1051 2063 1137 Iohannes

519 1180 780 1271 Zahawsky.
806 1179 848 1251 In
875 1199 943 1271 qua
969 1180 1049 1251 sunt
1074 1178 1168 1249 lanei
1194 1176 1439 1266 cmethonales,
1465 1174 1508 1246 de
1536 1175 1662 1265 quihus
1689 1174 1823 1246 decima
1848 1172 2062 1264 manipularis

520 1308 557 1373 et
583 1301 756 1391 cenapolis
783 1300 930 1373 solvitur
956 1304 992 1369 et
1018 1297 1223 1369 conducitur
1248 1318 1312 1387 pro
1331 1294 1530 1387 praehenda
1547 1295 1757 1385 VislioIensi,
1775 1314 1865 1385 quae
1883 1294 2064 1366 Drochecz·

520 1422 586 1493 ska
610 1420 749 1512 dicitur,
777 1420 873 1492 cuius
903 1419 1001 1491 valor
1028 1418 1073 1489 ad
1100 1418 1251 1509 quiaque
1286 1438 1431 1489 marcas.
1465 1417 1556 1487 Item
1581 1416 1778 1507 praedium,
1805 1417 1891 1487 item
1918 1416 2061 1505 taberna,

519 1543 604 1613 item
630 1542 848 1613 hortulaniae
874 1540 957 1612 item
985 1539 1131 1611 eeclesia
1156 1537 1397 1610 RadloviensIs
1415 1538 1522 1610 habet
1539 1538 1589 1609 ihi
1607 1538 1898 1609 columbatiouem
1917 1541 1954 1607 et
1970 1536 2062 1607 dena·

520 1662 611 1733 rium
637 1660 670 1733 S
697 1660 802 1732 Petri.

625 1781 896 1871 Bnorrovvrczn,
918 1780 1003 1852 villo
1039 1778 1103 1851 sub
1136 1779 1303 1869 parochio
1329 1779 1373 1850 de
1398 1778 1613 1870 Woyuicz
1640 1778 1727 1867 sita,
1753 1778 1851 1849 cuius
1879 1777 2063 1867 proprisos

366 1974 370 1980 .
521 1901 565 1973 ad
592 1902 827 1992 episcopatum
864 1898 1127 1973 cracoviensem
1159 1900 1321 1990 pertinet
1356 1900 1398 1969 In
1425 1905 1601 1989 quaeunt
1628 1898 2063 1989 quatuorlaneicmetho

520 2020 625 2112 noles,
653 2021 696 2093 de
723 2021 847 2112 quihus
874 2021 1075 2093 solvebatur
1101 2020 1236 2092 deelma
1260 2019 1487 2110 manipularis
1513 2024 1550 2090 et
1576 2020 1752 2109 canapahs
1781 2040 1846 2109 pro
1874 2020 2063 2110 episcopatu

522 2140 753 2228 cracoviensi,
781 2140 843 2213 sed
868 2139 1045 2213 Iohannes
1071 2140 1416 2230 Rzeschovsky
1449 2140 1630 2230 epIscopus
1656 2138 1911 2231 Gracoviensis,
1938 2144 2065 2229 accepto

522 2282 607 2352 agro
634 2261 670 2333 in
687 2261 901 2333 haereditate
919 2260 1077 2352 Lanky
1103 2265 1141 2333 et
1158 2262 1194 2331 in
1212 2261 1346 2351 praedii
1362 2261 1604 2332 Radlovieusis
1622 2260 1887 2351 amplitudInem
1906 2260 2064 2349 adiuncto,

523 2382 619 2455 dedit
653 2382 689 2453 in
724 2401 983 2471 recompensam
1017 2388 1187 2472 perpetuo
1223 2382 1391 2453 decimam
1425 2402 1564 2453 mensae
1592 2372 1674 2453 suae
1701 2382 1737 2452 in
1764 2382 2064 2470 Bachovicze,

522 2504 665 2593 capituli
691 2523 859 2575 consensu
886 2504 1080 2595 accedente,
1107 2503 1273 2593 eeclesiae
1300 2502 1534 2593 Radloviensi,
1560 2504 1659 2574 cuius
1684 2503 1784 2575 valor
1810 2502 2013 2573 aestimetur
2027 2501 2064 2572 ad

523 2628 672 2713 quatuor
706 2637 850 2695 marcas.
889 2624 976 2695 ltem
1012 2644 1082 2695 non
1117 2630 1174 2695 ost
1207 2624 1390 2713 praedium
1424 2624 1461 2694 in
1496 2624 1616 2695 mem
1642 2625 1742 2715 villa,
1768 2644 1883 2715 neque
1909 2622 2065 2719 scoltetia

521 2764 633 2835 neque
658 2742 899 2837 molendinum,
926 2764 1037 2835 neque
1065 2744 1229 2835 taberne,
1255 2765 1367 2835 neque
1392 2744 1621 2816 hortulauiae.

1195 2863 1411 2936 Sczusovva

625 2982 721 3058 Villa
746 2985 880 3057 habens
906 2984 1085 3057 ecclesiam
1112 2984 1347 3074 parochialem
1364 2984 1514 3074 ligneam
1532 2984 1569 3055 in
1586 3004 1635 3075 se,
1658 2983 1784 3057 Saudo
1802 2986 2059 3057 Bartholomaeo

521 3103 691 3195 Apostolo
715 3104 878 3196 dicatam,
905 3106 1001 3177 ouius
1027 3106 1149 3177 unicus
1177 3106 1322 3177 collator
1348 3111 1385 3176 et
1410 3112 1578 3196 patronus
1595 3112 1650 3177 est
1667 3107 1847 3197 episcopus
1868 3106 2060 3179 Cracovien-

521 3224 588 3316 sis,
615 3224 660 3295 ad
685 3246 788 3318 quem
813 3224 992 3318 praefatae
1026 3226 1130 3297 villae
1157 3231 1291 3318 spectat
1317 3227 1522 3318 proprietas
1558 3228 1600 3300 Iu
1627 3248 1695 3319 qua
1721 3234 1803 3300 sunt
1830 3249 1955 3301 novem
1979 3228 2059 3297 lanei

518 3347 773 3438 emethonalas,
799 3347 843 3419 de
871 3348 995 3438 quibus
1022 3347 1171 3420 solvitur
1197 3354 1234 3420 et
1259 3349 1467 3420 conducitur
1495 3348 1628 3420 decima
1653 3350 1883 3440 manipularis
1909 3356 1947 3422 et
1971 3369 2059 3420 oana-

519 3466 609 3556 palis
635 3487 700 3557 pro
725 3468 928 3558 episcopatu
954 3466 1187 3560 Oroandensi,
1214 3472 1311 3542 cuius
1339 3471 1438 3542 valor
1456 3471 1663 3542 aestimatur
1682 3471 1726 3543 ad
1745 3493 1806 3542 sex
1822 3492 1968 3543 mareas.
1984 3470 2058 3540 Itan

523 3585 668 3658 eeaeoia
694 3592 730 3658 et
755 3587 923 3677 plebanus
950 3589 1057 3660 habet
1082 3591 1250 3680 speciales
1277 3611 1381 3682 agros
1407 3592 1569 3682 proprios
1595 3592 1725 3665 liberos
1742 3598 1781 3664 et
1797 3599 1910 3684 prata,
1928 3613 1989 3682 pro
2005 3609 2057 3662 suo

521 3705 673 3797 pracho,
700 3726 764 3778 usu
791 3713 828 3779 at
854 3708 1069 3780 necessitate.
1096 3710 1185 3781 Item
1209 3716 1264 3782 est
1290 3712 1339 3782 ibi
1365 3712 1525 3783 scoltetia
1549 3713 1682 3784 hahens
1709 3713 1797 3789 duos
1822 3714 1961 3803 laneos,
1985 3714 2056 3783 item

521 3841 625 3898 unam
660 3829 841 3900 tabernam
876 3829 1059 3902 habentem
1086 3851 1209 3921 agros,
1236 3832 1320 3902 item
1347 3853 1450 3904 unam
1478 3833 1711 3904 hortulaniam
1737 3835 1925 3906 habentem
1951 3851 2058 3924 agros;

521 3945 565 4018 de
590 3947 717 4036 quihus
751 3949 911 4022 omnihus
947 3950 1094 4022 solvitur
1129 3957 1167 4022 et
1192 3953 1398 4025 conducitur
1425 3953 1559 4024 decima
1584 3955 1809 4044 manipularis
1836 3976 1902 4045 pro
1929 3952 2057 4025 ecclesia

522 4071 558 4136 et
582 4065 731 4154 plebano
745 4067 794 4144 ¹in
819 4068 1071 4144 Scaurowa
1097 4071 1185 4144 Item
1212 4072 1255 4144 de
1282 4051 1546 4165 villapraelala
1563 4075 1668 4146 datur
1685 4076 1896 4148 columbatio
1914 4083 1950 4148 et
1965 4075 2056 4146 dens·

520 4185 594 4256 rias
619 4183 739 4258 Sancti
764 4186 862 4260 Petri
887 4189 1044 4280 plebano.
1163 4243 1167 4252 .

623 4303 913 4400 &nuncnova
939 4311 1022 4382 villa
1048 4313 1112 4386 suh
1139 4315 1305 4404 parochia
1331 4317 1495 4388 ecclesiae
1521 4317 1566 4388 de
1592 4316 1835 4389 Sozurova
1860 4319 1947 4408 sita,
1972 4315 2055 4387 cuius

519 4425 715 4515 proprietas
742 4427 787 4498 ad
822 4429 1057 4520 episcopatum
1092 4431 1356 4507 cracoviensem
1391 4439 1554 4527 pertinet
1598 4439 1639 4510 In
1667 4460 1736 4529 qua
1761 4459 1831 4510 uon
1862 4444 1947 4511 sunt
1978 4434 2054 4507 lanei

520 4544 692 4636 distincti,
719 4547 780 4626 sed
806 4549 916 4620 solum
943 4551 1038 4624 horti
1056 4559 1092 4626 et
1110 4575 1274 4645 agrorum
1291 4558 1408 4646 pecias
1425 4559 1506 4629 hinc
1527 4559 1609 4630 inde
1636 4560 1848 4651 extirpatae,
1875 4562 1919 4632 de
1945 4559 2053 4650 quihus

518 4665 667 4737 solvitur
691 4672 729 4738 et
755 4669 959 4742 conducitur
993 4671 1127 4746 decima
1162 4677 1388 4767 manipularis
1422 4701 1487 4770 pro
1522 4681 1724 4770 episcopatu
1760 4680 1993 4770 Crotoniensi,
2023 4681 2053 4748 et

519 4785 618 4858 valor
643 4787 717 4859 eius
751 4788 796 4860 ad
822 4789 909 4862 duas
943 4813 1077 4867 marcas
1111 4798 1325 4870 aestirnatur.
1364 4800 1452 4871 Item
1488 4802 1647 4872 scoltetia
1682 4807 1736 4873 est
1761 4803 1797 4873 in
1823 4803 1943 4874 eadem
1975 4799 2052 4885 villa

519 4925 608 4997 quae
634 4908 740 4980 habet
766 4930 869 4999 agros
896 4914 1056 5003 proprios
1083 4922 1120 4988 et
1145 4918 1285 5008 hortos,
1312 4919 1498 5011 dequibus
1525 4923 1675 4994 solvitur
1692 4922 1826 4994 decima
1842 4919 2051 5014 manipularis

517 5047 582 5117 pro
601 5083 609 5098 .
628 5082 636 5099 .
655 5083 688 5099 ..
715 5029 804 5102 Item
831 5031 913 5102 villa
938 5033 1097 5124 praefata
1123 5037 1229 5110 solvit
1255 5039 1544 5115 columbatiouem
1565 5049 1603 5116 et
1620 5044 1801 5117 denarium
1827 5045 1945 5117 Sancti
1967 5038 2050 5112 Petri

517 5149 684 5220 emlesiae
710 5150 747 5220 in
773 5149 1025 5227 Scaurova.
1703 5182 1707 5188 ·

621 5269 816 5364 Rnsszro,
842 5273 925 5346 villa
942 5276 1006 5347 suh
1025 5278 1190 5367 parochia
1216 5280 1380 5354 ecclesiae
1410 5283 1453 5354 de
1479 5282 1723 5359 Scaurova
1749 5288 1836 5379 sita,
1864 5288 1958 5360 cuius
1980 5303 2048 5374 pro·

518 5388 650 5477 pristas
686 5390 730 5460 ad
765 5391 999 5485 epIscopatum
1034 5396 1298 5472 cracoviensem
1334 5404 1497 5493 pertinet.
1540 5405 1582 5476 ln
1609 5428 1678 5497 qua
1711 5415 1794 5480 sunt
1827 5402 2047 5480 tantummodo

516 5505 735 5580 hortulanIae
760 5511 927 5586 hahentes
955 5537 1058 5607 agros
1085 5539 1212 5609 parvos
1239 5527 1275 5592 et
1300 5522 1442 5614 breves,
1478 5524 1521 5596 de
1548 5525 1673 5616 quibus
1704 5529 1852 5600 solvitur
1876 5536 1913 5600 et
1935 5523 2047 5598 condo·

518 5625 609 5698 citur
635 5627 767 5702 decima
792 5635 1018 5725 manipularis
1045 5644 1082 5709 et
1108 5642 1284 5731 canapalis
1310 5665 1375 5733 pro
1403 5645 1604 5736 episcopatu
1631 5647 1870 5741 Cracoviensi,
1904 5654 1939 5720 et
1961 5643 2045 5718 valor

514 5747 589 5824 eivs
622 5751 828 5826 aestimator
853 5755 898 5827 ad
924 5755 1011 5830 duas
1045 5779 1190 5833 marcas
1223 5761 1312 5834 Item
1347 5764 1505 5838 scultetis
1531 5772 1588 5839 est
1617 5768 1654 5839 in
1680 5770 1805 5843 eadem·
1836 5771 1934 5862 villa,
1966 5781 2042 5859 quae
