4550 6600
1795 769 1841 841 13

289 982 369 1048 sunt
396 977 614 1067 possessione
640 981 677 1048 et
702 975 927 1066 proprietate,
955 975 1166 1046 contulit·et
1190 975 1396 1064 transfudit;
1422 977 1518 1046 cuins
1544 997 1636 1047 nunc
1662 981 1779 1048 rector
1805 985 1844 1049 et
1890 1051 1901 1070 Χ

287 1098 458 1188 magister
484 1096 655 1168 Matthias
683 1097 725 1166 de
743 1095 952 1166 Kosczen
980 1095 1199 1166 decretorum
1218 1097 1348 1186 doctor,
1367 1117 1455 1186 quae
1472 1098 1579 1168 habet
1596 1118 1660 1186 pro
1678 1100 1845 1187 parochia

294 1237 358 1289 sua
384 1219 536 1308 plateam
563 1217 735 1306 integram
763 1217 799 1286 in
826 1220 926 1305 parte
952 1220 1098 1305 utraque
1125 1217 1272 1287 Sanctae
1299 1217 1429 1307 Annae,
1457 1219 1493 1288 in
1521 1239 1589 1308 qua
1608 1224 1643 1289 et
1662 1219 1845 1308 collegium

293 1339 497 1410 artistarum
533 1338 637 1409 situm
674 1343 737 1426 est,
765 1358 785 1407 a
812 1337 940 1407 circulo
976 1358 1084 1426 usque
1111 1337 1155 1407 ad
1182 1338 1320 1408 ianuam
1347 1338 1483 1408 civilem
1509 1359 1546 1408 se
1572 1340 1845 1428 protendentem.

290 1461 379 1531 ltem
406 1461 559 1551 plateam
586 1459 765 1548 pistorum,
793 1457 877 1526 item
904 1457 1065 1546 plateam,
1093 1479 1180 1547 quae
1208 1458 1289 1528 olim
1316 1460 1505 1529 vocabatur
1531 1460 1790 1550 lutifigulorum,
1810 1462 1845 1531 in

292 1585 443 1671 quaest
469 1579 650 1669 collegium
677 1577 816 1667 Sbignei
847 1577 1031 1648 cardinalis
1059 1579 1195 1668 insigne
1223 1586 1259 1649 et
1283 1580 1409 1668 nobile,
1429 1580 1520 1669 quod
1538 1581 1735 1670 appellatur
1752 1581 1846 1652 Hie-

293 1702 513 1788 rusalem3
549 1700 632 1769 item
667 1699 817 1788 plateam
848 1699 1141 1788 transversalem,
1174 1700 1210 1769 in
1237 1707 1387 1790 quaest
1414 1699 1595 1790 collegium
1622 1702 1734 1772 minus
1761 1703 1846 1772 arti·

295 1828 445 1910 starum,
483 1819 567 1890 item
603 1839 721 1889 omnes
755 1839 853 1889 areas
890 1825 926 1889 et
962 1819 1080 1891 domos
1116 1841 1215 1892 muro
1251 1821 1346 1892 civili
1373 1822 1573 1910 contiguas3
1600 1822 1685 1892 item
1711 1828 1846 1912 partem

231 1943 240 1952 “
293 1942 429 2030 plateae
464 1945 620 2011 sutorum
656 1959 778 2010 uersus
814 1939 993 2010 eeclesiam
1022 1941 1171 2012 Sanctae
1199 1940 1321 2012 Annae
1347 1941 1558 2030 posticatae,
1585 1942 1669 2012 item
1696 1943 1847 2032 plateam

293 2081 314 2130 a
341 2061 458 2150 platea
484 2059 629 2130 Sanctae
657 2057 797 2149 Annae,
824 2081 934 2150 usque
961 2061 1004 2131 ad
1031 2062 1183 2151 plateam
1210 2068 1366 2133 sutorum
1398 2063 1680 2133 transversaliter
1706 2085 1847 2153 porrec-

293 2186 384 2269 tam3
412 2180 495 2251 item
522 2179 684 2251 balneum
710 2179 917 2252 Iudaeorum
937 2203 1025 2252 curn
1053 2183 1124 2254 suis
1152 2183 1381 2272 pertinentiis.
1416 2181 1611 2254 Proventus
1639 2190 1755 2254 antem
1782 2205 1846 2274 pro

294 2321 357 2372 sua
384 2301 465 2372 dote
492 2301 638 2372 ecclesia
664 2301 811 2372 Sanctae
839 2301 962 2372 Annae
988 2303 1148 2394 praefata
1173 2304 1280 2376 habet
1307 2303 1557 2394 infrascriptos.

371 2419 614 2511 nmmum,
641 2421 726 2493 villa
753 2423 850 2493 iuxta
876 2423 1016 2494 fluvium
1042 2423 1251 2513 Rudawa,
1278 2431 1315 2495 et
1342 2426 1406 2496 sub
1432 2425 1600 2514 parochia
1626 2425 1744 2496 Sancti
1771 2424 1848 2497 Ste-

292 2541 399 2633 phani
434 2542 477 2613 de
519 2541 749 2614 Orecovie
788 2545 874 2634 sita,
910 2545 1006 2616 cuius
1046 2545 1172 2615 haeres
1210 2545 1406 2617 Dobeslaus
1442 2537 1847 2638 Curozw'anczshy

294 2663 503 2735 castellanus
530 2663 792 2754 Respergensis,
820 2665 862 2734 de
890 2665 996 2736 armis
1023 2663 1290 2757 Cygnorum,
1316 2667 1353 2736 in
1381 2687 1449 2756 qua
1475 2672 1557 2736 sunt
1583 2667 1675 2736 lanei
1694 2668 1847 2738 emetho-
1890 2695 1901 2764 j
1993 2735 1996 2738 ,
2043 2727 2048 2733 .

292 2785 398 2874 nales,
426 2785 606 2855 item-una
632 2786 787 2875 taberna,
815 2786 946 2857 habens
974 2807 1085 2876 agree,
1114 2787 1198 2857 item
1225 2786 1467 2875 molendinum,
1494 2787 1626 2857 habens
1654 2808 1773 2877 agroS,
1801 2788 1847 2858 de

295 2907 419 2996 quibus
447 2905 605 2976 omnibus
632 2906 780 2976 solvitur
807 2912 842 2976 et
869 2906 1074 2977 conducitur
1100 2907 1234 2977 decima
1259 2907 1485 2996 manipularis
1517 2913 1553 2978 et
1581 2907 1756 3006 canapalis
1782 2929 1846 2997 pro

294 3027 441 3098 ecclesia
477 3025 624 3097 Sanctae
651 3025 773 3097 Annae
800 3027 836 3096 in
864 3025 1106 3117 Gracovia,
1133 3033 1170 3098 et
1195 3027 1296 3099 valor
1322 3028 1397 3098 eius
1424 3029 1630 3098 aestimatur
1656 3028 1700 3098 ad
1728 3027 1846 3098 decem

294 3169 443 3240 marcas3
471 3147 554 3218 item
580 3168 650 3217 non
678 3152 732 3218 est
758 3147 807 3218 ibi
833 3148 1022 3237 praedium,
1050 3169 1162 3238 neque
1189 3147 1392 3219 ortulaniae.

397 3267 596 3358 anosun,
624 3267 708 3339 villa
735 3269 799 3340 sub
826 3269 992 3358 parochia
1010 3268 1127 3341 Sancti
1146 3269 1315 3359 Stephani
1333 3270 1375 3340 de
1396 3269 1629 3341 Cracovia
1656 3270 1734 3360 sita,
1753 3270 1850 3341 cuius

294 3390 419 3461 haeres
445 3388 537 3461 iden
564 3444 572 3459 .
600 3444 607 3459 .
635 3444 643 3459 .
671 3444 696 3479 .,
724 3390 759 3459 in
787 3412 855 3481 qua
886 3396 967 3461 sunt
992 3390 1084 3461 lanei
1111 3391 1344 3462 cmethonales
1372 3394 1407 3461 et
1433 3413 1503 3462 una
1529 3392 1686 3481 taberna,
1714 3392 1847 3462 habens

296 3532 409 3602 agros,
437 3511 480 3582 de
508 3510 632 3601 quibus
659 3510 806 3582 soluitur
833 3517 868 3582 et
895 3508 1097 3583 conducitur
1125 3512 1257 3583 decima
1283 3512 1508 3602 manipularis
1535 3518 1572 3582 et
1590 3512 1766 3602 canapalis
1784 3531 1847 3601 pro

296 3632 441 3703 ecclesia
468 3631 616 3703 Sanctae
654 3631 777 3703 Annae
804 3633 839 3702 in
867 3631 1113 3722 Gracovia,
1142 3640 1178 3704 et
1204 3634 1303 3704 valor
1330 3634 1403 3704 eius
1430 3635 1636 3704 aestimatur
1662 3634 1706 3704 ad
1734 3634 1851 3704 decem

297 3774 450 3841 marcas,
477 3752 559 3823 item
586 3774 655 3824 non
683 3758 736 3824 est
763 3754 817 3823 ibi·
839 3754 1029 3843 praedium,
1057 3776 1126 3824 non
1155 3760 1236 3825 sunt
1254 3754 1484 3824 hortulaniae.

400 3873 553 3945 Gznnnn
579 3872 745 3945 Wuuscn
772 3872 858 3944 alias
885 3873 1056 3963 Loazow,
1084 3874 1144 3945 ubi
1170 3874 1276 3945 habet
1294 3874 1440 3944 ecclesia
1457 3880 1494 3944 et
1513 3874 1681 3963 plebanus
1700 3874 1849 3946 Sanctae

209 4007 215 4017 “
297 3994 419 4067 Annae
446 3996 483 4065 in
510 3994 738 4066 Gracovia
765 3995 904 4065 hortum
923 3994 1061 4084 bonum,
1088 3994 1217 4084 dequo
1245 3994 1428 4065 solvuntur
1446 3995 1513 4066 sibi
1531 4016 1594 4084 pro
1614 4016 1727 4064 annuo
1747 4017 1852 4066 censu

296 4124 370 4188 tres
396 4136 550 4206 marcae,
578 4118 662 4188 item
688 4116 795 4188 habet
821 4116 987 4205 plebanus
1007 4120 1042 4186 et
1060 4116 1205 4186 ecclesia
1232 4115 1379 4187 Sanctae
1406 4114 1529 4186 Annae
1556 4116 1592 4186 in
1619 4114 1852 4188 Cracovia

299 4238 436 4309 domum
464 4238 615 4329 acialem,
643 4260 685 4309 ex
701 4236 860 4328 opposito
887 4237 1054 4308 nobilium
1082 4237 1125 4307 de
1153 4236 1401 4328 Thanczyn
1428 4239 1550 4327 sitam,
1587 4238 1629 4308 de
1657 4259 1725 4327 qua
1751 4238 1850 4309 aunis

298 4360 442 4449 singulis
470 4360 652 4431 solvuntur
680 4360 746 4431 sibi
764 4380 827 4449 pro
847 4377 952 4429 censu
970 4364 1043 4429 tres
1062 4380 1218 4448 marcae,
1246 4360 1328 4429 item
1347 4358 1505 4448 praefata
1532 4360 1678 4429 ecclesia
1706 4358 1852 4429 Sanctae

299 4480 421 4551 Annae
439 4480 544 4551 habet
558 4480 706 4570 domum,
725 4501 830 4570 penes
855 4480 1036 4569 collegium
1054 4480 1165 4550 maius
1184 4480 1387 4550 artistarum
1406 4480 1518 4569 sitam,
1538 4501 1640 4569 quam
1659 4477 1852 4557 Mroczeh

298 4607 414 4672 sartor
449 4602 640 4691 inhabitat,
658 4604 765 4691 ¹'quae
793 4600 898 4671 solvit
925 4601 956 4671 ei
984 4600 1070 4671 duas
1102 4622 1237 4671 marcas
1273 4622 1394 4672 census
1422 4600 1549 4688 annui;
1585 4601 1666 4670 item
1693 4598 1853 4689 praefata

299 4722 444 4793 ecclesia
462 4714 608 4794 Sanctae
627 4722 749 4793 Annae
776 4723 882 4793 habet
909 4722 1047 4793 domum
1073 4722 1109 4791 in
1136 4721 1365 4812 Kawiory,
1394 4743 1495 4811 quam
1519 4722 1692 4792 inhabitat
1710 4720 1853 4810 Marga-

299 4844 401 4915 retba
427 4842 713 4933 Kusnierha,
741 4864 827 4935 quae
855 4844 958 4915 solvit
984 4864 1086 4914 unam
1113 4864 1264 4914 marcam
1292 4844 1488 4932 annuatim;
1515 4843 1599 4912 item
1625 4842 1733 4912 habet
1761 4842 1855 4913 dicta

302 4966 447 5037 ecelesia
482 4965 585 5036 aliam
621 4964 759 5036 domurn
786 4964 822 5035 in
849 4964 1074 5057 Kawiory,
1111 4965 1146 5035 in
1175 4986 1243 5055 qua
1269 4963 1388 5054 Agnes
1423 4964 1703 5034 Blaszkowa
1729 4969 1854 5053 manet,

302 5086 345 5157 de
364 5107 432 5177 qua
450 5085 557 5158 solvit
572 5086 684 5157 eidem
702 5086 866 5158 ecelesiae
885 5086 1033 5158 mediam
1051 5086 1221 5176 marcam,
1248 5086 1332 5155 item
1350 5091 1404 5155 est
1421 5084 1551 5155 ibidem
1569 5086 1605 5153 in
1632 5083 1854 5175 Kawiory

301 5207 371 5279 alia
397 5207 518 5279 domus
546 5228 608 5279 seu
633 5208 775 5299 hortus,
803 5208 846 5279 de
873 5229 940 5299 quo
968 5208 1135 5297 plebanus
1163 5206 1310 5278 Sanctae
1328 5205 1450 5277 Annae
1476 5206 1569 5276 tollit
1596 5210 1742 5294 sortem;
1769 5206 1853 5276 item

300 5334 354 5399 est
381 5329 417 5399 in
443 5328 663 5419 Kawiory
690 5329 811 5401 domus
839 5350 901 5400 seu
927 5329 1050 5399 hortus
1077 5326 1182 5416 alius,
1209 5333 1350 5417 praeter
1376 5328 1441 5397 hos
1468 5326 1684 5417 praedictos,
1712 5327 1756 5398 de
1786 5348 1853 5418 quo

301 5448 450 5543 plebano
477 5449 624 5527 Sanctae
651 5449 773 5525 Annae
801 5454 837 5523 et
864 5448 1029 5527 eeclesiae
1057 5448 1203 5520 solvitur
1229 5469 1293 5541 pro
1321 5468 1426 5522 censu
1452 5470 1541 5522 unus
1567 5447 1667 5522 ferto.
