4550 6600
1696 784 1766 852 185
1857 852 1861 857 .

221 988 363 1059 solvitur
389 992 425 1059 et
452 986 656 1059 conducitur
683 984 816 1057 decima
842 986 1070 1077 manipularis
1097 990 1134 1057 et
1152 986 1330 1076 canapalis
1348 1006 1413 1076 pro
1431 988 1629 1077 praehenda
1649 988 1765 1058 Sancti

220 1109 395 1179 Laurentii
431 1109 467 1179 in
503 1107 773 1203 Gasimiria,
802 1129 889 1198 quae
917 1110 1014 1180 uuita
1041 1113 1095 1179 ast
1121 1109 1333 1179 monasterio
1360 1107 1525 1199 Corporis
1553 1111 1703 1199 Christi,
1731 1118 1767 1179 ct

220 1229 315 1301 valor
340 1230 415 1301 eius
442 1230 647 1301 aestimatur
673 1229 717 1300 ad
744 1228 863 1300 decem
890 1250 1031 1302 marcas.
1058 1229 1148 1299 Item
1174 1230 1354 1319 praedium
1382 1236 1435 1301 est
1461 1232 1510 1302 ihi
1536 1231 1697 1321 militare,
1724 1231 1767 1300 de

220 1350 313 1421 cuius
341 1350 435 1440 agris
462 1350 612 1422 solvitur
638 1350 770 1421 decima
797 1351 963 1421 ecclesiae
990 1352 1025 1421 in
1053 1348 1158 1441 Gay.

320 1469 474 1541 Bazuun
501 1491 629 1561 aaaron,
657 1470 740 1541 villa
767 1472 831 1541 suh
859 1472 1024 1560 parochia
1050 1471 1216 1541 ecclesiae
1242 1471 1285 1540 de
1313 1468 1407 1561 Gay
1433 1473 1510 1561 sita,
1529 1475 1626 1543 cuius
1644 1473 1767 1545 haeres

219 1589 408 1661 Stanislaus
435 1592 663 1681 Damhsky
689 1611 765 1661 cum
793 1591 873 1661 liliis
901 1593 972 1662 suis
999 1591 1042 1662 de
1070 1592 1171 1663 domo
1203 1592 1357 1682 Rolya.
1397 1593 1437 1661 Iu
1465 1614 1533 1684 qua
1560 1600 1641 1664 suunt
1668 1596 1770 1684 quin¹

219 1731 282 1801 que
316 1711 407 1781 lanei
444 1712 696 1801 emethonalcs,
724 1712 807 1781 item
839 1712 1024 1801 tabernae,
1052 1714 1135 1782 item
1164 1713 1358 1802 hortolani,
1386 1714 1429 1783 de
1456 1714 1581 1803 quihus
1608 1718 1767 1786 omnihus

219 1832 364 1902 solvitur
398 1837 434 1903 et
469 1832 671 1903 conducitur
707 1832 840 1903 decima
865 1816 1090 1923 manipularis
1118 1841 1154 1904 et
1181 1834 1356 1923 canapalis
1382 1855 1446 1923 pro
1473 1836 1621 1924 plebano
1650 1837 1768 1907 Sancti

219 1950 349 2024 Nicolai
377 1958 619 2024 extramuros
647 1952 901 2025 Gracovienses.
929 1954 1038 2025 Valor
1065 1955 1210 2025 duarum
1238 1976 1442 2025 marcarum.

319 2073 545 2144 Bszuczuun
571 2094 699 2163 66666666,
726 2075 811 2145 villu
837 2075 900 2146 suh
928 2075 1094 2164 parochia
1121 2074 1164 2145 de
1191 2074 1285 2165 Gay
1313 2077 1389 2165 sita,
1412 2077 1509 2147 cuius
1527 2079 1650 2149 haeres
1667 2098 1768 2167 prac-

218 2192 306 2265 16166
333 2192 529 2264 Stanislaus
555 2195 796 2285 Damhslry.
832 2194 872 2265 ln
900 2216 968 2285 qua
995 2201 1075 2265 suunt
1101 2195 1193 2265 lanei
1221 2197 1473 2286 emethonales,
1501 2199 1585 2268 item
1612 2200 1768 2287 taberna,
1868 2288 1872 2294 μ

219 2316 298 2385 item
325 2315 511 2405 hortulani,
538 2315 581 2385 de
609 2314 733 2405 quihus
761 2316 918 2387 omnibus
946 2317 1093 2386 solvitur
1116 2322 1153 2386 et
1170 2316 1374 2387 conducitur
1392 2318 1526 2387 decima
1543 2320 1769 2407 marripularis

220 2440 253 2505 et
278 2435 454 2523 canapalis
491 2456 555 2525 pro
590 2436 738 2525 plebano
772 2436 890 2508 Sancti
928 2436 1063 2507 Nicolai
1090 2443 1333 2508 extramuros
1360 2436 1618 2509 cracovienses.
1659 2438 1770 2508 Velm

221 2555 363 2627 duarum
391 2576 623 2657 marcarum„

882 2678 1098 2750 Doaszrczs.

319 2798 492 2889 Oppidum
520 2799 652 2872 hahens
679 2798 858 2870 ecclesiam
885 2800 1119 2889 parochialem
1147 2800 1182 2869 in
1211 2818 1248 2869 sa
1275 2820 1373 2872 muro
1400 2798 1613 2890 fabricatam,
1641 2768 1768 2875 Sancte

220 2921 367 2993 Johauni
396 2922 578 3010 Baptistae
605 2922 763 3009 dicatam,
791 2920 887 2990 cuius
914 2921 1111 3010 proprietas
1130 2920 1174 2990 ad
1193 2922 1450 2991 serenissimum
1468 2922 1633 2993 Poloniae
1650 2946 1768 3013 regem

221 3044 377 3133 pertinet.
414 3042 453 3113 In
482 3064 549 3132 quo
586 3049 667 3113 sunt
701 3042 848 3130 triginta
883 3062 943 3113 sex
971 3042 1061 3112 lanei
1090 3042 1359 3131 oppidanorum,
1387 3044 1429 3113 de
1456 3045 1581 3133 quihus
1609 3047 1768 3115 omrrihus

221 3163 362 3235 solvitur
391 3169 427 3233 et
444 3163 648 3234 conducitur
666 3162 799 3233 decima
816 3163 1041 3252 manipularis
1059 3183 1122 3252 pro
1142 3164 1352 3233 monasterio
1371 3163 1599 3253 Megylnensi,
1618 3172 1654 3235 et
1672 3166 1770 3235 valor

221 3284 289 3356 cius
315 3285 523 3356 aestimatur
550 3284 593 3355 ad
621 3282 861 3386 quadraginta,
888 3284 1071 3374 aliquando
1100 3283 1145 3354 ad
1172 3285 1423 3375 quinquaginta
1440 3307 1583 3356 marcas.
1610 3286 1696 3356 item
1716 3293 1770 3357 cst

223 3407 266 3476 ihi
291 3407 472 3497 praedium
500 3406 643 3494 regium,
671 3404 713 3475 de
741 3406 837 3475 cuius
865 3405 958 3494 agris
986 3406 1122 3475 noviter
1150 3407 1344 3495 extirpatis,
1372 3406 1506 3476 decima
1533 3408 1637 3477 dator
1664 3403 1770 3477 66616-

224 3527 289 3598 siae
316 3529 350 3597 iu
378 3527 691 3616 Dohschyczc.
717 3526 805 3596 Item
833 3533 915 3596 suut
942 3527 989 3597 ihi
1017 3525 1157 3615 quidam
1185 3527 1262 3616 agri
1289 3528 1325 3596 iu
1351 3528 1545 3615 moutihoS,
1575 3529 1617 3597 de
1645 3529 1770 3617 quihus

223 3647 383 3718 decimam
410 3647 660 3737 manipularem
679 3648 827 3737 percipit
845 3648 1044 3736 praehenda
1061 3644 1309 3737 Cracoviensis,
1329 3669 1417 3737 quae
1436 3655 1580 3718 vocatur
1599 3647 1771 3739 (1666666,-

223 3769 290 3839 sha.
315 3769 406 3840 Item
433 3775 487 3840 est
514 3769 563 3839 ihi
590 3768 781 3858 advocatia,
809 3768 870 3838 sed
897 3767 968 3839 noh
996 3769 1103 3838 hahet
1128 3789 1242 3855 agros.
1278 3768 1366 3837 Item
1399 3769 1546 3857 quilihet
1577 3770 1769 3857 oppidanus

224 3890 546 3980 inDohszyczc
575 3890 617 3960 de
645 3890 745 3960 laneo
771 3895 911 3959 tenetur
937 3889 1103 3959 ecclesiae
1121 3889 1485 3978 inDohschycze
1511 3889 1646 3958 solvere
1665 3911 1770 3959 unam

224 4033 413 4082 mensuram
440 4011 587 4099 siliginis
614 4015 650 4080 et
675 4031 777 4080 uuam
805 4031 944 4100 avenae,
971 4011 1106 4080 ratione
1133 4007 1294 4078 rnaschnc.
1321 4009 1407 4079 Item
1435 4011 1540 4080 hahet
1558 4011 1607 4078 ihi
1626 4010 1772 4080 ecclesia

224 4138 256 4202 et
280 4133 447 4222 plebanus
475 4152 577 4221 agros
604 4131 789 4222 speciales,
816 4152 881 4220 pro
909 4151 971 4201 suo
998 4131 1163 4221 praedio,
1191 4130 1296 4201 solvit
1321 4135 1437 4201 66666666
1466 4130 1631 4200 6166166666
1660 4131 1769 4202 marri-

223 4254 371 4343 pularem
401 4252 444 4323 de
470 4252 604 4324 duobus
631 4253 703 4323 suis
729 4252 839 4322 laneis
867 4252 1110 4341 praedialihus,
1137 4253 1348 4321 monasterio
1376 4251 1596 4341 hlogylnensi
1620 4253 1654 4321 in
1670 4251 1769 4346 porri-

120 4389 124 4398 ·
225 4371 350 4465 6166666,
378 4375 454 4446 iure
482 4375 656 4464 spirituali
683 4373 719 4444 in
746 4394 787 4443 eo
815 4373 1051 4463 conquisitam.
1088 4372 1175 4442 Item
1204 4394 1245 4442 ex
1273 4374 1521 4461 compositione
1548 4373 1708 4442 arbitrali
1736 4379 1773 4442 et

199 4503 397 4586 perpetua,
424 4497 569 4567 ecclesia
595 4501 630 4565 et
655 4495 823 4584 plebanus
850 4496 884 4564 in
912 4493 1151 4584 Droginya
1176 4516 1244 4564 66666
1263 4495 1449 4582 participat
1467 4495 1597 4583 aliquid
1616 4494 1658 4563 de
1677 4494 1771 4563 ‹leci-

226 4619 336 4715 66616
362 4618 636 4709 Dohszycze‚
664 4619 699 4686 in
728 4637 795 4706 qua
822 4637 859 4686 se
886 4615 1023 4686 dicebat
1050 4616 1103 4686 ius
1122 4615 1295 4703 hahuisse,
1314 4615 1376 4684 sed
1393 4616 1638 4685 monasterium
1657 4615 1771 4702 illogi-

227 4736 314 4808 lense
349 4739 455 4810 solvit
490 4739 522 4808 ci
558 4738 657 4808 aunis
693 4737 838 4826 singulis
874 4736 960 4807 duas
996 4757 1130 4807 marcas
1165 4743 1201 4806 66
1227 4741 1305 4807 octo
1332 4756 1512 4806 mensuras
1540 4736 1705 4824 siliginis,
1733 4741 1769 4804 et

228 4857 355 4948 integre
383 4859 549 4930 decimam
575 4858 733 4947 percipit.

324 4978 475 5068 Kanum,
503 4979 586 5049 uilla
612 4979 676 5050 sub
703 4979 868 5069 parochia
895 4977 1059 5048 ecclesiae
1087 4977 1129 5047 de
1156 4977 1426 5067 Dohszycze
1454 4979 1540 5066 sita,
1567 4977 1664 5047 666166
1690 4997 1771 5065 pro-

229 5099 350 5188 prietas
378 5100 422 5172 ad
449 5100 705 5171 serenissimum
731 5099 896 5170 Poloniae
923 5119 1041 5187 regem
1067 5098 1228 5187 pertinet.
1255 5097 1294 5168 ln
1323 5119 1391 5188 qua
1409 5104 1491 5168 suut
1509 5098 1659 5187 quinque
1678 5099 1770 5167 lanei

230 5221 471 5312 cmethonaleS,
498 5221 540 5292 de
577 5221 700 5310 quihus
728 5221 874 5292 solvitur
901 5225 937 5289 et
963 5219 1167 5289 conducitur
1193 5217 1327 5289 decima
1352 5219 1579 5307 manipularis
1607 5225 1643 5287 et
1669 5239 1772 5287 carra-

230 5342 311 5429 palis
336 5364 400 5432 pro
426 5342 637 5413 monasterio
664 5341 871 5432 Megylcnsi,
898 5345 933 5410 ct
960 5340 1057 5410 valor
1085 5341 1158 5410 cirus
1177 5340 1381 5410 aestimatur
1398 5340 1442 5409 ad
1462 5339 1611 5428 quinque
1630 5359 1772 5409 66666666.

231 5459 311 5534 16666
336 5465 514 5553 praedium
542 5463 589 5534 ibi
616 5485 684 5533 non
712 5469 774 5550 est,
801 5463 883 5531 item
910 5483 977 5532 nou
1006 5467 1087 5530 scrut
1113 5460 1341 5549 hortulaniae,
1368 5480 1479 5549 neque
1506 5462 1684 5530 tabernae.

326 5584 515 5674 Kazrusu,
541 5584 625 5655 villa
651 5583 715 5653 soh
742 5583 907 5671 parochia
934 5581 976 5652 de
1003 5582 1270 5670 Dohszycze
1298 5581 1374 5669 sita,
1403 5582 1500 5650 cuius
1518 5581 1713 5670 proprietas
1735 5587 1772 5652 ct

236 5701 413 5776 dominium
447 5705 491 5776 ad
518 5704 772 5775 serenissimum
799 5703 963 5774 Poloniae
992 5723 1107 5792 regem
1135 5703 1297 5791 pertinet.
1336 5701 1376 5772 In
1404 5708 1580 5791 quaeunt
1605 5701 1771 5772 tredecim

327 5871 374 5914 1611),
387 5871 483 5914 Beseda
495 5871 526 5914 Π.
675 5859 678 5865 ’
1569 5851 1607 5900 24
