4550 6600
1704 758 1790 890 505⁸

175 1055 178 1061 ·
223 1021 383 1092 omnibus
411 1020 479 1091 etsi
505 1019 744 1109 superioribus
780 1021 880 1091 aunis
907 1020 1041 1091 decima
1065 1021 1292 1110 manipularis
1324 1028 1361 1094 et
1388 1020 1565 1114 canapalis
1591 1024 1779 1114 parochiae

110 1234 114 1264 Ι
223 1141 496 1213 Saudomiriensi
523 1141 737 1232 solvebatur,
764 1141 912 1213 ecclesia
937 1147 1054 1213 tamen
1081 1139 1200 1212 Sancti
1226 1140 1385 1213 Mauritii
1412 1164 1455 1214 ex
1481 1140 1779 1219 Zawichosth

111 1274 112 1280 ’
222 1264 265 1346 iu,
288 1263 448 1335 Boron
474 1263 663 1353 translata,
700 1262 886 1335 Luthko
924 1263 967 1334 de
994 1262 1203 1337 Thokari
1236 1263 1462 1335 scholasticus
1488 1264 1779 1339 Saudomirieusis

222 1384 370 1455 donauit
396 1404 472 1455 eam
499 1384 686 1456 donatione
712 1390 898 1475 perpetua,
940 1384 1105 1455 ecclesiae
1145 1385 1181 1455 in
1210 1384 1389 1476 Boron,
1430 1406 1533 1476 quam
1560 1388 1780 1461 donatiouem

220 1504 492 1577 Luthkonis
527 1505 704 1577 Jobannes
731 1507 913 1595 episeopus
940 1504 1200 1597 Gracoviensis,
1228 1506 1272 1578 de
1299 1526 1468 1580 consensu
1494 1510 1656 1601 capituli,
1688 1531 1778 1585 anuo
1909 1488 1915 1495 ’

115 1605 118 1651 ἰ
221 1625 365 1704 Domini
395 1628 494 1699 1465
522 1627 756 1716 confirmauit,
782 1628 819 1697 in
846 1627 944 1698 cuius
970 1646 1229 1719 recompensam
1257 1628 1451 1719 aliqualem,
1479 1632 1585 1702 cessit

111 1825 113 1834 ¹
220 1746 394 1837 plebanus
420 1746 464 1819 de
491 1734 663 1839 Boron,
690 1726 735 1819 ad
762 1767 864 1839 quem
890 1766 934 1819 ex
961 1748 1102 1839 antiquo
1124 1749 1333 1841 polluebat,
1360 1755 1396 1822 et
1421 1750 1519 1825 valor
1546 1754 1683 1828 eiusad
1702 1761 1779 1829 octo
1845 1800 1847 1808 ,

222 1885 371 1940 marcas.

328 1989 477 2081 Kossru,
505 1990 589 2062 villa
614 1991 678 2062 sub
705 1990 872 2081 parochia
898 1990 942 2062 de
968 1990 1129 2063 Borow
1156 1992 1242 2081 sita,
1270 1992 1367 2064 cuius
1394 1994 1563 2069 haeredes
1591 2000 1778 2073 sanctimo-

111 2196 113 2203 Ι
222 2110 335 2181 niales
363 2110 673 2183 Sancti'Andreae
699 2112 743 2183 de
770 2110 1009 2183 Gracovia.
1051 2111 1093 2183 Iu
1125 2134 1194 2203 qua
1220 2112 1370 2205 quinque
1406 2115 1497 2188 lanei
1535 2120 1780 2213 cmethonales,

113 2253 122 2328 j
221 2252 295 2302 una
319 2232 486 2322 taberna,
514 2238 663 2323 quatuor
689 2232 928 2323 hortulauiae,
955 2232 1023 2303 dna
1049 2232 1265 2325 molendina,
1293 2236 1408 2307 omnia
1433 2238 1565 2311 habeut
1592 2262 1709 2335 agros,
1736 2242 1780 2316 de

119 2344 122 2377 ³
223 2354 352 2443 quibus
379 2354 513 2425 decima
538 2353 764 2445 manipularis
791 2358 827 2425 ct
852 2354 1029 2444 canapalis
1056 2354 1264 2427 scholastiae
1292 2354 1579 2453 Saudomirieusi,
1619 2369 1656 2435 et
1681 2364 1781 2437 valor

114 2465 124 2574 J
223 2474 302 2545 eius
329 2475 535 2546 aestimatur
561 2475 606 2546 ad
626 2476 785 2566 quinque
810 2496 955 2547 marcas.

330 2592 552 2687 Murscunu,
580 2616 667 2687 quae
694 2597 775 2668 olim
803 2596 1007 2689 Tnuczrua
1033 2596 1238 2690 uocabatur,
1264 2598 1348 2671 villa
1375 2600 1439 2673 sub
1467 2602 1588 2675 eadem
1615 2607 1780 2695 parochia

224 2716 272 2787 de
298 2716 460 2788 Boron
486 2718 568 2808 sita,
595 2723 631 2789 et
657 2717 760 2808 longo
787 2723 943 2807 ternpore
969 2731 1211 2808 perpessuras
1239 2718 1432 2812 desertata,
1460 2725 1556 2795 cuius
1583 2727 1780 2817 proprietas

224 2838 272 2908 ad
300 2838 577 2911 sanctimoniales
601 2838 719 2911 Sancti
738 2839 900 2911 Andreae
927 2838 971 2910 de
998 2837 1228 2911 Graeovia
1253 2842 1413 2931 pertinet.
1440 2842 1480 2914 In
1508 2866 1576 2935 qua
1602 2852 1683 2918 snut
1703 2852 1780 2919 tre-

118 3014 121 3023 .
224 2958 338 3030 decim
365 2980 440 3031 eum
467 2960 582 3032 medio
608 2960 700 3031 lauci
727 2958 1043 3049 emethonales,'de
1062 2960 1217 3050 quolibet
1234 2957 1395 3053 episcopo
1414 2962 1635 3038 Gracovieusi
1655 2967 1780 3040 ¹decem

223 3082 342 3170 grossi
366 3102 431 3172 pro
458 3082 591 3153 decima
616 3082 787 3172 pecuniali
814 3082 1005 3153 solvuntur.
1030 3080 1121 3152 item
1140 3082 1304 3153 scultetus
1318 3068 1377 3155 -e'st
1394 3084 1454 3175 ibi,
1480 3084 1612 3159 habeus
1631 3095 1781 3180 quatuor

114 3180 122 3315 ξ
222 3200 356 3293 laneos,
384 3208 420 3273 et
446 3203 489 3274 de
516 3203 668 3294 antiquis
695 3202 789 3293 agris
817 3201 921 3273 solvit
947 3201 1114 3302 decimam
1142 3202 1348 3275 scholastico
1364 3204 1656 3303 ‘Saudomirieusi,
1683 3216 1719 3281 et
1738 3210 1830 3289 dev
1945 3249 1950 3257 ·

227 3323 365 3396 duabus
391 3326 547 3396 tabernis
575 3331 611 3396 et
637 3325 681 3397 dc
707 3346 776 3396 uno
803 3322 1020 3414 molendino,
1047 3329 1084 3394 et
1110 3323 1153 3394 de
1181 3331 1330 3416 quatuor
1356 3327 1584 3421 hortulaniis,
1611 3351 1661 3422 eo,
1690 3331 1781 3422 quod

224 3445 263 3515 in
291 3445 444 3535 antiquis
471 3445 576 3518 locati
603 3451 695 3534 suut;
722 3445 765 3516 de
791 3444 890 3517 nouis
916 3465 1000 3516 uero
1027 3445 1177 3536 percipit
1204 3467 1279 3518 eam
1305 3448 1473 3538 plebanus
1500 3451 1543 3522 de
1570 3451 1738 3525 Boron.

335 3567 558 3658 Pszruquur,
585 3566 672 3638 alias
698 3565 996 3655 Posrnuzurczn,
1035 3566 1120 3637 uilla
1150 3569 1214 3640 sub
1241 3570 1406 3658 parochia
1441 3571 1484 3642 de
1510 3555 1669 3646 Borow
1705 3575 1782 3667 sita,

226 3688 326 3759 cuins
352 3689 549 3779 proprietas
584 3687 629 3759 ad
663 3687 831 3759 moniales
866 3685 985 3758 Sancti
1011 3685 1174 3758 Andreae
1208 3690 1370 3778 pertinet.
1406 3689 1455 3762 'In
1483 3713 1551 3783 qua
1592 3699 1668 3766 sunt
1704 3701 1779 3766 tres

110 3822 115 3871 ἑ
225 3809 320 3881 lanei
346 3809 596 3899 cmethouales,
632 3809 675 3880 de
703 3809 827 3899 quibus
854 3808 1003 3879 solvitur
1029 3813 1065 3878 et
1092 3807 1297 3880 conducitur
1332 3810 1464 3882 decima
1491 3815 1717 3904 manipularis
1745 3821 1781 3887 et

110 3930 112 3933 ’
226 3931 404 4022 canapalis
430 3951 494 4022 pro
522 3930 729 4002 scholastria
755 3928 1037 4018 Saudomirieusi,
1064 3929 1161 4000 cuius
1188 3929 1286 4002 valor
1312 3933 1518 4005 aestimatur
1535 3935 1581 4006 ad
1598 3940 1671 4008 tres
1689 3957 1781 4008 mar·
1817 3955 1821 3962 ·

128 4044 131 4052 ’
227 4072 299 4124 cas.
324 4052 414 4123 Item
440 4073 510 4123 nou
537 4055 591 4122 est
616 4051 668 4121 ibi
693 4049 882 4140 praedium,
908 4069 979 4120 nou
1006 4056 1088 4121 sunt
1113 4034 1295 4144 tabernae,
1322 4073 1392 4125 non
1419 4059 1500 4127 suut
1526 4057 1756 4129 hortulauiae.

335 4172 504 4264 Osruow,
530 4172 616 4244 villa
642 4172 706 4242 sub
733 4169 899 4262 parochia
926 4171 968 4242 dc
995 4170 1158 4244 Borow
1184 4173 1264 4264 situ,
1291 4174 1388 4247 cuius
1414 4179 1612 4268 proprietas
1638 4179 1682 4250 ad
1708 4199 1782 4251 mo·
1913 4171 1917 4176 ’

119 4285 136 4352 'l
228 4294 422 4367 nasterium
447 4292 567 4366 Sancti
593 4291 756 4364 Andreae
784 4293 1095 4365 sanctimonialium
1122 4294 1159 4364 in
1186 4293 1414 4368 Gracovia
1440 4299 1604 4389 pertinet.
1646 4301 1687 4371 In
1716 4321 1784 4391 qua

131 4488 134 4496 ,
230 4421 315 4488 sunt
340 4436 463 4488 novem
489 4414 582 4486 lanei
609 4406 861 4503 emethouales,
888 4413 973 4486 item
998 4434 1070 4485 una
1095 4415 1242 4486 taberna
1264 4403 1399 4490 ¹habens
1426 4439 1539 4511 agros,
1566 4422 1650 4492 item
1676 4419 1782 4492 uuum
1829 4493 1832 4499 ,

229 4537 465 4617 molendinum
491 4534 623 4608 habens
650 4555 763 4626 agros,
791 4533 833 4606 de
862 4535 986 4625 quibus
1013 4536 1171 4608 omnibus
1199 4537 1346 4610 solvitur
1363 4544 1398 4610 et
1416 4541 1619 4612 conducitur
1652 4542 1784 4613 decima

229 4659 458 4750 manipularis
476 4663 513 4729 et
530 4657 707 4748 canapalis
733 4677 798 4747 pro
817 4656 1026 4729 scholastria
1044 4655 1326 4750 Saudomirieusi,
1354 4661 1450 4732 cuius
1477 4661 1575 4734 valor
1602 4661 1646 4733 ad
1665 4662 1783 4734 decem

229 4800 367 4852 marcas
394 4780 608 4852 aestimatur·
633 4775 872 4850 Molendinum
899 4776 1015 4879 autem
1041 4777 1244 4872 praelatum,
1271 4801 1341 4852 uua
1359 4802 1436 4853 curu
1462 4783 1605 4874 piscina,
1631 4783 1784 4874 pertinet

122 4896 139 4965 ’ζ
231 4903 277 4974 ad
303 4902 554 4993 proprietatem
580 4899 783 4972 monasterii
817 4898 965 4971 fratrum
991 4899 1162 4972 minorum
1197 4901 1232 4971 iu
1259 4893 1574 5007 Zawiehosth,
1615 4910 1652 4975 et
1678 4903 1784 4976 solvit

124 5039 140 5113 ,1
231 5024 318 5096 duas
345 5028 513 5096 metretas
541 5023 693 5095 omnium
719 5021 1027 5093 emolimentorum.

134 5142 137 5151 ’
337 5143 560 5236 Murscnns,
585 5144 671 5215 alias
699 5143 894 5233 humus,
920 5141 1004 5214 nilla
1030 5143 1094 5215 sub
1123 5145 1288 5235 parochia
1315 5145 1357 5217 de
1384 5145 1545 5219 Boron
1571 5146 1657 5238 sita,
1685 5139 1783 5219 cuius

110 5261 141 5335 ;Ι
232 5265 431 5359 proprietas
458 5264 502 5337 ad
529 5265 777 5338 monasterium
809 5265 1121 5337 sanctimonialium
1149 5264 1268 5340 Sancti
1295 5265 1456 5339 Andreae
1483 5268 1526 5340 de
1553 5265 1785 5340 Gracouia

128 5397 142 5454 'r
232 5389 403 5479 pertinet,
429 5393 576 5479 propter
601 5385 797 5477 frequentia
823 5385 916 5456 bella
942 5385 1028 5457 adeo
1056 5383 1250 5480 desertata,
1277 5395 1317 5461 ut
1343 5410 1386 5461 ex
1413 5389 1496 5461 villa
1522 5389 1784 5471 heremitorium

133 5515 136 5525 '
234 5509 358 5582 effecta
383 5509 515 5582 abolito
542 5513 681 5582 uetusto
707 5507 855 5597 nomine,
881 5505 1094 5579 Mniszelr
1125 5506 1231 5580 etiam
1257 5511 1425 5582 hactenus
1452 5515 1605 5584 uocetur.
1648 5509 1689 5607 Iu
1718 5529 1786 5601 qua

234 5635 288 5704 est
314 5631 475 5705 scoltetia
500 5630 633 5704 habens
660 5634 809 5721 quatuor
835 5628 962 5720 laneos,
989 5650 1053 5719 pro
1072 5650 1135 5702 suo
1154 5630 1308 5722 praedio,
1335 5639 1371 5703 et
1398 5632 1484 5704 duas
1502 5634 1676 5723 tabernas,
1703 5631 1786 5703 item

338 5923 539 5968 man-can.
1066 5882 1071 5896 ⁸
1585 5907 1624 5959 us
