4550 6600
496 720 571 801 436

496 940 533 1007 et
558 934 656 1005 valor
683 932 757 1003 eius
783 928 988 1002 aestimatur
1014 928 1059 999 ad
1086 932 1220 1018 septem
1245 945 1389 999 marcas.
1414 922 1504 1031 item
1529 946 1600 997 oon
1626 930 1681 997 est
1702 924 1753 998 ibi
1769 924 1961 1017 praedium,
1977 946 2041 997 nou

194 1056 200 1076 ’
304 1084 308 1091 ·
348 1142 351 1153 Ι
495 1061 578 1127 sunt
603 1054 780 1143 tabernae,
807 1072 877 1123 non
904 1055 986 1121 sunt
1011 1049 1239 1123 hortulaniae.

598 1175 980 1263 Brnnnzrouowrczs,
1006 1172 1089 1243 villa
1115 1171 1180 1243 sub
1206 1169 1372 1260 parochia
1397 1168 1441 1241 do
1468 1164 1717 1243 Stroziska
1743 1169 1821 1259 sita,
1847 1169 1947 1240 cuius
1964 1167 2043 1239 hae·

494 1319 551 1370 res
587 1295 765 1368 lohannes
801 1292 1107 1383 Rithvvensky
1144 1290 1316 1363 dedomo
1343 1289 1646 1381 Accipitrum.
1686 1290 1727 1361 In
1754 1311 1822 1381 qua
1848 1294 1931 1361 sunt
1956 1288 2043 1359 lanei

494 1417 748 1507 emetbonaleS,
776 1416 818 1487 de
845 1416 969 1506 quibus
1005 1414 1153 1487 solvitur
1178 1418 1215 1485 et
1240 1411 1445 1483 conducitur
1470 1412 1603 1484 decima
1628 1411 1855 1502 manipularis
1881 1417 1918 1482 et
1945 1431 2044 1481 caua-

493 1540 582 1631 pulis
608 1560 672 1630 pro
699 1538 860 1628 episcopo
888 1533 1118 1625 cracoviensi,
1146 1533 1243 1605 cuius
1269 1533 1367 1605 valor
1388 1533 1592 1605 aestimatur
1617 1534 1662 1606 ad
1689 1537 1768 1606 octo
1787 1553 1931 1603 marcas.
1959 1531 2043 1601 Item

493 1667 547 1733 est
572 1661 622 1732 ibi
647 1659 784 1731 unicum
812 1656 992 1747 praedium
1018 1655 1178 1745 militare,
1205 1654 1249 1726 de
1276 1676 1343 1745 quo
1370 1653 1513 1745 decima,
1539 1654 1622 1728 licet
1647 1655 1724 1726 iure
1744 1654 1788 1725 ad
1805 1654 1993 1745 plebanum
2009 1653 2042 1721 in
2142 1653 2143 1656 ’

478 1780 742 1853 ¹Stro'zislra
767 1779 951 1869 pertineat,
969 1783 1123 1851 attamen
1141 1776 1312 1848 violenter
1329 1794 1393 1866 por
1409 1774 1604 1867 praelatum
1622 1775 1797 1850 dominum
1814 1775 2043 1866 Ritbwyen-

493 1902 579 1993 sky'
603 1901 721 1973 ablata
748 1905 810 1991 est,
838 1905 873 1970 et
900 1898 1110 1971 monasterio
1138 1896 1525 1969 Banschoviensi
1552 1896 1691 1970 donata

597 2020 947 2093 Brnnnzrcnovvsnn
973 2019 1129 2109 Wonm,
1156 2018 1240 2089 villa
1265 2020 1330 2091 sub
1355 2018 1522 2108 parochia
1547 2018 1591 2089 de
1618 2017 1866 2090 Strozislra
1891 2018 1971 2109 sita,
1989 2038 2043 2089 cu-

493 2142 548 2215 ius
574 2141 698 2214 haeres
725 2140 903 2214 lohannes
929 2139 1266 2231 Rithwyensky
1292 2138 1336 2210 de
1358 2138 1787 2229 armisAccipitrum.
1812 2140 1944 2230 inqua
1965 2147 2043 2211 sunt

492 2262 596 2353 lanei,
623 2263 684 2335 sed
712 2282 830 2335 omnes
857 2262 987 2333 deserti
1014 2264 1159 2352 propter
1184 2281 1295 2351 aquae
1320 2260 1511 2350 penuriam,
1537 2259 1581 2331 do
1608 2261 1733 2350 quibus
1759 2260 1894 2332 decima
1910 2260 2043 2332 trifarie

492 2385 639 2457 solvitur
666 2386 697 2456 si
724 2385 901 2472 coluntur3
927 2404 1006 2455 nam
1034 2403 1211 2473 unapars
1238 2382 1331 2454 cedit
1357 2402 1421 2473 pro
1448 2382 1610 2473 episcopo
1636 2380 1868 2472 cracoviensi,
1894 2382 1964 2453 alia
1980 2403 2041 2473 pro

490 2506 688 2601 praebenda
714 2505 912 2578 Visliciensi
940 2504 1114 2595 appellata
1140 2502 1378 2593 Stroziczska,
1404 2504 1510 2575 tertia
1535 2524 1600 2594 pro
1628 2558 1635 2573 .
1663 2559 1670 2574 .
1698 2558 1706 2573 .
1734 2559 1743 2574 .
1777 2504 1866 2575 ltem
1892 2524 1963 2574 non
1990 2509 2041 2575 est

491 2624 541 2699 ibi
567 2627 756 2718 praedium,
783 2647 894 2717 neque
921 2627 1076 2717 taberna,
1103 2647 1215 2717 neque
1241 2626 1448 2698 hortularia.

596 2748 865 2837 stzurova,
893 2747 976 2819 villa
1001 2749 1066 2820 sub
1092 2748 1260 2838 parocbia
1286 2747 1330 2819 de
1356 2745 1612 2819 Noczlrova
1637 2748 1724 2837 sita,
1751 2748 1849 2818 cuius
1875 2746 2041 2819 haeredes

491 2869 647 2960 Raphael
674 2874 710 2940 et
737 2868 884 2959 Spithko
912 2868 955 2940 de
981 2867 1004 2940 J
1014 2890 1091 2941 aro
1104 2870 1222 2941 slav.
1249 2868 1289 2940 In
1318 2890 1386 2959 qua
1412 2874 1495 2940 suut
1520 2869 1612 2941 lanei
1639 2868 1883 2957 emetbonales,
1906 2868 1951 2939 de
1970 2870 2042 2958 qui·

491 2990 556 3063 bus
583 2990 732 3063 solvitur
768 2989 901 3062 decima
927 2990 1117 3080 pecunialis
1144 2990 1311 3061 ecclesiae
1337 2990 1373 3061 iu
1401 2988 1665 3081 Stroziska,
1692 2989 1736 3061 de
1763 2990 1918 3080 quolibet
1945 2990 2042 3060 laneo

493 3132 557 3201 per
583 3111 762 3183 fertonem.
1818 3117 1826 3127 ·

596 3228 737 3324 coanv,
764 3230 848 3304 uilla
873 3232 938 3304 sub
964 3230 1130 3324 parochia
1156 3230 1200 3304 de
1227 3229 1475 3304 Stroziska
1500 3232 1582 3323 sita,
1608 3232 1704 3306 cuius
1723 3232 1847 3304 haeres
1865 3231 2040 3306 lohannes

492 3350 535 3424 de
561 3351 824 3444 Rithwyani
849 3355 1024 3444 palatinus
1042 3352 1283 3426 cracoviensis
1301 3353 1345 3426 de
1363 3353 1465 3427 domo
1483 3353 1789 3445 Accipitrum.
1815 3353 1858 3424 ln
1876 3375 1947 3445 qna
1964 3361 2041 3426 sunt

492 3473 609 3546 decem
637 3480 672 3545 et
699 3478 776 3546 octo
803 3473 894 3546 lanei
922 3474 1165 3566 cmethonales,
1192 3474 1326 3547 inclusa
1351 3474 1509 3567 taberna,
1538 3495 1629 3566 quae
1656 3475 1738 3547 colit
1764 3497 1872 3547 unum
1897 3475 2041 3566 laneum,

491 3591 534 3666 de
562 3595 687 3686 quibus
714 3594 862 3668 solvitur
888 3601 924 3667 et
942 3595 1144 3670 conducitur
1162 3596 1298 3670 decima
1314 3596 1539 3688 manipularis
1556 3603 1594 3668 et
1610 3597 1797 3688 canapalis,
1817 3618 1907 3688 quae
1925 3598 2038 3687 appel-

489 3715 583 3786 latur
611 3713 839 3807 Stroziczska,
865 3721 902 3788 et
928 3716 1026 3789 valor
1053 3717 1128 3789 eius
1155 3717 1358 3789 aestimatur
1384 3716 1430 3788 ad
1457 3717 1652 3808 quindecim
1678 3737 1821 3790 marcas.
1858 3717 1949 3788 Item
1974 3740 2039 3789 non

489 3841 544 3909 est
569 3836 618 3908 ibi
645 3837 833 3928 praedium,
851 3857 920 3909 non
939 3842 1020 3910 sunt
1036 3836 1267 3930 hortulauiae,
1286 3839 1396 3910 solum
1414 3839 1583 3929 plebanus
1601 3839 1645 3912 de
1663 3837 1914 3912 Stroziska
1938 3839 2040 3914 habet

488 3957 538 4028 ibi
564 3956 862 4030 columbationem.

593 4076 829 4168 Sozrrunuur,
857 4077 941 4151 villa
958 4080 1022 4154 sub
1040 4079 1207 4171 parocbia
1224 4080 1268 4152 de
1286 4079 1535 4154 Stroziska
1562 4081 1639 4174 sita,
1657 4081 1754 4154 cuius
1771 4083 1896 4154 haeres
1913 4080 2040 4155 loban-

488 4213 549 4267 nes
575 4193 950 4292 Mlodzyeowsky
977 4201 1020 4273 de
1047 4202 1153 4274 armis
1180 4200 1424 4293 Starykon.
1449 4201 1490 4274 ln
1517 4210 1695 4295 quaeunt
1721 4204 1814 4276 lanei
1841 4205 2036 4277 emetbona-

487 4313 554 4408 les,
583 4318 627 4389 de
654 4320 779 4410 quibus
815 4319 963 4394 solvitur
990 4329 1027 4394 et
1053 4323 1275 4415 conducitur,
1302 4323 1436 4396 decima
1462 4325 1688 4417 manipularis
1714 4331 1751 4396 et
1776 4325 1954 4416 canapalis
1978 4347 2038 4416 pro

486 4437 632 4510 ecclesia
657 4441 693 4511 in
720 4441 960 4533 Boleslaw,
988 4445 1085 4517 cuius
1112 4446 1211 4519 valor
1236 4446 1441 4518 aestimatur
1467 4446 1513 4518 ad
1540 4453 1690 4539 quatuor
1707 4467 1853 4520 marcas.
1879 4449 1968 4519 Item
1985 4453 2036 4518 est

487 4555 536 4630 ibi
570 4561 751 4651 praedium
787 4563 955 4654 militare,
982 4565 1026 4636 de
1061 4567 1160 4638 cuius
1194 4566 1289 4657 agris
1325 4567 1475 4641 solvitur
1499 4569 1634 4642 decima
1659 4568 1827 4642 ecclesiae
1853 4569 1891 4640 in
1917 4568 2037 4641 Str-o·

486 4681 629 4773 ziska,
656 4689 693 4756 et
719 4683 818 4756 valor
844 4686 919 4758 eius
946 4687 1152 4760 aestimatur
1178 4688 1224 4759 ad
1251 4743 1259 4758 .
1286 4741 1295 4759 .
1322 4743 1329 4759 .
1365 4688 1454 4760 Item
1481 4695 1536 4762 est
1561 4690 1612 4763 ibi
1637 4691 1786 4763 taberna
1812 4711 1884 4762 nna
1909 4691 2037 4763 babens

427 4871 434 4880 .
486 4820 631 4892 agros„
951 4825 953 4830 ·

588 4922 770 5016 Zoeflovv,
798 4924 961 5018 oppiduim
987 4930 1120 5004 habens
1146 4930 1184 5002 in
1212 4952 1250 5004 se
1277 4930 1457 5004 ecclesiam
1482 4931 1734 5024 parochialem,
1762 4931 1892 5004 Sancto
1919 4927 2035 5004 Marco

484 5037 731 5134 Evangelistae
758 5047 1063 5122 dicatam...Item
1090 5051 1261 5141 plebanus
1287 5053 1324 5122 in
1342 5053 1593 5125 Stroziska
1617 5054 1712 5125 tollit
1738 5053 1906 5125 decimam
1931 5055 2035 5126 mani-

483 5165 639 5254 pularem
675 5173 711 5237 ot
746 5168 947 5260 canapalem
974 5191 1038 5262 pro
1065 5193 1118 5262 se,
1146 5180 1228 5263 post
1253 5174 1448 5264 praefatum
1475 5175 1638 5266 oppidum
1665 5175 1875 5266 Zocbovv,
1900 5181 1936 5246 et
1961 5180 2034 5265 post

483 5283 695 5377 suburbium,
722 5293 759 5358 et
784 5295 865 5380 post
890 5291 1007 5362 villam
1034 5289 1220 5384 Grabye
1247 5296 1445 5385 contiguam
1473 5296 1658 5368 suburbio·

587 5405 837 5501 Szrnnnrnm,
865 5412 948 5484 villa
974 5413 1038 5485 sub
1065 5415 1245 5504 parocbia·
1261 5415 1305 5486 de
1332 5469 1340 5486 .
1367 5471 1375 5486 .
1402 5471 1410 5486 .
1437 5471 1445 5487 .
1473 5419 1560 5508 sita,
1587 5418 1684 5489 ouius
1712 5418 1840 5488 haeres
1863 5415 2032 5488 Martinus

447 5569 452 5578 κ
482 5521 812 5620 Sopichowsky
848 5531 891 5604 de
927 5535 1033 5604 armis
1059 5533 1368 5627 Polukoszya
1406 5537 1448 5609 In
1476 5559 1546 5629 qua
1572 5545 1654 5609 sunt
1679 5538 1770 5610 lanei
1797 5539 2032 5625 emetbonales,

482 5642 525 5718 de
551 5645 676 5744 quibps
702 5649 851 5724 solvitur
877 5658 914 5724 et
940 5655 1146 5728 conducitur
1163 5657 1298 5738 decima
1315 5657 1544 5751 manipularis
1561 5666 1599 5734 et
1616 5660 1791 5750 canapalis
1809 5681 1875 5751 pro
1894 5659 2031 5733 ecelesia
