4550 6600
440 774 449 783 ·
479 746 552 823 462

478 957 707 1048 Magdaleuae
735 956 903 1047 dicatam,
944 956 1041 1044 cuius
1068 958 1266 1047 proprietas
1293 961 1330 1027 et
1356 955 1496 1032 collatio
1516 955 1571 1029 ad
1597 956 1797 1047 episcopum
1823 955 2039 1028 Gracorieu-

478 1100 549 1151 sem
576 1078 739 1169 pertinet.
766 1078 805 1149 In
835 1099 903 1169 qua
930 1085 1011 1150 sunt
1038 1078 1155 1151 decem
1173 1084 1210 1149 et
1228 1084 1360 1169 septem
1387 1078 1490 1169 lanei,
1517 1080 1631 1150 minus
1657 1078 1772 1151 tribus
1799 1079 1918 1169 virgis,
1947 1097 2041 1149 eme

477 1200 652 1291 thonales,
689 1201 731 1271 de
759 1201 885 1291 quibus
913 1201 1061 1273 solvitur
1089 1206 1124 1271 et
1151 1201 1355 1273 conducitur
1382 1200 1516 1273 decima
1542 1202 1769 1292 manipularis
1796 1206 1833 1272 et
1859 1200 2040 1290 cauupalis

475 1343 540 1412 pro
568 1322 772 1413 episcopatu
799 1320 1030 1427 cracoviensi,
1057 1322 1093 1393 in
1123 1322 1287 1394 horreum
1314 1323 1522 1413 episcopale,
1549 1323 1647 1394 cuius
1674 1323 1774 1393 valor
1799 1322 1925 1413 viginti
1944 1342 2041 1391 mar-

479 1466 607 1515 carum.
633 1445 721 1516 Item
740 1445 885 1517 ecclesia
911 1443 1068 1535 praefata
1085 1444 1194 1516 babet
1212 1465 1315 1535 agros
1342 1446 1453 1535 bonos
1480 1450 1516 1517 et
1533 1450 1635 1536 prata
1661 1444 1880 1534 sufficientia,
1906 1444 2043 1513 liberos

478 1587 500 1639 a
527 1566 668 1643 decima.
707 1567 796 1637 Item
822 1567 930 1639 habet
957 1550 1060 1638 unam
1087 1567 1269 1639 tabernam
1297 1568 1333 1639 in
1360 1568 1482 1639 eadem
1508 1567 1610 1658 villa,
1637 1567 1823 1639 trahentem
1850 1585 1968 1656 agroS,
1995 1564 2042 1635 de

480 1709 548 1779 qua
575 1688 740 1761 ecclesiae
767 1688 915 1761 solvitur
940 1710 1004 1779 pro
1033 1708 1140 1760 censu
1166 1709 1293 1760 marra.
1328 1689 1417 1761 Item
1444 1695 1499 1761 est
1525 1690 1575 1762 ibi
1602 1688 1762 1761 scoltetia
1786 1688 1920 1760 habens
1950 1686 2041 1757 duos

477 1810 598 1883 laneos
633 1810 783 1903 liberos,
823 1811 1020 1903 dequibus
1056 1810 1205 1883 solvitur
1241 1812 1376 1885 decima
1400 1811 1626 1903 manipularis
1662 1811 1812 1902 plebano
1848 1810 1885 1880 in
1911 1810 2041 1881 Dam-

476 1932 641 2037 broua.

583 2055 717 2147 Pssnr,
756 2035 840 2127 villa
867 2057 930 2129 sub
958 2059 1123 2148 parocbia
1150 2057 1317 2129 ecclesiae
1343 2056 1388 2129 de
1413 2055 1684 2129 Dambrowa
1710 2056 1796 2146 sita,
1827 2054 1925 2127 cuius
1952 2073 2039 2143 pro-

480 2178 611 2268 prietas
648 2178 693 2250 ad
719 2178 955 2269 episcopatum
983 2178 1246 2252 Gracovieusem
1281 2180 1443 2270 pertinet.
1487 2178 1529 2250 In
1556 2198 1625 2271 qua
1651 2184 1733 2250 suut
1765 2176 1916 2249 sedecim
1942 2175 2038 2247 lauei

481 2301 734 2397 cmethonaleS,
772 2300 814 2372 de
843 2302 967 2393 quibus
994 2303 1155 2375 omnibus
1182 2302 1329 2375 solvitur
1355 2307 1392 2372 et
1418 2300 1622 2373 conducitur
1648 2300 1783 2371 decima
1808 2298 2039 2389 manipularis

481 2418 517 2492 et
544 2402 720 2513 canapalis
739 2424 953 2515 episcopatui
973 2422 1204 2496 Cracoviensi.
1230 2425 1319 2495 Item
1338 2427 1393 2495 est
1411 2423 1460 2494 ibi
1478 2422 1641 2495 scoltetia
1657 2422 1792 2494 habens
1809 2422 1898 2493 duos
1914 2421 2038 2491 laneos

481 2543 619 2635 liberos,
647 2552 684 2620 et
710 2566 813 2631 unam
840 2527 1021 2617 tabernam
1049 2546 1194 2618 liberam
1221 2546 1409 2617 habentem
1436 2565 1548 2636 agros,
1575 2544 1762 2636 dequibus
1789 2543 1949 2637 omnibus
1967 2541 2039 2613 sol·

481 2666 577 2738 uitur
604 2666 736 2739 decima
762 2667 988 2760 manipularis
1015 2689 1079 2759 pro
1107 2668 1253 2741 ecclesia
1279 2669 1314 2739 in
1341 2668 1621 2741 Dambrowa.

1070 2913 1449 3012 Szwrnnrunmauzn.
1568 2966 1572 2972 ·

585 3034 681 3109 Villa
706 3034 837 3107 habens
865 3035 1043 3116 ecclesiam
1071 3036 1323 3127 parochialem,
1350 3056 1372 3107 a
1397 3034 1630 3107 fundamentis
1658 3033 1796 3125 quidem
1823 3053 1923 3105 muro
1950 3032 2039 3122 lapi-

483 3158 548 3229 deo
575 3178 638 3247 per
665 3156 932 3247 Boguchwalnm
960 3158 1182 3248 Rogalam
1217 3159 1457 3249 praepositum
1473 3157 1716 3249 Kyelcieusem
1743 3161 1904 3245 erectam,
1930 3154 2058 3226 semi-¹

482 3279 635 3372 plenam,
663 3279 717 3362 vel
746 3279 1006 3372 incompletam,
1047 3286 1083 3352 et
1110 3280 1189 3354 ideo
1218 3282 1253 3354 iu
1280 3280 1464 3372 superficie
1490 3280 1658 3371 ligneam,
1694 3279 1868 3370 gloriosae
1895 3276 2037 3367 Virgini

482 3401 616 3472 Mariae
644 3401 802 3474 dicatam.
828 3400 984 3473 nticula
1013 3407 1128 3476 autem
1155 3403 1322 3475 ecclesiae
1339 3401 1529 3494 praelatae,
1556 3403 1640 3474 villa
1665 3399 2038 3492 Szwyautbarna·
2076 3459 2080 3466 .

483 3543 561 3594 rza
588 3522 899 3596 denominationem
926 3525 1106 3616 accepite
1132 3525 1246 3616 vulgo,
1274 3525 1366 3616 quod
1393 3524 1529 3598 ruditcr
1554 3525 1591 3596 iu
1617 3523 1808 3616 primordio
1834 3521 1932 3612 fidei,
1958 3521 2035 3611 glo-

482 3646 611 3718 riosam
638 3645 818 3736 Virginem
846 3645 1281 3739 Szwyanthamarza
1306 3648 1539 3738 appellabant
1579 3647 1677 3719 cuius
1703 3645 1806 3717 villae
1833 3643 2032 3735 proprietas

483 3774 519 3840 et
545 3767 733 3840 dominium
751 3767 795 3840 ad
814 3768 1051 3859 praepositum
1077 3766 1319 3860 Kyelciensem
1345 3770 1501 3859 pertinet
1525 3789 1589 3859 pro
1607 3788 1677 3839 una
1702 3773 1813 3858 parte,
1839 3785 1905 3855 pro
1923 3765 2036 3836 altera

483 3910 566 3962 vero
594 3889 639 3960 ad
666 3890 865 3982 episcopum
892 3889 1165 3964 Oracovieusem.
1191 3891 1232 3962 Iu
1260 3911 1329 3982 qua
1355 3897 1438 3964 suut
1462 3896 1535 3962 tres
1561 3888 1799 3979 hortulaniae,
1824 3909 1890 3978 pro
1917 3886 2037 3960 eadem

484 4011 726 4102 praepositura
751 4013 976 4104 pertinentes,
1005 4013 1047 4086 de
1067 4033 1213 4104 quorum
1239 4013 1335 4104 agris
1362 4013 1465 4084 datur
1483 4013 1616 4084 decima
1632 4011 1897 4102 praepositurae
1915 4008 2037 4080 eidem.

484 4133 571 4202 Item
598 4133 647 4204 ibi
674 4140 756 4204 sunt
780 4133 873 4206 lanei
899 4134 1153 4227 cmethonales,
1193 4135 1236 4207 de
1263 4135 1389 4228 quibus
1424 4135 1572 4208 solvitur
1598 4140 1635 4206 et
1661 4131 1869 4206 conducitur
1904 4131 2037 4202 decima

486 4254 710 4346 manipularis
738 4262 773 4327 et
799 4257 974 4349 cenapolis
1002 4258 1038 4330 in
1066 4257 1512 4348 Szwyantbomarza
1538 4257 1628 4328 Item
1650 4249 1833 4330 babet‘ibi
1860 4253 2037 4344 episcopa-

485 4382 543 4448 tus
570 4375 810 4450 (lracoviensis
838 4384 986 4470 quatuor
1012 4380 1231 4461 hortulanias
1258 4384 1293 4452 et
1318 4400 1422 4451 uuam
1449 4380 1650 4469 tabernam,
1675 4378 1846 4450 babentes
1872 4395 1977 4466 agros
2002 4379 2037 4444 et

485 4503 597 4592 prata,
625 4499 668 4572 de
696 4500 821 4591 quibus
848 4501 996 4574 solvitur
1023 4502 1157 4574 decima
1182 4496 1409 4593 manipularis
1435 4500 1650 4593 episcopatui
1676 4498 1909 4572 Gracovieusi.

591 4620 795 4714 Sassuram,
830 4623 915 4695 villa
942 4624 1006 4697 snb
1033 4625 1201 4716 parocbia
1226 4620 1393 4696 ecclesiae
1419 4622 1463 4694 de
1489 4622 1935 4714 Szwyanthamarza
1961 4618 2036 4708 sita,

485 4744 583 4830 cuius
609 4746 806 4837 proprietas
833 4746 878 4818 ad
905 4746 1143 4838 episcopatum
1169 4744 1433 4822 Oraooviensem
1459 4745 1621 4836 pertinet.
1648 4744 1689 4814 lu
1716 4763 1786 4835 qua
1812 4747 1894 4814 sunt
1920 4740 2035 4812 decem

485 4867 577 4940 lanei
605 4867 847 4970 cmetbonales,
874 4873 911 4942 et
938 4869 980 4940 de
1007 4889 1130 4953 noveru
1158 4868 1297 4961 quidem
1323 4867 1447 4958 laneis,
1474 4867 1624 4939 solvitur
1650 4865 1785 4939 decima
1810 4863 2034 4955 manipularis

446 5021 450 5030 ·
487 4990 652 5062 ecclesiae
677 4990 869 5082 parochiali
895 4990 932 5062 in
958 4989 1198 5082 Krzynlry,
1225 4989 1269 5063 do
1286 5010 1356 5062 nno
1374 5010 1457 5062 vero
1483 4989 1595 5080 laneo,
1622 4986 1683 5080 qui
1700 4992 1755 5060 est
1782 4986 1945 5076 decimus,
1972 4983 2037 5054 sol·

488 5113 583 5186 nitur
610 5112 774 5184 ecclesiae
792 5111 993 5204 'parochiali
1020 5112 1056 5184 in
1083 5110 1528 5203 Szwyautbamarza
1567 5110 1658 5184 Item
1684 5129 1754 5182 non
1780 5114 1837 5180 est
1862 5107 1912 5180 ibi
1938 5126 2036 5198 prae·

489 5234 593 5326 diurn,
620 5255 732 5326 neque
760 5234 928 5308 scoltetia.
1536 5309 1540 5317 ,

594 5353 815 5448 Sonmznwr,
842 5355 925 5428 villa
952 5355 1016 5428 sub
1043 5355 1210 5447 parocbia
1235 5355 1279 5427 de
1306 5354 1713 5447 Swyautbamarza
1739 5353 1817 5444 sita,
1844 5353 1941 5425 cuius
1956 5371 2037 5441 pro-

489 5477 621 5566 pristas
648 5478 692 5548 ad
719 5479 955 5570 episcopatum
993 5475 1255 5551 Cracoviensem
1290 5478 1454 5568 pertinet.
1497 5477 1538 5549 In
1565 5498 1634 5567 qua
1661 5481 1742 5548 sunt
1773 5474 1922 5548 sedecim
1947 5472 2035 5544 lanei

490 5599 733 5691 cmethonales,
760 5601 844 5672 item
872 5599 1032 5672 scoltetia
1058 5600 1191 5672 babens
1217 5599 1304 5672 duos
1330 5600 1451 5672 laneos
1478 5599 1627 5689 liberos,
1653 5603 1690 5669 et
1716 5617 1820 5670 unam
1846 5596 2032 5682 tabernam,

491 5717 534 5790 de
563 5719 688 5809 quibus
714 5721 839 5792 solutio
868 5720 1018 5792 decimae
1045 5721 1283 5812 manipularis
1298 5721 1555 5795 diversificatur
1581 5718 1737 5811 quolibet
1763 5739 1865 5806 anno;
1890 5737 1966 5788 nam
1992 5715 2032 5785 de
