4550 6600
508 746 581 819 160

502 952 722 1023 hortudaniae
749 950 853 1022 etiam
871 949 1050 1041 antiquae,
1077 955 1113 1021 et
1130 972 1201 1023 una
1217 951 1365 1023 taberna
1383 950 1466 1021 olim
1483 950 1660 1040 militaris,
1687 949 1731 1021 de
1750 949 1877 1041 quibus
1895 950 2050 1021 omnibus

503 1072 666 1143 ecclesiae
692 1071 840 1144 solvitur
866 1072 903 1142 in
928 1071 1187 1162 Igolomya,
1214 1078 1251 1143 et
1275 1072 1375 1143 valor
1401 1072 1477 1142 eius
1503 1072 1707 1142 aestimatur
1732 1071 1778 1141 ad
1805 1077 1884 1142 octo
1911 1091 2052 1142 marcas

503 1191 591 1263 Item
619 1198 673 1263 est
699 1193 749 1265 ibi
775 1214 881 1264 unum
907 1192 1087 1284 praedium
1115 1192 1329 1283 coenobiale,
1355 1192 1399 1263 de
1417 1213 1485 1283 quo
1512 1212 1581 1263 non
1608 1192 1757 1280 soluitur
1782 1192 1886 1263 alicui
1912 1191 2051 1281 decima,
2155 1183 2156 1190 '

503 1312 566 1384 sed
592 1315 795 1385 coenobium
821 1314 933 1411 ipsam
959 1335 1022 1405 pro
1051 1334 1088 1385 se
1114 1314 1273 1404 percipit

608 1433 772 1524 Sannum,
799 1434 883 1505 villa
902 1435 966 1505 sub
993 1434 1161 1524 parochia
1187 1434 1230 1505 de
1257 1434 1497 1525 Igalomya
1522 1436 1605 1524 sita,
1631 1435 1729 1507 cuius
1754 1434 1925 1507 haeredes
1951 1432 2052 1505 Nico

365 1596 371 1608 ·
501 1554 578 1625 laus
604 1553 889 1646 Polanouslry,
923 1554 1049 1627 Petrus
1076 1560 1113 1626 et
1139 1554 1333 1627 Stanislaus
1360 1554 1562 1645 Sarbsczy
1588 1560 1624 1626 et
1649 1554 1776 1626 Petrus
1812 1554 2051 1645 Slupowskp

474 1674 546 1745 'de
564 1676 670 1746 armis
696 1675 985 1767 Bippennium,
1011 1676 1180 1747 habentes
1199 1681 1349 1766 quatuor
1362 1676 1528 1766 praedia,
1556 1676 1640 1747 item
1659 1676 1810 1766 quinque
1835 1676 2050 1746 hortulaniae

501 1795 670 1868 habentes
696 1818 814 1887 agros,
841 1796 1027 1887 dequibus
1055 1797 1213 1868 omnibus
1241 1798 1388 1869 solvitur
1415 1797 1548 1868 decima
1572 1797 1801 1887 manipularis
1826 1818 1891 1886 pro
1909 1796 2052 1867 ecelesia

385 2014 389 2021 Ι
502 1922 538 1988 et
556 1918 703 2007 plebano
730 1918 766 1988 in
792 1918 1044 2008 Igolomya,
1072 1922 1109 1988 et
1134 1916 1234 1989 valor
1260 1918 1334 1988 eius
1361 1918 1406 1987 ad
1428 1918 1547 1989 decem
1573 1923 1610 1989 et
1627 1924 1761 2008 septem
1785 1938 1920 1989 marcas
1947 1917 2050 1987 aesti-

502 2043 625 2109 matur.
661 2039 749 2109 Item
767 2044 849 2109 sunt
866 2039 916 2109 ibi
942 2038 1010 2109 duo
1028 2038 1120 2108 lanei
1138 2038 1391 2128 cmetbonaleS,
1419 2038 1462 2108 de
1481 2039 1605 2129 quibus
1628 2040 1777 2111 solvitur
1794 2045 1831 2110 et
1847 2039 2050 2111 conducitur

501 2158 635 2229 decima
660 2159 885 2249 manipularis
913 2163 948 2229 et
966 2158 1142 2249 canapalis
1168 2180 1232 2250 pro
1251 2160 1461 2233 monasterio
1488 2160 1524 2231 in
1543 2160 1722 2233 Brzesko
1749 2162 1836 2233 alias
1862 2161 1900 2231 in
1928 2158 2050 2232 Cbeb

503 2278 597 2369 dou,
624 2280 784 2352 etvalor
811 2281 885 2351 eius
911 2280 956 2351 ad

606 2401 876 2493 Daonpsenow,
903 2402 987 2473 villa
1013 2402 1076 2473 sub
1099 2402 1265 2491 parochia
1290 2403 1333 2473 de
1359 2402 1599 2493 igolomya
1624 2404 1712 2492 sita,
1740 2402 1838 2474 cuius
1855 2401 2050 2492 proprietas

502 2522 547 2593 ad
564 2523 812 2595 monasterium
831 2522 874 2593 de
892 2522 1037 2614 Stany
1048 2545 1101 2595 an
1111 2528 1127 2594 t
1137 2523 1227 2613 hky
1244 2525 1407 2613 pertinet
1437 2523 1479 2594 In
1497 2544 1565 2614 qua
1582 2529 1666 2595 sunt
1682 2523 1945 2614 quatuordecim
1961 2523 2051 2593 lanei

503 2644 753 2734 emethonales,
788 2644 872 2715 item
906 2644 1126 2715 hortulaniae
1163 2649 1314 2734 septem,
1349 2646 1515 2715 tabernae
1550 2644 1639 2715 duae
1665 2645 1833 2715 habentes
1860 2664 1985 2733 agros,
2011 2642 2050 2713 de

501 2764 626 2855 quibus
653 2766 810 2837 amnibus
838 2766 984 2836 solvitur
1019 2771 1055 2837 et
1082 2766 1285 2837 conducitur
1312 2765 1445 2837 decima
1469 2765 1697 2855 manipularis
1723 2770 1760 2836 et
1786 2764 1965 2855 canapalis
1991 2784 2051 2853 pro

500 2886 819 2957 sanctimonialibus
846 2887 882 2958 in
910 2885 1245 2977 Stanyanthki,
1272 2886 1369 2956 cuius
1395 2886 1494 2957 valor
1529 2887 1735 2958 aestimatur
1770 2886 1931 2957 ad
1965 2884 2052 2955 Item

501 3006 549 3077 ibi
576 3028 682 3078 unum
708 3006 888 3097 praedium
916 3008 1122 3097 coenobiale,
1150 3007 1194 3077 de
1221 3027 1288 3097 quo
1315 3007 1402 3077 nulli
1428 3006 1595 3096 decimat,
1622 3006 1684 3077 sed
1710 3027 1786 3077 eam
1812 3026 1876 3095 pro
1895 3026 1935 3076 se
1960 3004 2050 3075 tollit

476 3132 538 3198 ·et
565 3128 600 3198 in
626 3128 791 3199 borreum
818 3149 916 3199 suum
944 3128 1048 3199 ducit.

995 3389 1238 3474 Praebenda
1272 3395 1311 3473 in
1346 3392 1556 3498 lpolomya

447 3640 450 3646 ·
500 3611 607 3686 habet
640 3632 704 3704 pro
739 3610 845 3686 fundo
881 3613 967 3685 duas
1003 3615 1168 3686 tabernas
1204 3615 1332 3687 ibidem
1368 3614 1404 3684 in
1438 3613 1697 3704 igolomya,
1741 3618 1778 3684 et
1812 3613 1856 3684 de
1897 3613 2050 3703 qualibet
2155 3654 2156 3661 κ

500 3734 567 3806 sibi
594 3735 775 3808 solvuntur
802 3736 891 3807 duae
917 3757 1072 3828 marcae,
1110 3737 1307 3827 dequibus
1343 3735 1447 3806 solvit
1480 3735 1628 3806 mediam
1663 3754 1815 3805 marcam
1850 3735 2051 3806 vicariisin

499 3855 724 3950 Igolomya,
753 3859 811 3948 qui
829 3863 938 3949 agunt
955 3879 1019 3948 pro
1039 3858 1251 3949 quibuslibet
1269 3862 1419 3948 quatuor
1446 3857 1662 3947 temporibus
1690 3861 1829 3928 cantum
1855 3856 2052 3946 vigiliarum

499 3983 536 4048 et
561 3999 665 4050 unam
691 3980 829 4050 missam
858 3981 893 4049 in
921 3985 1043 4069 cantu,
1078 3999 1143 4069 pro
1178 3979 1422 4051 fundatoribus
1450 3983 1486 4049 et
1511 3976 1788 4050 benefactoribus
1823 3977 1992 4050 eeclesiae
2017 3977 2051 4047 in
2108 4008 2114 4012 ·

499 4097 751 4188 Igolomya:
787 4100 870 4168 item
896 4100 1003 4170 habet
1029 4099 1303 4188 praebendarius
1340 4100 1478 4170 domum
1508 4101 1636 4170 bonam
1662 4119 1727 4189 pro
1754 4119 1818 4170 sua
1842 4099 2050 4188 praebenda,

498 4218 581 4288 item
609 4219 717 4288 habet
744 4218 910 4289 decimam
937 4218 1150 4308 praedialem
1169 4221 1203 4290 in
1223 4217 1449 4312 GlewyecZ,
1476 4220 1690 4292 cuius-valor
1708 4220 1872 4292 adunam
1899 4240 2049 4290 marcam

498 4339 720 4410 aestimatur:
755 4340 839 4410 item
864 4344 960 4410 tenet
994 4341 1160 4412 vicarium
1197 4343 1233 4411 in
1259 4341 1497 4433 lgolomya
1531 4347 1676 4433 propter
1709 4342 1916 4414 tenuitatem
1952 4360 2051 4430 prae-
2106 4343 2113 4360 '

497 4460 647 4551 bendae,
676 4466 712 4532 et
738 4461 905 4550 plebanus
929 4461 1033 4534 solvit
1051 4462 1118 4534 sibi
1136 4463 1223 4534 eluas
1241 4460 1481 4540 tantummodo
1500 4483 1653 4553 marcas,
1681 4463 1759 4534 aliis
1776 4467 1892 4534 autem
1911 4462 2050 4533 vicariis

497 4583 602 4654 solvit
629 4604 691 4674 per
724 4586 872 4674 quatuor
899 4603 1042 4654 marcas.

601 4704 801 4776 Notandum
828 4709 943 4776 autem
971 4704 1062 4794 quod
1089 4704 1269 4776 eeclesiam
1295 4704 1486 4797 praelatam
1513 4706 1549 4776 in
1575 4705 1827 4796 Igolomya,
1854 4724 1933 4775 cnm
1960 4709 2051 4775 esset

495 4823 612 4915 lignea
625 4825 843 4924 aprimordio
858 4847 941 4897 suae
949 4809 1170 4917 fundationis,
1185 4848 1289 4898 senex
1303 4833 1338 4898 et
1347 4827 1498 4917 putrida,
1507 4827 1674 4916 magister
1691 4825 2050 4898 Szwanthoszlaus

497 4945 725 5020 decretorum·
743 4948 872 5039 doctor,
899 4953 983 5022 tuuc
1009 4948 1083 5019 eius
1110 4949 1287 5038 plebanus
1315 4948 1442 5019 nobilis
1461 4953 1508 5036 ‚ut
1532 4947 1645 5018 fertur
1670 4965 1798 5037 genere
1823 4946 1989 5018 dedomo
2014 4951 2050 5015 et

494 5068 628 5140 familia
654 5069 839 5161 Prussy,
867 5070 979 5161 ipsam
1006 5089 1096 5141 anno
1123 5069 1264 5141 Domini
1295 5070 1392 5140 1385
1421 5089 1520 5140 muro
1548 5068 1663 5140 coctili
1689 5066 1886 5157 fabricavit,
1912 5066 1951 5139 et'
1976 5067 2050 5157 plu·

495 5192 594 5264 ribus
621 5191 831 5264 ornamentis
867 5191 1010 5281 extulit,
1047 5191 1246 5281 opulentam
1281 5190 1474 5262 mercedem
1502 5211 1523 5260 a
1549 5189 1710 5262 clementi
1735 5188 1810 5259 Deo
1838 5193 2050 5279 recepturus.

455 5373 458 5383 .
496 5311 561 5399 Qui
589 5320 700 5384 morte
728 5335 795 5384 non
822 5313 959 5403 vulgari
987 5312 1156 5403 concidit3
1184 5313 1266 5383 dum
1292 5314 1384 5384 enim
1411 5312 1455 5382 ad
1479 5313 1622 5385 senilem
1648 5315 1798 5382 aetatem
1823 5311 2049 5400 pervenisset,

495 5436 531 5502 et
557 5433 737 5522 caliginem
765 5435 968 5505 incurrisset
995 5435 1182 5524 oculorum,
1210 5434 1353 5505 sedebat
1379 5434 1415 5503 in
1443 5433 1594 5504 stubella
1619 5433 1779 5521 privata,
1806 5431 1911 5521 solus,
1938 5431 2048 5502 nullos

495 5551 627 5623 habens
655 5576 769 5627 secum
796 5555 1002 5646 familiareS,
1038 5561 1075 5626 et
1101 5556 1240 5628 interim
1269 5555 1453 5626 casualiter
1480 5553 1624 5644 accidit,
1659 5554 1713 5624 vir
1741 5552 1872 5623 delirus
1899 5552 2046 5642 quidam,

496 5673 556 5764 qui
583 5672 789 5746 dementiam
816 5678 1021 5768 incurrerat,
1050 5677 1109 5768 qui
1135 5675 1253 5748 iurare
1278 5676 1442 5766 repletus,
1469 5680 1610 5766 arrepto
1629 5673 1767 5764 viatico,
1795 5672 1855 5763 qui
1872 5673 1909 5744 in
1930 5689 2045 5744 mensa
