4550 6600
431 745 478 816 52

430 950 491 1022 dat
516 950 618 1022 altari
645 947 810 1040 praefato,
836 947 969 1019 decima
996 945 1154 1036 canapali
1180 949 1345 1035 excepta3
1372 945 1572 1017 cmetbones
1599 965 1682 1017 vero
1701 943 1854 1016 ciusdem
1880 943 1986 1050 villae

433 1072 572 1144 solvunt
601 1070 770 1141 decimam
797 1069 996 1160 canapalem
1023 1089 1087 1160 per
1114 1071 1262 1158 quatuor
1288 1066 1428 1158 ierugas
1464 1067 1605 1156 canapi,
1641 1071 1676 1137 et
1701 1066 1801 1138 valor
1833 1065 1987 1137 decimae

431 1192 608 1286 praefatae
634 1193 839 1263 aestimatur
865 1191 910 1261 ad
937 1189 1055 1260 decem
1082 1209 1234 1278 marcas,
1262 1188 1346 1260 item
1372 1188 1422 1258 ibi
1447 1193 1503 1258 est
1529 1187 1628 1258 curia
1654 1186 1825 1277 militaris,
1851 1187 1985 1259 babens

430 1336 533 1406 agros
569 1313 781 1404 praediales,
818 1311 878 1382 sed
905 1332 1048 1402 parrona,
1076 1315 1217 1382 vocatos
1241 1307 1414 1405 jcorzyoy3
1449 1308 1645 1399 dequibus
1681 1309 1785 1380 debet
1817 1308 1985 1380 decimam

347 1505 351 1514 .
430 1436 680 1526 manipularem
716 1434 881 1506 ecclesiae
909 1432 951 1503 de
978 1431 1096 1504 lllba
1121 1431 1346 1520 ecclesia,
1373 1431 1435 1502 sed
1460 1429 1630 1502 Matthias
1667 1430 1711 1501 de
1737 1427 1984 1520 Grodzecz,

430 1558 589 1629 altarista
620 1562 794 1646 protunc
830 1553 983 1626 eiusdem
1020 1553 1159 1644 altaris,
1195 1553 1291 1624 illam
1327 1553 1403 1624 iure
1439 1553 1614 1643 aquisivit.
1659 1550 1843 1624 Praefatus
1878 1552 1984 1622 etiam

428 1679 561 1770 haeres,
588 1677 731 1749 colendo
759 1698 862 1766 agros
891 1675 1124 1746 cmethonales
1152 1674 1325 1764 desertos,
1352 1674 1526 1746 abstrahit
1552 1673 1720 1744 decimam
1748 1673 1792 1746 ab
1818 1673 1923 1745 altari
1946 1677 1985 1746 et

429 1800 580 1891 applicat
606 1819 681 1871 eam
708 1798 909 1870 ecclesiae
947 1797 1075 1868 Albae
1103 1801 1140 1867 et
1165 1797 1241 1867 eius
1276 1796 1434 1886 plebano.
1476 1796 1567 1866 Item
1601 1795 1773 1886 plebanus
1799 1794 1843 1866 de
1869 1794 1985 1867 Alba

428 1922 634 1993 ecclesia
661 1921 767 1992 habet
794 1920 842 1991 ibi
869 1920 904 1990 in
932 1918 1054 1990 eadem
1081 1917 1166 1989 villa
1182 1939 1289 1988 unum
1315 1918 1454 1988 laneum
1480 1938 1545 2007 pro
1572 1939 1636 1989 suo
1665 1916 1819 2008 praedio,
1847 1916 1890 1988 de
1917 1938 1984 2008 quo

428 2043 532 2114 etiam
559 2043 706 2114 solvitur
733 2041 866 2113 decima
892 2039 1118 2130 manipularis
1146 2059 1209 2130 pro
1237 2039 1343 2110 altari
1368 2040 1404 2110 in
1429 2036 1647 2135 ponitbroum.

1107 2159 1317 2233 Goscnczn.

534 2285 636 2374 Villa,
663 2285 795 2356 habens
820 2284 855 2354 in
875 2304 911 2354 se
930 2283 1109 2354 ecclesiam
1127 2283 1361 2373 parochialem
1378 2283 1538 2374 ligneam,
1557 2303 1662 2373 super
1679 2282 1818 2354 flumine
1835 2279 1985 2354 Gosch-

430 2427 510 2479 oza
537 2407 657 2496 sitam,
685 2411 721 2476 et
748 2405 873 2476 Sancto
900 2405 1090 2475 Laurentio
1118 2404 1288 2495 dicatam,
1315 2404 1412 2476 cuius
1438 2405 1635 2495 proprietas
1662 2410 1699 2476 et
1724 2403 1985 2496 iuspatronatus

346 2579 351 2588 .
431 2529 476 2599 ad
513 2527 699 2617 capitulum
735 2526 964 2598 Gracovienso
1000 2525 1101 2615 pleno
1138 2526 1215 2596 iure
1240 2527 1411 2616 pertinet,
1438 2531 1474 2596 et
1501 2533 1555 2597 est
1581 2526 1666 2597 villa
1691 2525 1985 2616 praestimonialis

431 2649 574 2741 capituli
610 2648 867 2738 Cracoviensis,
896 2648 930 2718 in
968 2668 1036 2738 qua
1074 2653 1156 2718 sunt
1190 2647 1339 2718 sedecim
1375 2648 1468 2718 lanei
1503 2647 1760 2738 cmetbonales,
1787 2648 1871 2718 item
1897 2647 1986 2719 duaa

431 2765 607 2858 tabc'rnae,
634 2771 804 2841 habentes
831 2790 944 2860 agros,
973 2790 1118 2859 quarum
1145 2790 1215 2839 una
1241 2769 1310 2840 sita
1337 2770 1452 2840 estin
1479 2770 1572 2860 uilla,
1599 2769 1712 2840 altera
1738 2776 1841 2840 extra
1868 2767 1987 2840 villam

432 2893 467 2963 in
496 2896 607 2963 strata
641 2892 800 2982 publica,
827 2891 870 2961 de
907 2891 1031 2980 quibus
1059 2891 1218 2961 omnibus
1245 2890 1394 2961 solvitur
1420 2896 1457 2961 et
1483 2891 1696 2962 conducitur·
1716 2889 1851 2962 decima
1875 2891 1986 2962 mani·

431 3013 563 3106 pularis
591 3018 626 3082 et
654 3012 827 3102 canapalis
864 3033 927 3100 pro
969 3010 1073 3080 altari
1100 3009 1219 3080 Sancti
1245 3010 1416 3082 Iohannis
1443 3012 1642 3103 Baptistae,
1669 3012 1706 3082 in
1732 3011 1877 3084 ecclesia
1903 3011 1988 3083 Gra-

432 3133 602 3221 coviensi,
631 3153 694 3222 pro
723 3131 899 3202 ordinario
927 3130 1165 3220 praedicatore
1192 3131 1434 3223 incorporato,
1461 3133 1559 3204 cuius
1585 3133 1685 3204 valor
1710 3133 1915 3204 aestimatur
1942 3133 1988 3204 ad

432 3254 550 3325 decem
579 3259 655 3324 octo
684 3273 827 3323 marcas.
855 3251 941 3322 Item
969 3251 1045 3342 agri
1072 3252 1267 3343 praediales
1300 3259 1336 3325 et
1366 3255 1442 3345 agri
1474 3255 1732 3345 praedictarum
1762 3255 1987 3327 tabernarum

430 3374 575 3447 duarum
599 3374 737 3478 solvunt
764 3373 930 3445 decimam
958 3374 1207 3464 manipularem
1234 3376 1400 3446 ecclesiae
1425 3382 1462 3448 et
1480 3377 1628 3466 plebano
1648 3377 1759 3449 eidam
1778 3378 1814 3449 in
1832 3374 1988 3450 Goscb-

432 3516 527 3585 oza,
555 3496 652 3566 cuius
679 3495 777 3567 valor
805 3494 849 3566 ad
876 3500 1026 3587 quatuor
1052 3516 1187 3567 marcas
1213 3498 1427 3569 aestImatur.
1466 3499 1556 3570 Item
1582 3499 1731 3603 ecclesia
1756 3505 1792 3570 et
1817 3498 1987 3591 plebanus

432 3618 539 3689 habet
565 3617 614 3687 ibi
641 3617 801 3708 proprios
828 3638 931 3707 agros
957 3618 1086 3689 liberos
1113 3623 1150 3689 et
1176 3623 1288 3710 prata,
1306 3640 1370 3710 pro
1397 3642 1459 3691 suo
1487 3642 1553 3691 usu
1579 3627 1616 3691 et
1642 3622 1858 3693 necessitate.

537 3738 831 3829 Ponnnowrczn,
859 3739 942 3810 villa
968 3740 1032 3811 sub
1059 3741 1226 3831 parochia
1251 3741 1417 3812 ecclesiae
1444 3741 1487 3813 de
1514 3740 1758 3814 Goscbcza
1784 3724 1986 3833 sita'cnius

431 3861 599 3933 haeredes
626 3860 802 3953 Pyetrzyk
830 3860 1083 3953 Kalynsky,
1111 3862 1291 3953 Nicolaus,
1318 3863 1497 3935 lohannes
1524 3870 1559 3935 et
1586 3864 1779 3937 Stanislaus
1807 3865 1851 3935 de
1879 3866 1987 3936 armis

333 3989 338 3998 '
433 3980 705 4073 Grzymala,
732 3984 768 4053 in
797 4004 865 4073 qua
891 3990 1023 4073 septem
1050 3983 1143 4054 lanei
1170 3984 1422 4075 cmethonales,
1445 3986 1492 4056 ¹de
1518 3985 1643 4075 quibus
1670 3986 1817 4057 solvitur
1844 3991 1880 4057 et
1905 4007 1988 4058 con·

433 4104 570 4175 ducitur
611 4101 743 4173 decima
778 4103 1003 4193 manipularis
1030 4110 1067 4175 et
1094 4106 1270 4196 canapalis
1296 4126 1360 4196 pro
1387 4107 1586 4196 praebenda
1611 4113 1648 4178 et
1674 4108 1878 4179 canonicatu
1902 4106 1988 4179 Gra·

433 4222 594 4311 coviensi,
622 4242 708 4311 qnae
734 4229 879 4294 uocatur
906 4224 1109 4315 Nazowska,
1138 4226 1211 4297 sive
1237 4224 1528 4319 Glambinowsha,
1555 4229 1652 4299 cuins
1679 4229 1778 4301 valor
1804 4228 1986 4301 addacem

432 4364 566 4417 marcas
593 4343 805 4414 aestimatur.
841 4345 930 4416 Item
957 4346 1006 4417 ibi
1034 4367 1102 4416 non
1130 4353 1212 4417 sunt
1238 4348 1426 4438 tabernae;
1452 4350 1535 4421 item
1563 4355 1645 4421 sunt
1671 4350 1722 4421 ibi
1747 4351 1817 4421 tria
1842 4350 1988 4441 praedia

433 4466 618 4555 militaria,
645 4466 729 4537 item
767 4472 899 4557 septem
935 4466 1171 4558 hortulaniae,
1198 4469 1365 4540 babentes
1401 4492 1523 4562 agros,
1549 4473 1634 4542 item
1670 4472 1916 4563 aliquamve,
1944 4472 1987 4543 da

434 4589 559 4679 quibus
587 4589 746 4660 omnibus
774 4589 921 4661 solvitur
948 4589 1080 4660 decima
1106 4591 1332 4682 manipularis
1359 4593 1523 4664 ccclesiae
1550 4595 1587 4663 in
1614 4592 1860 4665 Goschcza
1905 4652 1915 4667 .

536 4710 867 4803 Wrazosowrsm,
895 4712 978 4783 villa
1014 4712 1079 4783 sub
1115 4714 1282 4803 parochia
1321 4714 1364 4785 de
1392 4714 1508 4787 Alba
1542 4716 1750 4787 ecclesia
1776 4716 1863 4806 sita,
1889 4716 1986 4787 cuius

432 4833 629 4923 proprietas
665 4834 709 4905 ad
737 4834 993 4906 serenissimum
1020 4834 1185 4906 Poloniae
1212 4857 1330 4927 regem
1355 4838 1516 4927 pertinet,
1542 4838 1579 4907 in
1606 4858 1675 4928 qua
1701 4858 1770 4909 non
1797 4843 1893 4928 sunt,
1918 4837 1987 4908 nisi

432 4976 521 5025 unus
556 4955 675 5027 laneus
713 4955 957 5047 amathonalis,
985 4958 1068 5029 item
1104 4979 1175 5029 una
1210 4958 1355 5029 taberna
1381 4958 1475 5030 dicta
1502 4957 1688 5048 Gzelna‚
1715 4959 1848 5030 habens
1875 4979 1987 5050 agros,

431 5078 514 5148 item
541 5078 760 5149 hortulaniae
786 5099 856 5168 sex,
883 5078 1051 5151 babentes
1079 5101 1192 5170 agros,
1219 5079 1261 5150 de
1289 5080 1413 5170 quibus
1441 5081 1599 5152 omnibus
1626 5081 1777 5152 solvitur
1803 5086 1839 5152 et
1856 5081 1985 5153 condu-

433 5200 524 5270 citur
559 5198 693 5271 decima
728 5200 955 5291 manipularis
991 5206 1027 5272 et
1064 5202 1239 5291 canapalis
1266 5223 1330 5292 pro
1357 5200 1502 5273 ccclesia
1528 5202 1662 5274 mediae
1688 5203 1800 5292 partis
1826 5201 1987 5274 Omnium

433 5318 637 5392 Sanctorum
664 5322 700 5391 in
727 5320 965 5413 Oracovia,
993 5329 1028 5395 et
1055 5324 1154 5395 valor
1180 5324 1254 5395 eius
1281 5324 1486 5395 aestimatur
1512 5324 1557 5394 ad
1583 5329 1733 5414 quatuor
1758 5318 1903 5395 marcas.

537 5440 765 5540 Wrscnown
802 5444 888 5515 alias
924 5444 1108 5535 Vnzown,
1138 5446 1222 5517 uilla
1256 5446 1320 5517 sub
1355 5445 1521 5536 parochia
1555 5445 1600 5516 de
1625 5445 1744 5517 Alba
1779 5445 1988 5517 ecclesia

435 5562 511 5649 sita,
538 5562 636 5632 cuius
662 5565 859 5654 proprietas
888 5564 931 5637 ad
960 5566 1216 5639 serenissimum
1244 5566 1409 5637 Poloniae
1436 5588 1552 5657 regem
1579 5566 1741 5657 pertinet,
1767 5567 1805 5638 in
1832 5588 1901 5657 qua
1917 5589 1987 5639 non

434 5688 514 5757 sunt
541 5682 647 5778 aliqui
673 5684 773 5779 lanei,
801 5687 862 5763 sed
889 5708 958 5761 una
983 5689 1140 5782 taberna,
1166 5689 1297 5761 babens
1325 5709 1440 5780 agros,
1465 5688 1508 5760 de
1536 5689 1660 5778 quibus
1686 5689 1791 5761 solvit
1817 5688 1987 5761 decimam
