4550 6600
447 874 451 883 .
520 740 627 839 aoa'

517 974 560 1045 (16
589 972 712 1065 quibus
741 972 917 1062 omnibus,
946 972 1093 1044 soletur
1119 975 1156 1043 et
1182 966 1387 1043 conducitur
1422 970 1556 1043 decima
1582 971 1807 1061 manipularis
1834 977 1872 1042 et
1896 973 2063 1062 (66666116

518 1148 531 1171 ,Ν
545 1146 738 1164 ........
765 1094 853 1165 Item
882 1098 936 1166 est
962 1093 1011 1165 ibi
1038 1092 1218 1184 praedium
1254 1093 1424 1182 militare,
1461 1092 1505 1163 de
1531 1093 1631 1165 cuius
1657 1093 1752 1183 agris
1788 1091 1981 1164 decimatur
2004 1114 2064 1183 pro

517 1214 663 1287 ccclesia
689 1219 726 1287 ct
753 1214 826 1287 eius
862 1215 1008 1305 plebano
1044 1215 1080 1286 in
1107 1212 1302 1305 Lyssour,
1338 1218 1375 1285 61
1405 1214 1504 1288 valor
1539 1214 1614 1285 eius
1649 1215 1853 1286 aestimatur
1887 1214 1932 1285 ad
1967 1235 2064 1286 unam

518 1356 735 1429 sexagenam,
763 1324 898 1409 ratione
925 1337 1137 1434 fundationis
1165 1342 1201 1407 et
1226 1335 1402 1427 privilegii
1429 1342 1466 1408 et
1491 1336 1786 1427 praescriptionis.

620 1458 735 1531 Villae
753 1459 986 1549 parochiales:
1006 1459 1202 1550 Lyncon,
1222 1456 1576 1550 Ghrzelczicze,
1603 1458 1837 1548 Eteonon,
1856 1456 2066 1555 Zaborze,

517 1579 935 1673 Ohmyelyouicze‚
962 1578 1186 1672 Obidcze,
1213 1579 1488 1671 Sczepyecz.

1201 1804 1397 1877 Dnucnre.

620 1944 714 2016 Villa
747 1944 879 2018 habens
914 1945 950 2016 in
984 1966 1021 2016 66
1043 1944 1289 2035 parochialem
1326 1944 1525 2035 ecclesiam,
1562 1944 1678 2034 lapide
1714 1949 1907 2033 muratam,
1945 1943 2069 2014 Sancto

517 2066 736 2158 Sigismundo
763 2066 909 2159 martyri
936 2064 1092 2157 dicatam,
1121 2066 1219 2138 cuius
1246 2067 1443 2158 proprietas
1470 2066 1515 2137 ad
1540 2066 1797 2138 serenissimum
1824 2064 1994 2136 Poloniae
2018 2086 2070 2136 re-

516 2212 593 2281 gem
621 2190 781 2281 pertinet.
808 2190 848 2260 In
875 2210 943 2280 qua
969 2194 1051 2260 sunt
1076 2188 1168 2259 lanei
1196 2189 1447 2278 cmethonales,
1475 2189 1557 2260 item
1585 2189 1749 2278 taberna,
1776 2189 1859 2259 item
1886 2186 2072 2277 hortulani,

518 2312 561 2382 de
589 2312 713 2401 quibus
740 2312 898 2384 omnibus
935 2310 1081 2381 solvitur
1108 2315 1145 2381 et
1172 2310 1376 2382 conducitur
1411 2310 1545 2382 decima
1578 2310 1804 2401 manipularis
1834 2331 1900 2400 pro
1929 2308 2072 2380 ecclesia

416 2510 419 2515 ,
517 2434 552 2502 16
580 2430 840 2525 Ohmyelik,
869 2432 964 2504 cuius
991 2432 1090 2506 valor
1117 2432 1162 2503 ad
1188 2437 1262 2504 tres
1288 2452 1423 2504 marcas
1450 2434 1663 2504 aestImatur.
1698 2433 1786 2504 Item
1814 2437 1871 2503 est
1896 2431 1947 2502 ibi
1975 2450 2072 2521 prae-

517 2553 611 2625 dium
638 2555 764 2645 regale,
791 2555 834 2627 de
862 2554 959 2626 culus
986 2554 1079 2645 agris
1107 2554 1298 2625 decimatur
1324 2575 1388 2645 pro
1415 2554 1562 2626 ecclesia
1588 2556 1624 2625 in
1651 2555 1882 2645 Drugnya,
1910 2558 1948 2623 et
1973 2554 2069 2624 valor

517 2675 722 2749 aestimatur
756 2674 912 2748 adduas
946 2696 1091 2747 marcas.
1127 2676 1215 2748 Item
1252 2676 1396 2748 ecclesia
1430 2675 1551 2748 eadem
1587 2676 1695 2749 habet
1728 2696 1794 2766 pro
1829 2674 1977 2766 praedio
2011 2696 2071 2746 suo

517 2818 665 2889 campos,
692 2788 939 2889 protendentes
967 2819 1004 2870 66
1030 2818 1152 2871 versus
1178 2796 1411 2870 molendinum
1438 2798 1542 2869 villae
1568 2798 1755 2888 praelatae.
1786 2798 1875 2869 Item
1901 2798 2013 2869 habet
2037 2797 2070 2866 in

515 2918 674 3010 praelato
703 2921 899 2993 molendino
926 2922 1067 2992 tertiam
1102 2941 1310 3011 mensuram,
1338 2926 1374 2992 et
1400 2920 1635 2992 molendinum
1661 2920 1859 2992 huiusmodi
1887 2920 1994 2992 situm
2020 2924 2071 2989 est

515 3062 621 3132 penes
640 3042 740 3133 1166,
759 3062 847 3133 quae
865 3041 960 3114 ducit
977 3064 1019 3113 ex
1039 3042 1244 3114 Schidlow
1261 3042 1298 3113 in
1316 3040 1345 3112 P
1354 3044 1635 3134 yrzsznicza.
1654 3042 1742 3139 Item
1759 3032 1868 3113 hahet
1881 3042 1919 3112 in
1937 3042 2068 3132 piscina

517 3164 615 3254 regia
650 3163 790 3236 tertiam
826 3170 961 3255 partem
996 3163 1161 3254 piscium,
1198 3164 1479 3256 quotiescumque
1514 3165 1703 3255 piscantur.
1743 3164 1830 3236 Item
1868 3164 1979 3236 habet
2002 3162 2071 3234 tria

516 3290 628 3377 prata,
655 3307 761 3358 unum
797 3284 927 3359 dictum
964 3284 1115 3378 Szwya
1128 3286 1253 3378 szka,
1290 3287 1476 3360 secundum
1504 3309 1547 3360 ex
1574 3288 1735 3383 opposito
1769 3286 1844 3359 cius
1871 3286 1938 3360 sub
1965 3286 2068 3379 sylva,

518 3429 606 3498 quae
633 3409 724 3480 iacet
750 3429 857 3500 penes
884 3409 994 3500 viam,
1030 3429 1117 3500 quae
1145 3409 1241 3482 ducit
1267 3411 1303 3481 in
1331 3408 1605 3502 Chancziuy‚
1642 3411 1726 3482 item
1753 3411 1897 3482 tertium
1933 3415 2068 3501 pratum

516 3551 678 3620 magnum
706 3535 786 3622 post
813 3531 991 3622 proprium
1026 3530 1199 3603 horreum.
1236 3532 1325 3603 Item
1355 3532 1462 3606 habet
1497 3534 1691 3605 tabernam·
1713 3533 1860 3623 primam
1887 3533 1924 3603 in
1951 3532 2068 3604 eadem

518 3651 601 3724 villa
626 3652 856 3746 Drugnya,
883 3653 1069 3726 habentem
1089 3674 1202 3745 agros,
1230 3653 1272 3726 de
1292 3675 1361 3745 qua
1378 3655 1429 3726 illi
1448 3656 1596 3728 solvitur
1622 3677 1695 3747 pro,
1714 3675 1821 3726 censu
1847 3676 1918 3726 una
1943 3675 2066 3726 marca

515 3775 603 3847 Item
630 3775 737 3848 habet
764 3797 867 3848 unam
894 3775 1550 3868 166616616666661616616666
1577 3777 1667 3850 diem
1694 3777 1849 3869 pedestri
1874 3777 2005 3849 labore.

618 3897 732 3971 Villae
750 3899 982 3990 parochiales:
1009 3899 1290 3992 Drugnya....

1152 4019 1434 4093 Gnomnnrnow.

483 4126 487 4132 ⁵
618 4139 713 4212 Villa
738 4141 870 4214 habens
898 4142 934 4212 in
957 4161 994 4213 sc
1012 4141 1245 4232 parochialem
1273 4144 1469 4234 ecclesiam,
1497 4142 1626 4216 Sancto
1645 4141 1828 4215 Matthaeo
1847 4144 2008 4233 apostolo
2032 4151 2067 4215 et

421 4359 424 4374 Ι
514 4262 761 4354 Evangelistae
798 4269 834 4335 et
869 4263 1014 4334 Sanctae
1050 4263 1186 4336 Mariae
1222 4265 1451 4357 Magdalenac
1487 4266 1658 4356 dicatam,
1693 4266 1791 4337 onius
1828 4266 1997 4338 haeredes
2032 4272 2066 4337 et

515 4385 655 4475 patroni
681 4384 859 4457 Johannes
885 4385 1045 4458 Rolrosz
1073 4387 1115 4458 de
1140 4387 1245 4459 armis
1272 4386 1490 4479 Polulroza‚
1517 4389 1695 4460 lohannes
1722 4379 1911 4478 Kapusta
1937 4388 2064 4459 61816-

516 4507 646 4580 nislaus
673 4507 861 4600 Slyemek
885 4507 927 4578 de
946 4508 1051 4579 armis
1071 4563 1188 4579 .....
1222 4510 1263 4580 16
1283 4531 1351 4601 qua
1368 4515 1449 4582 sunt
1466 4511 1558 4582 lanei
1577 4509 1830 4600 (6611666166,
1857 4510 1943 4581 1166
1969 4531 2064 4602 prae

516 4629 892 4721 (116611116616,1166
920 4630 1099 4720 tabernae,
1127 4631 1475 4723 116616616166166,
1510 4632 1554 4703 de
1582 4632 1706 4722 quibus
1735 4631 1895 4704 omnibus
1923 4633 2064 4704 soluitur

515 4751 647 4824 decima
664 4751 890 4843 manipularin
917 4757 954 4823 et
976 4751 1150 4843 canapalis
1177 4773 1241 4844 pro
1260 4743 1405 4825 ecclesia
1430 4754 1467 4825 in
1485 4751 1786 4844 Chomanthow,
1813 4756 1850 4824 et
1867 4755 1968 4826 valor
1994 4756 2063 4827 eins

379 4931 382 4938 ⁴
417 4845 422 4852 ¹
515 4875 720 4946 aestimatur
755 4875 800 4946 ad
827 4875 943 4947 decem
971 4895 1115 4947 mareas.
1155 4875 1242 4946 Item
1270 4875 1415 4947 ecclesia
1445 4875 1482 4946 in
1509 4873 1804 4948 Chomanthow
1831 4881 1869 4948 et
1895 4877 1971 4950 6166
1997 4878 2063 4968 ple

513 4998 624 5069 banus
650 4998 757 5070 habet
783 5018 847 5102 pro
875 4996 1017 5088 praedio
1045 5017 1107 5068 suo
1135 5002 1269 5070 certum
1295 5019 1417 5089 agrum
1444 4998 1528 5071 sivo·
1544 5019 1684 5088 arvum,
1711 4997 1840 5070 dictum
1868 4996 2064 5089 Slrladon‚

514 5121 586 5191 suis
613 5120 716 5191 metis
743 5119 953 5191 distinctum.
998 5119 1085 5190 Item
1112 5118 1220 5190 habet
1246 5119 1313 5192 duo
1341 5126 1462 5212 prata,
1493 5111 1599 5193 unum
1626 5120 1738 5192 eidem
1766 5141 1852 5192 arvo
1879 5119 2064 5193 Skladon

388 5283 394 5290 -
514 5241 730 5334 contiguum,
766 5241 859 5313 aliud
888 5242 979 5312 inter
1014 5244 1116 5332 prata
1147 5240 1313 5312 nobilium
1345 5243 1505 5316 Rolrosz
1536 5247 1573 5314 et
1599 5243 1795 5334 Baliczky
1823 5242 1940 5313 sitnm.
1979 5242 2065 5316 Item

513 5364 620 5435 habet
646 5383 776 5455 pascua
802 5363 981 5454 distincta,
1009 5363 1083 5436 doti
1102 5361 1273 5452 contigua.
1313 5364 1402 5438 Item
1420 5367 1527 5438 habet
1553 5365 1720 5456 plscinam
1737 5365 1831 5435 inter
1849 5364 1981 5436 limites
2006 5365 2065 5436 uil-

512 5483 624 5556 latum
652 5484 944 5559 Chomanthow
976 5492 1011 5558 et
1037 5485 1318 5580 Korythnicza
1349 5489 1462 5561 sitam.
1502 5490 1591 5561 Item
1617 5489 1724 5561 habet
1755 5507 1859 5559 unam
1885 5488 2065 5560 tabernam

513 5604 549 5674 in
577 5603 882 5700 Chomanthow,
918 5609 1103 5682 habentem
1142 5626 1245 5702 agros
1272 5631 1379 5701 penos
1415 5609 1553 5683 domum
1588 5610 1787 5685 rica-malem
1822 5609 1944 5702 sicam,
1981 5612 2066 5702 quae'

394 5751 398 5756 ·
519 5730 662 5806 censeat
679 5727 790 5807 61166
809 5750 912 5809 unam
931 5751 1092 5808 marcam.
