4550 6600
1742 712 1826 833 ccc*

169 992 185 1033 .·
259 962 394 1035 de'cima
420 963 646 1054 manipularis
673 984 736 1055 pro
756 963 902 1037 ecclesia
927 970 964 1037 et
990 965 1137 1056 plebano
1165 965 1202 1038 in
1228 966 1444 1065 Dambno,
1471 969 1568 1040 cuius
1595 969 1693 1041 valor
1710 972 1837 1068 sesti-¹

257 1090 374 1157 matur
400 1084 445 1157 ad
472 1091 604 1176 septem
632 1104 776 1157 marcas.
821 1086 907 1157 Item
935 1088 971 1157 iu
998 1086 1119 1159 eadem
1141 1086 1232 1160 ‘villa
1266 1092 1321 1160 est
1346 1089 1525 1179 scoltetia‚
1566 1090 1700 1163 habens
1727 1091 1814 1166 duos
1965 1103 1969 1111 “

256 1207 378 1280 laneos
405 1202 547 1298 liberos,
574 1206 769 1307 dequibus
797 1208 947 1281 solvitur
974 1208 1106 1280 decima
1133 1209 1299 1281 ecclesiae
1325 1210 1362 1279 in
1388 1209 1603 1284 Dambno.

363 1329 511 1401 Wonua
537 1330 814 1420 Demarchum,
842 1330 926 1402 villa
952 1332 1016 1403 sub
1044 1331 1210 1422 parochia
1235 1332 1402 1403 eccleciae
1415 1332 1473 1404 ‘de
1498 1333 1703 1406 Dambno
1729 1336 1815 1428 sita,

256 1452 357 1524 cuins
383 1451 582 1543 proprietas
609 1451 654 1523 ad
681 1451 918 1543 episcopatum
946 1450 1210 1525 Oracoviensem
1237 1453 1400 1544 pertinet.
1426 1454 1467 1526 In
1495 1476 1563 1547 qua
1590 1461 1672 1527 snnt
1697 1457 1815 1529 decem

256 1573 349 1645 lanei
377 1573 628 1663 emethonales,
665 1572 708 1645 de
735 1574 873 1663 quibus·
888 1574 1035 1645 solvitur
1062 1578 1098 1645 et
1125 1574 1330 1647 conducitur
1364 1574 1499 1648 decima
1524 1578 1751 1668 manipularis
1778 1585 1815 1650 et

256 1694 435 1786 canapalis
462 1695 678 1785 episcopatui
706 1693 937 1787 cracoviensi,
964 1696 1061 1767 cuius
1089 1696 1189 1769 valor
1205 1696 1251 1768 ad
1269 1698 1574 1789 quinque'marcas
1600 1701 1814 1773 aestimatur.
1897 1747 1901 1755 ι

255 1818 347 1890 Item
373 1818 409 1889 in
436 1817 557 1889 eadem
585 1811 667 1889 villa
702 1822 756 1889 est
790 1817 951 1891 scoltetia
986 1818 1118 1890 habens
1155 1818 1243 1891 ddos
1279 1820 1398 1893 laneos
1424 1826 1461 1893 et
1486 1844 1590 1893 unam
1623 1822 1814 1914 tabernam,

256 1940 302 2019 de
330 1940 454 2031 quibus
482 1940 630 2013 solvitur
657 1939 790 2012 decima
816 1960 880 2033 pro
908 1940 1054 2055 ecclesia
1080 1940 1115 2011 in
1142 1940 1355 2013 Dambno.

960 2183 1126 2257 Poenos.

157 2414 162 2420 Ι
279 2318 281 2327 ’
362 2306 457 2379 Villa
483 2306 614 2379 habens
645 2308 682 2377 in
709 2327 747 2377 se
774 2306 955 2379 eeclesiam
990 2306 1223 2397 parochialem
1264 2304 1433 2398 ligneam,
1473 2309 1647 2398 gloriosse
1674 2309 1815 2400 Virgini

255 2430 393 2501 Mariae
420 2429 589 2518 dicatam,
630 2429 727 2501 cuius
748 2429 960 2519 proprietas
988 2419 1032 2499 et
1050 2429 1238 2501 dominium
1274 2429 1320 2501 cd
1351 2428 1624 2502 illustrissimum
1650 2430 1815 2504 Potoniae

119 2550 133 2571 ⁸
253 2572 375 2644 regem
402 2552 566 2643 pertinet.
610 2551 747 2642 Inque
782 2556 864 2662 sunt
900 2551 1164 2643 quatuordecim
1196 2551 1289 2635 lanei
1324 2552 1579 2643 emethonales,
1620 2554 1814 2644 dequibus

254 2675 416 2748 omnibus
452 2674 600 2745 solvitur
626 2678 663 2745 et
689 2672 894 2765 conducitur
930 2673 1063 2745 decima
1088 2674 1314 2764 manipularis
1341 2679 1378 2746 et
1404 2674 1596 2766 canapalis,
1624 2672 1688 2765 pro
1721 2677 1814 2748 vica-
1901 2653 1907 2666 ⁶

253 2796 350 2869 ria'tu
376 2800 543 2887 perpetuo
561 2795 783 2887 praebendae
800 2794 1106 2885 Sandomiriensis‚
1124 2788 1222 2886 quae
1240 2794 1323 2867 elim
1340 2794 1603 2877 Odanchorrska
1620 2796 1811 2888 dicebatur,
1893 2785 1898 2799 '

252 2940 348 2992 nunc
374 2918 678 3010 chanczlrowska
704 2916 909 3009 appellatur,
937 2917 1034 2989 cuius
1053 2916 1153 2991 valor
1179 2917 1386 2990 aestimatur
1403 2918 1449 2989 ad
1466 2917 1647 2989 duodecim
1665 2940 1810 2991 marcos

253 3044 347 3115 Item
372 3046 454 3113 sunt
481 3041 531 3114 ibi
558 3041 647 3113 dnae
673 3040 843 3113 tabernae
869 3040 1039 3111 habentes
1067 3060 1189 3131 agros,
1225 3040 1270 3110 de
1296 3040 1422 3131 quibus
1448 3041 1596 3112 solvitur
1622 3046 1659 3112 et
1685 3040 1814 3113 condu-

253 3166 348 3239 citur
384 3163 516 3240 decima
551 3162 777 3255 manipularis
813 3176 892 3253 pro·
913 3160 1059 3234 ecclesia
1093 3160 1285 3252 parochiali
1320 3141 1450 3234 ibidem
1476 3162 1513 3233 in
1539 3161 1740 3253 Potbok,
1777 3168 1814 3235 et

131 3267 137 3277 ’
253 3288 355 3362 valor
382 3287 456 3360 eius
482 3284 689 3359 aestimatur
707 3284 752 3358 ad
771 3284 858 3357 duas
885 3305 1028 3357 marcas.
1055 3284 1145 3357 Item
1163 3282 1310 3372 ecclesia
1327 3286 1364 3355 et
1380 3282 1549 3375 plebanus
1567 3283 1603 3356 in
1630 3283 1813 3358 Potholr

252 3413 386 3500 habent
411 3410 572 3502 proprios
599 3428 713 3500 agros,
741 3409 813 3480 sive
841 3409 960 3480 laneos
987 3407 1117 3480 liberos
1144 3411 1182 3479 et
1206 3411 1310 3496 prata
1335 3427 1400 3498 pro
1427 3427 1491 3478 suo
1518 3405 1662 3498 praedio
1689 3414 1726 3479 et
1752 3428 1813 3479 ne-

254 3517 429 3607 cessitate.
455 3533 544 3605 Item
570 3551 639 3604 non
667 3534 720 3603 est
745 3530 795 3602 ibi
822 3529 1003 3620 praedium
1030 3529 1181 3621 aliquod,
1208 3549 1279 3601 non
1296 3533 1352 3600 est
1373 3528 1617 3620 molendinum,
1644 3549 1713 3601 non
1732 3534 1813 3601 sunt

252 3654 484 3728 hortulaniae.
1257 3671 1262 3680 ·
1334 3670 1336 3673 ·

597 3837 599 3842 .
920 3770 1153 3844 Scmmszuo.

286 3945 288 3950 ·
360 3898 456 3972 Villa
481 3897 614 3970 habena
640 3897 675 3967 in
704 3916 741 3966 se
768 3893 950 3966 ecclesiam
977 3892 1213 3984 parochialem
1239 3893 1399 3984 ligneam,
1426 3890 1545 3963 Sanct'
1547 3945 1688 3960 ......
1716 3889 1810 3962 dica-

252 4033 335 4114 tam,
363 4023 460 4095 cuius
487 4018 656 4092 haeredes
682 4019 822 4109 patroni
841 4021 877 4089 et
896 4016 1128 4122 collatores..3.,
1156 4015 1289 4087 nobiles
1316 4015 1360 4086 de
1378 4013 1480 4086 domo
1498 4018 1536 4084 et
1551 4012 1683 4084 familia
1707 4011 1810 4084 Ora.

252 4147 295 4219 ln
323 4165 390 4237 qua
418 4147 498 4216 sunt
524 4142 615 4214 lanei
643 4141 894 4230 emethonales,
922 4141 1005 4212 item
1032 4140 1201 4211 tabernae
1228 4137 1397 4209 habentes
1425 4157 1546 4226 agros,
1576 4135 1661 4206 item
1687 4134 1810 4206 hortu-

252 4270 367 4341 laniae
393 4267 561 4339 habentes
588 4285 710 4356 agree,
751 4265 835 4335 item
861 4261 1005 4353 praedia
1031 4261 1216 4350 mihtaria,
1252 4259 1296 4330 de
1324 4259 1449 4351 quibus
1476 4251 1635 4337 omnibus
1663 4257 1810 4328 soluitur

249 4397 292 4463 ‘et
318 4389 521 4463 conducitur
556 4387 690 4488 decima
724 4384 950 4476 manipularis
978 4387 1014 4454 et
1040 4374 1218 4473 canapalis
1253 4403 1317 4472 pro
1345 4380 1493 4487 ecclesia
1527 4383 1564 4451 et
1588 4377 1745 4469 plebano
1773 4378 1838 4448 in·

252 4511 524 4600 Schamslro,
551 4515 588 4582 ct
615 4507 714 4581 valor
740 4509 815 4580 eius
842 4507 1059 4579 aestimatur·
1074 4505 1119 4576 ad
1138 4559 1146 4574 .
1164 4559 1173 4574 .
1191 4558 1199 4573 .
1219 4559 1226 4573 .
1245 4557 1280 4574 ..
1306 4522 1451 4576 marcas.
1482 4501 1572 4573 Item
1599 4499 1745 4571 ecclesia
1772 4503 1809 4569 et

252 4635 423 4728 plebanus
449 4633 580 4706 habeut
605 4633 641 4704 in
668 4629 788 4704 eadem
816 4629 900 4702 villa
926 4647 1029 4719 agros
1057 4626 1218 4718 proprios
1245 4631 1282 4697 et
1307 4625 1446 4716 liberos,
1473 4627 1538 4714 pro
1565 4637 1628 4695 auo
1654 4620 1809 4711 praedio,

253 4763 292 4831 et
317 4759 428 4848 prata.
799 4730 804 4742 ’

324 4915 361 4944 .·
482 4941 487 4952 κ
690 4957 694 4969 Ι
964 4871 1108 4941 Bmmo

308 5061 315 5068 .
357 4999 453 5072 Villo
479 4998 544 5071 sub
572 5017 609 5068 se
636 4996 734 5068 etin
762 5015 799 5067 se
826 4993 957 5066 habens
984 4991 1165 5064 ecclesiam
1191 4987 1431 5081 parochialem.
1452 4985 1616 5077 ligneam,
1644 4984 1809 5057 Sancto...

224 5115 413 5212 'meeum
455 5121 552 5192 culus
579 5119 704 5191 haeres
731 5117 854 5188 unicus
881 5114 1027 5187 collator
1061 5117 1097 5184 et
1127 5116 1316 5203 patronus,
1356 5108 1521 5185 Nicolaus
1548 5106 1592 5178 de
1619 5105 1808 5179 (lurosz-

251 5243 414 5335 wanky
450 5241 576 5322 nobilis
603 5240 646 5313 de
674 5240 775 5312 domo
811 5237 999 5312 Roszae.
1042 5235 1083 5306 In
1111 5238 1290 5326 quaeunt
1324 5232 1417 5304 lanei
1443 5227 1696 5317 emethonales,
1723 5228 1808 5300 item

251 5369 418 5456 taberna,
445 5365 528 5437 item
556 5361 751 5451 hortulani,
778 5361 862 5434 ilem
889 5378 994 5432 unum
1021 5355 1203 5449 praedium
1230 5355 1399 5443 militare,
1426 5353 1470 5425 de
1497 5351 1635 5442 quibus·
1648 5350 1807 5422 omnihus

252 5489 402 5562 solvitur
429 5492 465 5560 et
490 5485 694 5558 conducitur
721 5483 855 5555 decima
876 5479 1107 5571 maniprdaris
1135 5483 1171 5549 et
1193 5477 1368 5568 canapalis
1394 5495 1459 5566 pro
1479 5527 1486 5544 .
1558 5527 1566 5542 .
1586 5526 1620 5542 ..
1647 5477 1684 5543 et
1710 5471 1808 5543 valor

251 5613 328 5685 eins
355 5609 560 5682 aestimatur
579 5659 746 5678 .......
773 5605 862 5676 Item
886 5601 1010 5677 eadem
1038 5601 1184 5674 ecclesia
1209 5600 1246 5672 in
1273 5597 1425 5670 Bardo
1460 5592 1569 5668 habet
1595 5613 1699 5685 agros
1725 5612 1807 5684 pro·

252 5731 517 5831 priosliberos,
543 5749 617 5822 pro.
635 5747 698 5802 suo
725 5724 878 5822 praedio,
904 5729 941 5798 et
966 5728 1079 5817 prata.
1373 5734 1377 5743 ’

358 5901 407 5948 Μὴ.
420 5900 518 5944 Benene.
536 5901 568 5943 11.
1604 5865 1642 5914 ⁵9
