4550 6600
1717 766 1811 837 451

230 952 454 1027 ecclesiarum
480 954 739 1045 parochialium,
768 976 855 1047 qnae
878 956 1072 1061 visitatipni
1089 964 1281 1052 praepositi
1296 962 1515 1056 Kyclciensis
1534 970 1690 1062 subsunt,
1709 994 1786 1045 cum

232 1076 470 1167 proventibus,
497 1076 699 1150 introitibus
725 1084 762 1150 et
788 1081 1061 1177 proprietatibps
1088 1102 1209 1154 aarum
1236 1085 1323 1156 haec
1352 1093 1442 1159 sunt
1469 1136 1472 1143 -

917 1203 1114 1276 Bazuzruu.
1478 1280 1482 1289 ,

344 1318 437 1391 Villa
473 1320 606 1393 habens
641 1322 678 1393 in
714 1343 751 1395 sa
787 1324 1021 1415 parochialem
1057 1326 1238 1399 ecclesiam
1272 1330 1441 1420 ligneam,
1468 1333 1592 1404 honori
1628 1334 1790 1439 Omnium

231 1441 438 1515 Sanctorum
465 1442 623 1533 dicatam,
651 1444 748 1516 cuius
775 1466 866 1517 nuuc
892 1446 1060 1537 plebanus
1080 1502 1113 1519 ..
1143 1504 1150 1518 .
1176 1450 1217 1521 ln
1244 1456 1314 1542 qua
1339 1457 1421 1523 sunt
1448 1453 1566 1526 decem
1592 1464 1630 1526 et
1656 1464 1790 1547 septem

230 1563 323 1635 lanei
350 1564 602 1655 emathonales,
629 1564 672 1637 de
700 1567 824 1658 quibus
860 1569 1019 1641 omuibus
1047 1570 1197 1643 solvitur
1221 1578 1258 1644 et
1284 1574 1489 1647 conducitur
1516 1576 1652 1650 decima
1677 1581 1787 1652 mani·
1907 1572 1916 1583 ’

229 1686 362 1777 pulcris
399 1692 435 1758 et
470 1687 648 1778 canapalis
672 1708 736 1779 pro
764 1682 967 1781 episcopatu
994 1691 1235 1784 cracoviensi,
1263 1696 1359 1767 cuius
1387 1698 1486 1769 valor
1513 1701 1719 1773 aestimatur
1743 1703 1795 1801 ad

230 1864 237 1879 .
266 1864 274 1879 .
302 1863 309 1878 .
337 1863 344 1879 .
371 1808 574 1901 Proprietas
601 1817 717 1882 autem
745 1817 782 1881 et
808 1810 945 1884 collatio
973 1814 1232 1903 praedictarum
1257 1817 1361 1889 villae
1389 1825 1425 1898 et
1442 1821 1616 1911 ecclesiae,
1634 1824 1788 1912 pertinet

229 1930 275 2002 ad
308 1930 507 2021 epIscopum
543 1930 818 2011 Gracovieusem.
858 1934 946 2005 Item
981 1934 1151 2024 plebanus
1186 1937 1294 2010 habet
1329 1940 1379 2011 ibi
1413 1942 1576 2032 proprios
1611 1965 1715 2035 agros
1750 1952 1787 2017 et
1886 1951 1891 1959 “

227 2058 330 2143 prata
364 2053 503 2126 liberos.
547 2053 637 2127 Item
672 2061 726 2127 est
762 2056 812 2127 ibi
847 2055 1028 2146 praedium
1064 2057 1278 2149 episcopale,
1315 2061 1359 2131 de
1389 2062 1488 2133 cuius
1516 2065 1610 2153 agris
1638 2066 1786 2138 solvitur

228 2174 381 2247 denna.
392 2230 399 2245 .
410 2168 429 2244 .’
440 2176 529 2247 Item
556 2182 611 2249 est
636 2176 686 2248 ihi
705 2177 880 2268 scultetus,
899 2178 1032 2250 habens
1050 2200 1157 2249 unum
1174 2179 1312 2252 laneum
1330 2182 1487 2273 liberum,
1510 2185 1553 2256 de
1572 2188 1670 2258 emus
1689 2189 1783 2279 agris

226 2297 378 2369 decimat
404 2298 569 2371 ecclesiae
596 2304 632 2370 et
658 2299 805 2389 plebano
832 2300 869 2371 iu
895 2300 1146 2392 Brzeziny;
1171 2302 1279 2375 habet
1304 2308 1340 2375 et
1357 2302 1506 2377 alterum
1524 2309 1785 2401 emethonalcm,
1907 2401 1909 2412 Ι

224 2420 289 2491 sed
317 2418 361 2491 de
387 2419 447 2492 illo
476 2421 537 2493 dat
564 2420 731 2493 decImam
759 2422 931 2513 episcopo.

330 2541 597 2632 DzmnnrnoW,
624 2542 708 2615 villa
733 2544 797 2615 sub
824 2543 991 2633 parochia
1017 2543 1060 2615 de
1087 2544 1321 2635 Brzeziny
1347 2546 1435 2635 sita,
1463 2548 1560 2619 cuius
1586 2551 1784 2641 proprietas

223 2661 272 2733 ad
298 2660 448 2734 nobilem
483 2647 663 2735 Andrenm
689 2662 732 2734 de
759 2644 860 2736 domo
889 2662 1193 2760 Gal-iohannis
1218 2664 1381 2753 pertinet.
1420 2666 1462 2737 In
1490 2688 1558 2757 qua
1584 2675 1666 2740 sunt
1691 2670 1784 2742 lanei

221 2784 467 2875 emethonales,
494 2785 579 2893 itam
605 2784 787 2875 praedinm
813 2784 974 2876 militare,
1002 2786 1084 2857 itam
1111 2785 1259 2856 taberna
1285 2806 1363 2876 una,
1381 2786 1465 2857 item
1483 2788 1684 2861 hortulanIa
1702 2813 1782 2883 nna,

222 2906 420 2997 dequibus
455 2906 614 2980 omnibus
651 2905 801 2977 solvitur
832 2902 868 2978 et
895 2906 1101 2978 conducitur
1128 2905 1263 3009 decima
1289 2907 1516 2997 manipularis
1544 2916 1581 2980 et
1607 2913 1782 3003 cauapahs

222 3028 392 3101 ecclesiae
428 3029 464 3099 in
500 3027 750 3118 Brzeziny,
779 3049 882 3119 quam
909 3028 961 3100 illi
988 3028 1132 3100 donavit
1158 3027 1346 3117 primarius
1373 3028 1448 3101 eius
1473 3030 1657 3122 fundator,
1684 3034 1781 3107 cuius

222 3150 323 3223 valor
349 3152 555 3223 aestimatur
581 3149 626 3222 ad
654 3205 661 3220 .
690 3204 698 3221 .
725 3206 733 3219 .

330 3272 477 3346 Wourn
503 3272 855 3365 Durnanruowsun,
882 3273 966 3344 villa
1002 3274 1066 3345 snb
1093 3272 1261 3365 parochia
1287 3270 1453 3344 ecclesiae
1480 3272 1523 3346 de
1550 3275 1781 3371 Brzeziny

220 3397 310 3487 sita;
346 3395 443 3468 cuius
479 3397 675 3487 proprietas
710 3396 755 3467 ad
789 3396 939 3468 nobilem
974 3395 1153 3468 Andream
1187 3394 1576 3488 Dzibalthousky
1608 3399 1779 3474 dedomo

219 3516 523 3590 Gelilhonum
550 3520 712 3608 pertinet.
740 3518 781 3588 In
808 3539 876 3608 qua
902 3525 984 3590 sunt
1010 3518 1103 3592 lanei
1130 3518 1375 3608 emethonales,
1393 3519 1478 3590 item
1496 3522 1674 3614 tabernae,
1693 3526 1778 3597 item

218 3639 458 3730 hortulaniae,
486 3639 529 3710 de
564 3640 690 3730 quibus
726 3639 885 3711 omnibns
922 3640 1069 3712 solvitur
1096 3645 1132 3710 et
1159 3639 1363 3712 conducitur
1389 3641 1523 3714 decima
1549 3645 1778 3734 manipularis

218 3761 387 3834 ecclesiae
414 3761 450 3832 in
476 3761 716 3852 szeziny,
745 3767 781 3832 et
807 3761 905 3832 valm
932 3760 1007 3832 cius
1034 3761 1241 3834 aestimatur
1268 3816 1276 3830 .
1304 3817 1311 3831 .
1339 3816 1346 3830 .

310 4079 314 4088 Ι
853 3984 1151 4088 Dnuuuscurezn.

323 4107 417 4180 Villa
442 4105 575 4182 habens
601 4108 638 4181 in
666 4129 703 4180 se
730 4107 964 4199 parochialem
991 4109 1179 4198 ecolesinam,
1206 4112 1377 4180 muratam
1404 4106 1447 4176 de
1465 4105 1576 4199 petra,
1595 4113 1630 4182 et
1648 4110 1775 4185 Sancto

214 4231 385 4302 Michaeli
412 4228 630 4322 Archangelo
659 4230 819 4322 dicatam,
847 4231 945 4302 cuius
972 4231 1170 4322 proprietas
1197 4236 1233 4301 et
1251 4230 1391 4301 collatio
1410 4230 1454 4300 ad
1473 4232 1673 4323 episcopum
1692 4232 1776 4306 Gra-

215 4355 413 4426 couiensem
440 4354 602 4445 pertinet.
629 4354 668 4424 In
697 4375 765 4444 qua
792 4357 873 4424 sunt
900 4357 1048 4444 quatuor
1065 4353 1158 4424 lanei
1177 4353 1422 4444 ennathonales,
1441 4355 1524 4425 item
1542 4377 1611 4426 una
1629 4355 1776 4428 taberna

215 4475 422 4566 episcopalis
448 4476 581 4547 habens
609 4497 721 4566 agros,
748 4477 830 4546 item
858 4475 946 4547 duae
974 4476 1142 4546 tabernae
1169 4475 1368 4565 plebanales
1396 4477 1563 4548 habentes
1592 4499 1704 4568 agros,
1732 4477 1775 4548 de

216 4598 344 4693 quibus
371 4597 529 4670 omuibus
557 4598 704 4670 solvitur
730 4604 766 4670 et
794 4597 997 4668 conducitur
1026 4597 1159 4668 decima
1185 4597 1412 4688 manipularis
1439 4604 1476 4669 et
1502 4599 1677 4689 canapalis
1700 4600 1773 4689 ple·

215 4720 309 4792 bano
335 4725 372 4792 et
399 4720 565 4792 ecclesiae
592 4720 627 4790 in
654 4719 1001 4810 Dalyeschicze,
1029 4725 1066 4789 et
1093 4719 1191 4790 valor
1218 4720 1292 4790 eius
1319 4719 1524 4790 aestimatur
1542 4720 1585 4792 ad
1605 4741 1665 4791 scr
1682 4741 1774 4792 mar-

216 4843 299 4932 cas,
322 4843 377 4914 vel
412 4847 553 4932 septem.
595 4839 700 4914 Cuius
728 4864 817 4913 nunc
845 4842 1012 4932 plebanus
1040 4846 1094 4912 est
1120 4840 1273 4912 Iacobus
1301 4841 1343 4911 de
1379 4841 1553 4912 Lublin
1579 4837 1773 4934 presbyter,

214 4985 306 5037 anno
342 4963 481 5036 Domini
520 4966 590 5036 147
595 4965 627 5036 8.
665 4965 701 5034 in
738 4947 831 5055 pede
861 4985 948 5053 uno,
976 4964 1058 5053 quia
1083 4962 1205 5033 literas
1233 4963 1439 5053 apostolicas
1466 4985 1530 5053 pro
1557 4963 1702 5035 Nicolao
1730 4964 1773 5034 de

213 5085 387 5158 Lublin
414 5088 661 5178 exequebatur,
689 5085 946 5158 Graeculae
973 5106 1036 5175 per
1064 5083 1370 5158 Bartholomaeum
1396 5086 1522 5156 laicum
1549 5085 1593 5157 de
1620 5139 1770 5156 .....

212 5209 405 5299 mutilatus,
431 5209 485 5280 uir
512 5209 632 5298 bonus,
661 5209 754 5280 mitis
782 5214 817 5279 et
844 5207 1025 5286 caritatem
1053 5229 1137 5298 erga
1165 5207 1353 5298 quemlibet
1378 5207 1549 5280 redolens.
1590 5205 1772 5296 Quaelibet
1840 5217 1849 5236 ‘

191 5331 362 5403 tabema
388 5331 519 5404 habens
547 5351 660 5421 agros,
687 5329 791 5402 solvit
817 5330 991 5420 plebano.
1020 5383 1027 5398 .
1055 5353 1080 5400 .:
1108 5331 1222 5421 prima
1246 5331 1394 5402 taberna
1420 5329 1560 5420 plebani
1584 5327 1689 5401 solvit
1705 5350 1770 5420 pro

168 5433 173 5442 ’
210 5472 324 5532 censu,
345 5452 492 5524 alteram
508 5451 698 5526 ,dimidiam
725 5471 894 5540 marcam;
922 5451 1073 5524 secunda
1099 5451 1246 5523 taberna
1271 5451 1411 5541 plebani
1438 5449 1544 5522 solvit
1569 5471 1634 5540 pro
1663 5471 1768 5522 censu

211 5573 375 5648 similiter
402 5594 505 5648 uuam
541 5594 618 5646 cum
645 5573 760 5646 media
785 5594 946 5646 marcam.
986 5573 1075 5645 Item
1102 5572 1249 5646 ecclesia
1275 5577 1311 5645 et
1336 5571 1505 5663 plebanus
1532 5571 1640 5643 habet
1666 5573 1770 5662 agros

210 5695 375 5790 proprios
409 5695 555 5770 liberos¹
574 5700 610 5768 et
644 5701 768 5788 prata,
794 5716 857 5788 pro
885 5715 949 5768 sua
975 5695 1184 5770 necessitate
1211 5701 1249 5768 et
1274 5694 1452 5787 praedio,
1474 5695 1559 5768 item
1585 5694 1692 5766 habet
1719 5694 1769 5766 ibi

275 5921 282 5930 '
317 5865 469 5910 biblianelie.
482 5864 513 5910 ll·
1564 5844 1603 5893 58
1670 5829 1675 5834 ι
