4550 6600
512 759 585 831 180

509 965 665 1057 praefata
679 961 877 1053 praebenda
894 958 1001 1033 habet
1020 963 1170 1049 quatuor
1187 976 1333 1045 marcas,
1351 975 1475 1027 census
1493 956 1529 1025 in
1544 954 1622 1046 Wy
1633 954 1835 1043 eliczlra,
1853 944 1945 1024 item¹
1958 952 2060 1023 habat

511 1086 742 1157 molendinum
779 1083 909 1153 habens
937 1101 1040 1169 agros
1067 1085 1104 1152 61
1130 1084 1249 1168 prata,
1285 1078 1424 1167 dequo
1452 1130 1566 1147 .....
1605 1076 1694 1146 Item
1728 1075 1836 1147 babet
1868 1073 2061 1163 pomerium

380 1264 382 1271 ,
510 1209 636 1279 bonum
664 1210 700 1274 61
726 1205 875 1275 hortum.
921 1202 1074 1273 Tenetur
1101 1193 1230 1270 antem'
1246 1199 1360 1270 dictus
1386 1196 1659 1288 praebendarius
1685 1195 1831 1287 singulis
1858 1193 2062 1285 septimanis

509 1328 625 1417 legere
652 1325 738 1395 duas
765 1323 898 1393 missas.
972 1338 978 1347 ·

1153 1428 1169 1532 λ’
1197 1440 1367 1511 Linnrnr.

617 1567 712 1637 Villa
737 1566 870 1637 habeus
907 1564 943 1633 in
980 1584 1017 1633 se
1053 1561 1288 1651 parochialem
1323 1560 1504 1631 ecclesiam
1538 1560 1706 1650 ligneam,
1742 1560 1870 1631 836616
1906 1558 2062 1631 Μ361166

511 1692 677 1777 dicatam,
706 1688 802 1758 cuins
830 1686 1028 1775 proprietas
1054 1683 1098 1755 ad
1117 1681 1375 1753 serenissImum
1401 1680 1566 1753 Pelopiae
1592 1702 1710 1771 regem
1735 1682 1898 1771 pertinet
1939 1681 1982 1751 In
2001 1701 2065 1773 qua

511 1818 593 1884 suut
620 1808 871 1899 quinquaginta
898 1811 1029 1895 septem
1058 1804 1272 1892 cmethones,
1299 1802 1466 1874 habentes
1492 1824 1621 1892 parvas
1648 1803 1863 1893 quantitates
1889 1823 2064 1891 agrorum

511 1938 653 2023 practer
680 1936 838 2019 quatuor,
866 1928 925 2017 qui
943 1927 1074 1999 habent
1092 1930 1243 2015 quatuor
1269 1924 1398 2013 laneos,
1425 1925 1554 1995 caeteri
1583 1925 1697 2014 uirgas
1723 1929 1762 1995 et
1779 1929 1936 2014 quartas.
1981 1923 2066 1993 Item

513 2061 566 2125 est
593 2054 628 2123 in
647 2052 767 2123 cadem
794 2050 877 2121 villa
895 2049 1071 2137 scultetis,
1097 2047 1230 2117 habens
1248 2046 1336 2116 duos
1352 2045 1492 2136 laneos,
1519 2046 1603 2117 item
1620 2046 1820 2117 hortulania
1845 2066 1919 2115 663
1934 2040 2066 2117 babens

513 2196 635 2265 agros,
662 2172 848 2261 dequibus
875 2170 1033 2241 omnibus
1061 2167 1208 2239 solvitur
1226 2165 1360 2238 decima
1376 2166 1567 2258 pecunialis
1594 2167 1807 2257 episcopatui
1833 2165 2066 2255 Graeoviensi,

512 2296 555 2366 de
583 2293 739 2385 quolibet
764 2292 865 2363 laneo
891 2311 955 2380 per
978 2289 1148 2361 16616666
1173 2288 1325 2361 latorum
1339 2308 1562 2392 grossorum.
1600 2288 1688 2359 Item
1716 2288 1885 2378 plebanus
1913 2287 2066 2357 eiusdem

511 2416 676 2487 ecclesiae
700 2414 819 2487 ⁴habet
854 2412 897 2483 de
925 2412 1080 2502 quolibet
1115 2411 1216 2482 laneo
1252 2410 1389 2481 ratione
1423 2410 1614 2481 missalium
1640 2410 1728 2480 31136
1754 2407 1927 2499 66666166,
1965 2429 2064 2479 unam

513 2556 708 2608 mensuram
745 2533 891 2624 siliginis
927 2539 963 2604 ct
990 2532 1134 2603 alteram
1171 2552 1302 2603 avenae
1337 2552 1519 2603 mensurae
1554 2532 1688 2622 planae.
1732 2531 1821 2602 Item
1856 2530 2066 2601 6661661361

513 2659 681 2749 plebanus
710 2654 864 2727 eiusdem
891 2655 993 2726 villae
1020 2654 1129 2726 habet
1154 2674 1258 2743 agros
1284 2658 1457 2745 6166313,
1483 2674 1548 2744 pro
1575 2674 1638 2725 suo
1664 2652 1807 2743 praedio
1835 2706 1955 2722 .....

1153 2773 1438 2846 Τ66666666666.

616 2898 711 2971 Villa
737 2897 869 2969 habens
896 2896 932 2968 irr
951 2916 988 2967 se
1015 2896 1248 2986 parochialem
1274 2896 1455 2967 ecclesIam
1481 2895 1648 2986 ligneam,
1676 2894 1803 2969 Sancto
1831 2949 1951 2966 .....
1979 2894 2067 2965 dica-

513 3028 602 3110 tam,
630 3021 727 3092 cuins
753 3019 879 3090 haeres
907 3071 1048 3087 ......

1202 3139 1383 3210 Bsznzrn.

618 3262 713 3333 Villa
739 3261 872 3334 131666
899 3260 1079 3333 6661661316
1105 3261 1341 3351 parochialem
1366 3260 1516 3352 ligneam
1543 3262 1580 3333 in
1606 3283 1644 3334 se
1671 3260 1776 3333 Senot
1802 3262 2068 3350 ...dicatam

490 3427 493 3433 Α
514 3386 611 3456 66166
646 3383 841 3474 proprietas
868 3384 1022 3473 pertinet
1048 3382 1093 3454 ad
1119 3382 1330 3455 Stanislanm
1365 3388 1401 3455 et
1425 3383 1620 3456 Iohannem
1646 3395 1849 3473 germanos,
1875 3382 2068 3454 Marsal·
2156 3410 2157 3443 ;

514 3505 715 3576 howicze
742 3511 901 3594 vocatae,
930 3503 1097 3576 dedomo
1119 3503 1307 3575 Zadora.
1348 3505 1389 3575 16
1409 3526 1477 3594 qua
1503 3510 1585 3576 sunt
1601 3504 1768 3575 tredecim
1795 3505 1888 3575 lanei
1913 3505 2068 3576 emetha

514 3626 628 3716 nales,
655 3632 729 3698 trcs
758 3627 925 3698 tabernae
951 3626 1121 3697 habentes
1148 3647 1270 3715 agros,
1302 3626 1387 3697 item
1414 3631 1487 3698 tres
1513 3625 1732 3698 hortulaniae
1758 3626 1929 3697 habentes
1958 3647 2068 3716 agros,

514 3747 557 3818 de
584 3749 708 3837 quibus
736 3747 894 3820 omnibus
931 3746 1077 3819 solvitur
1113 3753 1150 3818 61
1176 3746 1381 3818 conducitur
1416 3745 1550 3817 decima
1574 3746 1803 3836 manipularis
1829 3753 1866 3818 et
1892 3747 2067 3838 canapalis

511 3891 574 3958 pro
593 3868 791 3959 praebenda
809 3867 1047 3958 Gracovicnsi,
1076 3889 1165 3958 quae
1183 3874 1329 3956 vocatur
1354 3867 1670 3958 Wyanczlrowska,
1697 3874 1734 3940 et
1751 3869 1850 3940 valor
1867 3869 1943 3940 eius
1963 3870 2065 3940 aesti-

514 3996 629 4060 matur
665 3989 854 4060 addacem
882 4010 1025 4060 marcas.
1070 3990 1157 4060 Item
1184 3994 1240 4060 est
1265 3989 1315 4059 ibi
1340 4009 1447 4060 unum
1482 3989 1661 4079 praedium
1696 3990 1868 4079 militare,
1902 3990 1946 4061 de
1975 3991 2069 4060 cuins

512 4110 624 4197 agris,
659 4113 695 4178 et
731 4108 912 4179 duodecim
948 4109 1071 4197 sulcis,
1108 4129 1195 4198 quos
1230 4110 1353 4180 haeres
1389 4109 1433 4180 de
1468 4131 1531 4183 sno
1562 4111 1707 4200 praedio
1742 4111 1904 4182 adiunxit
1939 4112 2065 4182 tertiae

515 4228 752 4317 hortulaoiue,
780 4228 927 4299 solvitur
946 4228 1079 4300 decima
1097 4230 1323 4320 manipularis
1340 4231 1523 4320 plehaoiae
1550 4232 1585 4301 in
1604 4232 1828 4323 Brzezye,
1854 4232 1953 4304 cdius
1972 4231 2067 4302 valor

517 4349 560 4420 ad
589 4355 738 4438 quatuor
764 4370 909 4421 marcas.
953 4349 1039 4420 Item
1067 4350 1231 4440 plebania
1256 4352 1364 4423 habet
1398 4352 1448 4423 ibi
1474 4353 1636 4442 proprios
1667 4374 1772 4444 agros
1798 4358 1835 4424 et
1859 4359 1982 4443 prata,
2009 4374 2068 4443 pro

436 4521 442 4534 ,
517 4491 579 4540 666
607 4470 750 4559 praedio
778 4475 814 4540 61
840 4471 1056 4542 necessitate.

618 4591 864 4681 1166666666,
900 4591 984 4663 villa
1010 4593 1073 4664 sub
1101 4594 1267 4683 parochia
1297 4593 1341 4666 de
1367 4595 1600 4686 Brzesaye
1627 4595 1713 4686 6113,
1748 4596 1846 4669 cuius
1873 4599 2066 4687 proprietas

515 4713 559 4783 ad
586 4713 724 4784 cosdem
760 4712 971 4784 Stanislanm
1007 4721 1044 4786 et
1077 4713 1274 4786 Iohannem
1309 4715 1697 4789 bIarsallrowiczr'
1729 4719 1891 4808 pertinet
1931 4719 1972 4789 In
2004 4739 2067 4808 qua

515 4840 596 4904 6661
632 4841 710 4904 6616
737 4835 828 4904 lanei
865 4835 1098 4906 666611666166
1135 4841 1172 4906 61
1197 4835 1286 4908 (1636
1311 4837 1477 4908 13166666
1512 4838 1681 4910 13166166
1709 4860 1831 4930 agros,
1867 4838 1911 4911 de
1945 4840 2066 4929 quibus
2136 4916 2143 4932 ,

516 4956 663 5026 soluitur
681 4963 717 5026 61
736 4955 939 5026 conducitur
957 4956 1090 5028 decima
1108 4958 1334 5046 manipularis
1357 4965 1394 5028 61
1410 4959 1585 5048 canapalis
1603 4959 1823 5049 praebendae
1840 4959 2066 5048 cracoviensi,

515 5097 603 5165 quae
631 5082 776 5147 vocator
796 5077 1112 5168 lllyanczkowska,
1140 5084 1176 5149 61
1194 5078 1292 5150 63166
1318 5079 1393 5150 6166
1420 5074 1624 5153 aestimator
1651 5081 1696 5151 ad
1720 5082 1900 5153 duodecIm
1928 5102 2065 5153 marcas.

514 5199 602 5268 Item
638 5203 692 5268 661
717 5198 767 5269 111
796 5219 883 5270 6666
918 5219 1058 5289 campus
1093 5201 1196 5272 unius
1223 5201 1410 5291 tabernae,
1446 5200 1490 5272 de
1517 5223 1585 5292 quo
1612 5203 1805 5274 decimatur
1839 5203 2065 5278 ecclcsiacin

514 5319 726 5390 Brzcsze.
767 5319 856 5390 Item
884 5341 951 5391 666
980 5326 1035 5391 661
1061 5321 1109 5391 111
1136 5321 1335 5413 praedium,
1366 5344 1478 5414 neque
1504 5323 1758 5416 molendinum,
1785 5346 1855 5397 666
1881 5331 1965 5398 sunt
1989 5326 2066 5397 hor-

515 5439 677 5510 tularriae.
1576 5445 1581 5450 ’

618 5560 920 5652 Sauromatarum,
948 5564 1030 5634 villa
1057 5565 1120 5637 sub
1148 5567 1312 5655 parochia
1339 5567 1382 5638 dc
1400 5566 1609 5659 Brzezye
1636 5568 1722 5658 sita,
1749 5568 1848 5642 66166
1873 5569 2064 5660 proprietas

516 5679 560 5752 ad
578 5680 788 5754 abbatissam
817 5691 853 5758 et
880 5687 1127 5764 morrastcrinm
1153 5688 1190 5762 iu
1218 5687 1515 5784 Stanyanthlr
1524 5712 1547 5785 y
1573 5690 1704 5764 ibidem
1729 5691 1903 5784 pertinet,
1932 5688 2066 5765 6161113
