<?xml version="1.0" encoding="UTF-8"?>
<!DOCTYPE html PUBLIC "-//W3C//DTD XHTML 1.0 Transitional//EN"
    "http://www.w3.org/TR/xhtml1/DTD/xhtml1-transitional.dtd">
<html xmlns="http://www.w3.org/1999/xhtml" xml:lang="en" lang="en">
 <head>
  <title>
</title>
<meta http-equiv="Content-Type" content="text/html;charset=utf-8" />
  <meta name='ocr-system' content='tesseract 3.04.00' />
  <meta name='ocr-capabilities' content='ocr_page ocr_carea ocr_par ocr_line ocrx_word'/>
</head>
<body>
  <div class='ocr_page' id='page_1' title='image "./operaomnia03paulgoog_0018.png"; bbox 0 0 4550 6600; ppageno 0'>
   <div class='ocr_carea' id='block_1_1' title="bbox 371 1817 1565 1986">
    <p class='ocr_par' dir='ltr' id='par_1_1' title="bbox 371 1817 1565 1986">
     <span class='ocr_line' id='line_1_1' title="bbox 371 1817 1565 1986; baseline 0.002 -56"><span class='ocrx_word' id='word_1_1' title='bbox 371 1841 374 1850; x_wconf 88' lang='grc'>’</span> <span class='ocrx_word' id='word_1_2' title='bbox 487 1976 489 1986; x_wconf 21' lang='grc' dir='ltr'>Ι</span> <span class='ocrx_word' id='word_1_3' title='bbox 534 1817 749 1931; x_wconf 70' lang='lat' dir='ltr'><strong>stains</strong></span> <span class='ocrx_word' id='word_1_4' title='bbox 786 1817 1062 1931; x_wconf 78' lang='lat' dir='ltr'><strong>CAPITUM</strong></span> <span class='ocrx_word' id='word_1_5' title='bbox 1097 1817 1253 1931; x_wconf 76' lang='lat' dir='ltr'><strong>Toni</strong></span> <span class='ocrx_word' id='word_1_6' title='bbox 1286 1819 1565 1974; x_wconf 81' lang='lat' dir='ltr'><strong>SECUNDI.</strong></span> 
     </span>
    </p>
   </div>
   <div class='ocr_carea' id='block_1_2' title="bbox 1243 2033 1246 2042">
    <p class='ocr_par' dir='ltr' id='par_1_2' title="bbox 1243 2033 1246 2042">
     <span class='ocr_line' id='line_1_2' title="bbox 1243 2033 1246 2042; baseline 0 0"><span class='ocrx_word' id='word_1_7' title='bbox 1243 2033 1246 2042; x_wconf 77' lang='lat' dir='ltr'><strong>r</strong></span> 
     </span>
    </p>
   </div>
   <div class='ocr_carea' id='block_1_3' title="bbox 560 2337 1522 2526">
    <p class='ocr_par' dir='ltr' id='par_1_3' title="bbox 560 2337 1522 2526">
     <span class='ocr_line' id='line_1_3' title="bbox 560 2337 1522 2526; baseline -0.001 -53"><span class='ocrx_word' id='word_1_8' title='bbox 560 2337 1081 2475; x_wconf 75' lang='lat' dir='ltr'><strong>Archinlacnnatns</strong></span> <span class='ocrx_word' id='word_1_9' title='bbox 1110 2337 1522 2526; x_wconf 67' lang='lat' dir='ltr'><strong>Craccviensis.</strong></span> 
     </span>
    </p>
   </div>
   <div class='ocr_carea' id='block_1_4' title="bbox 207 2600 1670 4031">
    <p class='ocr_par' dir='ltr' id='par_1_4' title="bbox 207 2600 1669 2872">
     <span class='ocr_line' id='line_1_4' title="bbox 273 2600 1669 2677; baseline 0.001 -17"><span class='ocrx_word' id='word_1_10' title='bbox 273 2603 407 2661; x_wconf 80' lang='lat' dir='ltr'>Ecclesia</span> <span class='ocrx_word' id='word_1_11' title='bbox 429 2600 460 2661; x_wconf 87' lang='grc'><strong>8.</strong></span> <span class='ocrx_word' id='word_1_12' title='bbox 483 2601 595 2661; x_wconf 84' lang='lat' dir='ltr'><strong>Mariae</strong></span> <span class='ocrx_word' id='word_1_13' title='bbox 615 2602 794 2677; x_wconf 84' lang='lat' dir='ltr'><strong>parochialis</strong></span> <span class='ocrx_word' id='word_1_14' title='bbox 817 2603 847 2661; x_wconf 90' lang='lat' dir='ltr'><strong>in</strong></span> <span class='ocrx_word' id='word_1_15' title='bbox 870 2601 1012 2662; x_wconf 72' lang='lat' dir='ltr'><strong>cracovia</strong></span> <span class='ocrx_word' id='word_1_16' title='bbox 1089 2647 1669 2662; x_wconf 90' lang='grc'><strong>......</strong></span> 
     </span>
     <span class='ocr_line' id='line_1_5' title="bbox 275 2701 1668 2784; baseline 0.001 -21"><span class='ocrx_word' id='word_1_17' title='bbox 275 2701 390 2764; x_wconf 84' lang='lat' dir='ltr'><strong>Aitnria</strong></span> <span class='ocrx_word' id='word_1_18' title='bbox 412 2705 442 2764; x_wconf 96' lang='lat' dir='ltr'><strong>in</strong></span> <span class='ocrx_word' id='word_1_19' title='bbox 465 2705 599 2784; x_wconf 85' lang='lat' dir='ltr'>ccclesia,</span> <span class='ocrx_word' id='word_1_20' title='bbox 622 2723 675 2766; x_wconf 87' lang='lat' dir='ltr'><strong>seu</strong></span> <span class='ocrx_word' id='word_1_21' title='bbox 698 2707 811 2782; x_wconf 85' lang='lat' dir='ltr'><strong>capella</strong></span> <span class='ocrx_word' id='word_1_22' title='bbox 833 2706 863 2766; x_wconf 89' lang='grc'><strong>8.</strong></span> <span class='ocrx_word' id='word_1_23' title='bbox 886 2705 1036 2766; x_wconf 80' lang='lat' dir='ltr'><strong>Barbarae</strong></span> <span class='ocrx_word' id='word_1_24' title='bbox 1090 2750 1668 2765; x_wconf 92' lang='grc'><strong>......</strong></span> 
     </span>
     <span class='ocr_line' id='line_1_6' title="bbox 207 2801 985 2872; baseline 0.001 -5"><span class='ocrx_word' id='word_1_25' title='bbox 207 2845 212 2854; x_wconf 84' lang='lat'><em>-</em></span> <span class='ocrx_word' id='word_1_26' title='bbox 277 2801 569 2869; x_wconf 82' lang='lat' dir='ltr'><strong>Ecclesia&#39;Omniunr</strong></span> <span class='ocrx_word' id='word_1_27' title='bbox 591 2809 765 2870; x_wconf 81' lang='lat' dir='ltr'><strong>Sanctorum</strong></span> <span class='ocrx_word' id='word_1_28' title='bbox 788 2810 818 2872; x_wconf 94' lang='lat' dir='ltr'><strong>in</strong></span> <span class='ocrx_word' id='word_1_29' title='bbox 842 2809 985 2869; x_wconf 87' lang='lat' dir='ltr'><strong>Cracovia</strong></span> 
     </span>
    </p>

    <p class='ocr_par' dir='ltr' id='par_1_5' title="bbox 323 2913 1670 2986">
     <span class='ocr_line' id='line_1_7' title="bbox 323 2913 1670 2986; baseline 0 -14"><span class='ocrx_word' id='word_1_30' title='bbox 323 2959 336 2986; x_wconf 80' lang='lat'>„</span> <span class='ocrx_word' id='word_1_31' title='bbox 426 2913 457 2972; x_wconf 88' lang='lat' dir='ltr'><strong>S.</strong></span> <span class='ocrx_word' id='word_1_32' title='bbox 480 2913 585 2973; x_wconf 83' lang='lat' dir='ltr'><strong>Annae</strong></span> <span class='ocrx_word' id='word_1_33' title='bbox 606 2914 638 2974; x_wconf 93' lang='lat' dir='ltr'><strong>in</strong></span> <span class='ocrx_word' id='word_1_34' title='bbox 661 2913 803 2973; x_wconf 83' lang='lat' dir='ltr'><strong>Graccvia</strong></span> <span class='ocrx_word' id='word_1_35' title='bbox 862 2956 1670 2972; x_wconf 93' lang='grc'><strong>........</strong></span> 
     </span>
    </p>

    <p class='ocr_par' dir='ltr' id='par_1_6' title="bbox 324 3015 733 3092">
     <span class='ocr_line' id='line_1_8' title="bbox 324 3015 733 3092; baseline -0.002 -17"><span class='ocrx_word' id='word_1_36' title='bbox 324 3063 337 3090; x_wconf 83' lang='grc'><strong>,,</strong></span> <span class='ocrx_word' id='word_1_37' title='bbox 427 3015 458 3075; x_wconf 87' lang='grc'><strong>8.</strong></span> <span class='ocrx_word' id='word_1_38' title='bbox 481 3015 622 3092; x_wconf 83' lang='lat' dir='ltr'><strong>Stephani</strong></span> <span class='ocrx_word' id='word_1_39' title='bbox 720 3063 733 3090; x_wconf 87' lang='lat'>„</span> 
     </span>
    </p>

    <p class='ocr_par' dir='ltr' id='par_1_7' title="bbox 277 3119 1669 3306">
     <span class='ocr_line' id='line_1_9' title="bbox 323 3119 1669 3197; baseline 0 -19"><span class='ocrx_word' id='word_1_40' title='bbox 323 3167 337 3194; x_wconf 81' lang='lat'>„</span> <span class='ocrx_word' id='word_1_41' title='bbox 427 3119 457 3180; x_wconf 90' lang='grc'><strong>8.</strong></span> <span class='ocrx_word' id='word_1_42' title='bbox 481 3120 592 3180; x_wconf 83' lang='lat' dir='ltr'><strong>Mariae</strong></span> <span class='ocrx_word' id='word_1_43' title='bbox 614 3121 809 3197; x_wconf 81' lang='lat' dir='ltr'><strong>Magdalenae</strong></span> <span class='ocrx_word' id='word_1_44' title='bbox 831 3119 863 3179; x_wconf 95' lang='lat' dir='ltr'><strong>in</strong></span> <span class='ocrx_word' id='word_1_45' title='bbox 885 3119 1029 3180; x_wconf 80' lang='lat' dir='ltr'><strong>Oracovia</strong></span> <span class='ocrx_word' id='word_1_46' title='bbox 1089 3163 1669 3178; x_wconf 90' lang='grc'><strong>......</strong></span> 
     </span>
     <span class='ocr_line' id='line_1_10' title="bbox 277 3212 1669 3306; baseline -0.002 -22"><span class='ocrx_word' id='word_1_47' title='bbox 277 3212 285 3294; x_wconf 75' lang='grc'><strong>,’</strong></span> <span class='ocrx_word' id='word_1_48' title='bbox 322 3270 335 3296; x_wconf 84' lang='lat'>„</span> <span class='ocrx_word' id='word_1_49' title='bbox 426 3223 457 3284; x_wconf 90' lang='grc'><strong>8.</strong></span> <span class='ocrx_word' id='word_1_50' title='bbox 480 3224 598 3284; x_wconf 85' lang='lat' dir='ltr'><strong>Martini</strong></span> <span class='ocrx_word' id='word_1_51' title='bbox 621 3225 651 3284; x_wconf 94' lang='lat' dir='ltr'><strong>in</strong></span> <span class='ocrx_word' id='word_1_52' title='bbox 675 3224 817 3284; x_wconf 81' lang='lat' dir='ltr'><strong>Cracovia</strong></span> <span class='ocrx_word' id='word_1_53' title='bbox 861 3267 1554 3286; x_wconf 91' lang='grc'><strong>.......</strong></span> <span class='ocrx_word' id='word_1_54' title='bbox 1605 3293 1611 3306; x_wconf 31' lang='lat'>⁴</span> <span class='ocrx_word' id='word_1_55' title='bbox 1662 3267 1669 3281; x_wconf 94' lang='lat'><strong>.</strong></span> 
     </span>
    </p>

    <p class='ocr_par' dir='ltr' id='par_1_8' title="bbox 321 3328 748 3405">
     <span class='ocr_line' id='line_1_11' title="bbox 321 3328 748 3405; baseline 0.002 -18"><span class='ocrx_word' id='word_1_56' title='bbox 321 3375 334 3403; x_wconf 88' lang='lat'><strong>‚,</strong></span> <span class='ocrx_word' id='word_1_57' title='bbox 426 3328 456 3389; x_wconf 85' lang='lat' dir='ltr'><strong>S.</strong></span> <span class='ocrx_word' id='word_1_58' title='bbox 481 3328 600 3405; x_wconf 82' lang='lat' dir='ltr'><strong>Aegidii</strong></span> <span class='ocrx_word' id='word_1_59' title='bbox 735 3376 748 3405; x_wconf 82' lang='lat'><strong>,‚</strong></span> 
     </span>
    </p>

    <p class='ocr_par' dir='ltr' id='par_1_9' title="bbox 324 3432 752 3509">
     <span class='ocr_line' id='line_1_12' title="bbox 324 3432 752 3509; baseline 0.005 -18"><span class='ocrx_word' id='word_1_60' title='bbox 324 3481 336 3509; x_wconf 81' lang='lat'>„</span> <span class='ocrx_word' id='word_1_61' title='bbox 428 3432 458 3493; x_wconf 91' lang='grc'><strong>8.</strong></span> <span class='ocrx_word' id='word_1_62' title='bbox 481 3432 608 3509; x_wconf 78' lang='lat' dir='ltr'>Spiritus</span> <span class='ocrx_word' id='word_1_63' title='bbox 739 3480 752 3509; x_wconf 86' lang='lat'>„</span> 
     </span>
    </p>

    <p class='ocr_par' dir='ltr' id='par_1_10' title="bbox 322 3534 571 3613">
     <span class='ocr_line' id='line_1_13' title="bbox 322 3534 571 3613; baseline -0.004 -17"><span class='ocrx_word' id='word_1_64' title='bbox 322 3585 335 3613; x_wconf 84' lang='lat'>„</span> <span class='ocrx_word' id='word_1_65' title='bbox 426 3534 456 3596; x_wconf 90' lang='grc'><strong>8.</strong></span> <span class='ocrx_word' id='word_1_66' title='bbox 479 3537 571 3597; x_wconf 85' lang='lat' dir='ltr'><strong>Marci</strong></span> 
     </span>
    </p>

    <p class='ocr_par' dir='ltr' id='par_1_11' title="bbox 322 3636 1669 3717">
     <span class='ocr_line' id='line_1_14' title="bbox 322 3636 1669 3717; baseline -0.007 -12"><span class='ocrx_word' id='word_1_67' title='bbox 322 3688 335 3717; x_wconf 86' lang='lat'>„</span> <span class='ocrx_word' id='word_1_68' title='bbox 427 3636 460 3705; x_wconf 82' lang='lat' dir='ltr'><strong>S.</strong></span> <span class='ocrx_word' id='word_1_69' title='bbox 483 3642 627 3701; x_wconf 88' lang='lat' dir='ltr'><strong>Johannis</strong></span> <span class='ocrx_word' id='word_1_70' title='bbox 649 3642 801 3717; x_wconf 81' lang='lat' dir='ltr'><strong>Baptistae</strong></span> <span class='ocrx_word' id='word_1_71' title='bbox 823 3642 854 3699; x_wconf 92' lang='lat' dir='ltr'><strong>in</strong></span> <span class='ocrx_word' id='word_1_72' title='bbox 878 3639 1021 3700; x_wconf 76' lang='lat' dir='ltr'><strong>(iracovia</strong></span> <span class='ocrx_word' id='word_1_73' title='bbox 1088 3680 1669 3699; x_wconf 91' lang='grc'><strong>......</strong></span> 
     </span>
    </p>

    <p class='ocr_par' dir='ltr' id='par_1_12' title="bbox 323 3744 1668 3822">
     <span class='ocr_line' id='line_1_15' title="bbox 323 3744 1668 3822; baseline -0.005 -16"><span class='ocrx_word' id='word_1_74' title='bbox 323 3793 336 3821; x_wconf 82' lang='lat'>„</span> <span class='ocrx_word' id='word_1_75' title='bbox 427 3744 566 3822; x_wconf 78' lang='lat' dir='ltr'>Corporis</span> <span class='ocrx_word' id='word_1_76' title='bbox 589 3744 698 3805; x_wconf 80' lang='lat' dir='ltr'>Christi</span> <span class='ocrx_word' id='word_1_77' title='bbox 721 3746 752 3804; x_wconf 93' lang='lat' dir='ltr'><strong>in</strong></span> <span class='ocrx_word' id='word_1_78' title='bbox 774 3744 932 3805; x_wconf 80' lang='lat' dir='ltr'><strong>Oasimiria</strong></span> <span class='ocrx_word' id='word_1_79' title='bbox 975 3786 1668 3804; x_wconf 93' lang='grc'><strong>.......</strong></span> 
     </span>
    </p>

    <p class='ocr_par' dir='ltr' id='par_1_13' title="bbox 324 3846 1108 3926">
     <span class='ocr_line' id='line_1_16' title="bbox 324 3846 1108 3926; baseline -0.005 -15"><span class='ocrx_word' id='word_1_80' title='bbox 324 3896 336 3926; x_wconf 82' lang='lat'>„</span> <span class='ocrx_word' id='word_1_81' title='bbox 427 3850 457 3911; x_wconf 87' lang='grc'><strong>8.</strong></span> <span class='ocrx_word' id='word_1_82' title='bbox 481 3850 511 3910; x_wconf 88' lang='lat' dir='ltr'><strong>S.</strong></span> <span class='ocrx_word' id='word_1_83' title='bbox 534 3850 687 3909; x_wconf 82' lang='lat' dir='ltr'>Michaelis</span> <span class='ocrx_word' id='word_1_84' title='bbox 710 3854 740 3909; x_wconf 87' lang='lat' dir='ltr'><strong>et</strong></span> <span class='ocrx_word' id='word_1_85' title='bbox 762 3848 901 3909; x_wconf 70' lang='lat' dir='ltr'><strong>stanislai</strong></span> <span class='ocrx_word' id='word_1_86' title='bbox 924 3846 960 3907; x_wconf 84' lang='lat' dir='ltr'><strong>‹lc</strong></span> <span class='ocrx_word' id='word_1_87' title='bbox 982 3848 1108 3925; x_wconf 88' lang='lat' dir='ltr'><strong>Rnpclla</strong></span> 
     </span>
    </p>

    <p class='ocr_par' dir='ltr' id='par_1_14' title="bbox 324 3952 889 4031">
     <span class='ocr_line' id='line_1_17' title="bbox 324 3952 889 4031; baseline -0.004 -18"><span class='ocrx_word' id='word_1_88' title='bbox 324 4002 337 4031; x_wconf 81' lang='lat'>„</span> <span class='ocrx_word' id='word_1_89' title='bbox 428 3954 458 4013; x_wconf 93' lang='grc'><strong>8.</strong></span> <span class='ocrx_word' id='word_1_90' title='bbox 483 3954 658 4015; x_wconf 72' lang='lat' dir='ltr'><strong>catherinae</strong></span> <span class='ocrx_word' id='word_1_91' title='bbox 681 3955 711 4014; x_wconf 95' lang='lat' dir='ltr'><strong>in</strong></span> <span class='ocrx_word' id='word_1_92' title='bbox 735 3952 889 4013; x_wconf 76' lang='lat' dir='ltr'><strong>(iasimiria</strong></span> 
     </span>
    </p>
   </div>
   <div class='ocr_carea' id='block_1_5' title="bbox 220 4051 1719 4134">
    <p class='ocr_par' dir='ltr' id='par_1_15' title="bbox 220 4051 1719 4134">
     <span class='ocr_line' id='line_1_18' title="bbox 220 4051 1719 4134; baseline -0.006 -14"><span class='ocrx_word' id='word_1_93' title='bbox 220 4068 225 4075; x_wconf 91' lang='lat'><em>&#39;</em></span> <span class='ocrx_word' id='word_1_94' title='bbox 324 4107 337 4134; x_wconf 83' lang='lat'>„</span> <span class='ocrx_word' id='word_1_95' title='bbox 427 4059 457 4118; x_wconf 86' lang='lat' dir='ltr'><strong>S.</strong></span> <span class='ocrx_word' id='word_1_96' title='bbox 480 4060 584 4119; x_wconf 88' lang='lat' dir='ltr'><strong>Jacobi</strong></span> <span class='ocrx_word' id='word_1_97' title='bbox 605 4060 637 4120; x_wconf 93' lang='lat' dir='ltr'><strong>in</strong></span> <span class='ocrx_word' id='word_1_98' title='bbox 659 4058 872 4119; x_wconf 82' lang='lat' dir='ltr'><strong>Oasimiria.</strong></span> <span class='ocrx_word' id='word_1_99' title='bbox 979 4104 985 4117; x_wconf 95' lang='lat'><strong>.</strong></span> <span class='ocrx_word' id='word_1_100' title='bbox 1093 4101 1100 4116; x_wconf 93' lang='lat'><strong>.</strong></span> <span class='ocrx_word' id='word_1_101' title='bbox 1180 4065 1185 4076; x_wconf 57' lang='lat'>⁸</span> <span class='ocrx_word' id='word_1_102' title='bbox 1207 4096 1670 4116; x_wconf 92' lang='grc'><strong>.....</strong></span> <span class='ocrx_word' id='word_1_103' title='bbox 1700 4051 1719 4093; x_wconf 90' lang='grc'><strong>’-</strong></span> 
     </span>
    </p>
   </div>
   <div class='ocr_carea' id='block_1_6' title="bbox 296 4161 1670 4968">
    <p class='ocr_par' dir='ltr' id='par_1_16' title="bbox 323 4161 1097 4237">
     <span class='ocr_line' id='line_1_19' title="bbox 323 4161 1097 4237; baseline -0.003 -14"><span class='ocrx_word' id='word_1_104' title='bbox 323 4209 336 4237; x_wconf 89' lang='grc'><strong>,,</strong></span> <span class='ocrx_word' id='word_1_105' title='bbox 428 4162 458 4223; x_wconf 87' lang='grc'><strong>8.</strong></span> <span class='ocrx_word' id='word_1_106' title='bbox 480 4163 629 4223; x_wconf 86' lang='lat' dir='ltr'><strong>Leonardi</strong></span> <span class='ocrx_word' id='word_1_107' title='bbox 651 4168 734 4223; x_wconf 83' lang='lat' dir='ltr'><strong>extra</strong></span> <span class='ocrx_word' id='word_1_108' title='bbox 756 4181 854 4224; x_wconf 87' lang='lat' dir='ltr'>muros</span> <span class='ocrx_word' id='word_1_109' title='bbox 875 4161 1097 4222; x_wconf 79' lang='lat' dir='ltr'><strong>Oasimirienses</strong></span> 
     </span>
    </p>

    <p class='ocr_par' dir='ltr' id='par_1_17' title="bbox 322 4266 982 4341">
     <span class='ocr_line' id='line_1_20' title="bbox 322 4266 982 4341; baseline -0.003 -15"><span class='ocrx_word' id='word_1_110' title='bbox 322 4314 335 4341; x_wconf 83' lang='lat'>„</span> <span class='ocrx_word' id='word_1_111' title='bbox 425 4266 456 4326; x_wconf 88' lang='grc'><strong>8.</strong></span> <span class='ocrx_word' id='word_1_112' title='bbox 481 4267 634 4328; x_wconf 88' lang='lat' dir='ltr'><strong>Benedicti</strong></span> <span class='ocrx_word' id='word_1_113' title='bbox 656 4268 687 4327; x_wconf 94' lang='lat' dir='ltr'><strong>in</strong></span> <span class='ocrx_word' id='word_1_114' title='bbox 710 4272 808 4329; x_wconf 83' lang='lat' dir='ltr'><strong>monte</strong></span> <span class='ocrx_word' id='word_1_115' title='bbox 824 4267 982 4327; x_wconf 84' lang='lat' dir='ltr'><strong>Lassotino</strong></span> 
     </span>
    </p>

    <p class='ocr_par' dir='ltr' id='par_1_18' title="bbox 323 4370 1669 4448">
     <span class='ocr_line' id='line_1_21' title="bbox 323 4370 1669 4448; baseline -0.01 -17"><span class='ocrx_word' id='word_1_116' title='bbox 323 4418 336 4447; x_wconf 80' lang='lat'><strong>‚‚</strong></span> <span class='ocrx_word' id='word_1_117' title='bbox 428 4370 458 4431; x_wconf 87' lang='grc'><strong>8.</strong></span> <span class='ocrx_word' id='word_1_118' title='bbox 481 4370 613 4431; x_wconf 78' lang='lat' dir='ltr'><strong>Floriani</strong></span> <span class='ocrx_word' id='word_1_119' title='bbox 635 4372 666 4430; x_wconf 92' lang='lat' dir='ltr'><strong>in</strong></span> <span class='ocrx_word' id='word_1_120' title='bbox 688 4372 818 4448; x_wconf 85' lang='lat' dir='ltr'><strong>Klepara</strong></span> <span class='ocrx_word' id='word_1_121' title='bbox 861 4402 1669 4429; x_wconf 89' lang='grc'><strong>........</strong></span> 
     </span>
    </p>

    <p class='ocr_par' dir='ltr' id='par_1_19' title="bbox 324 4474 1669 4553">
     <span class='ocr_line' id='line_1_22' title="bbox 324 4474 1669 4553; baseline -0.005 -18"><span class='ocrx_word' id='word_1_122' title='bbox 324 4522 336 4550; x_wconf 85' lang='lat'>„</span> <span class='ocrx_word' id='word_1_123' title='bbox 428 4474 458 4534; x_wconf 88' lang='grc'><strong>8.</strong></span> <span class='ocrx_word' id='word_1_124' title='bbox 482 4474 512 4534; x_wconf 89' lang='grc'><strong>8.</strong></span> <span class='ocrx_word' id='word_1_125' title='bbox 534 4475 664 4553; x_wconf 89' lang='lat' dir='ltr'><strong>Philippi</strong></span> <span class='ocrx_word' id='word_1_126' title='bbox 688 4480 717 4535; x_wconf 88' lang='lat' dir='ltr'><strong>et</strong></span> <span class='ocrx_word' id='word_1_127' title='bbox 738 4474 842 4535; x_wconf 88' lang='lat' dir='ltr'>Jaccbi</span> <span class='ocrx_word' id='word_1_128' title='bbox 864 4475 894 4541; x_wconf 78' lang='lat' dir='ltr'><strong>ia</strong></span> <span class='ocrx_word' id='word_1_129' title='bbox 917 4474 1046 4551; x_wconf 85' lang='lat' dir='ltr'><strong>Kleparz</strong></span> <span class='ocrx_word' id='word_1_130' title='bbox 1092 4506 1669 4548; x_wconf 83' lang='lat'><strong>......</strong></span> 
     </span>
    </p>

    <p class='ocr_par' dir='ltr' id='par_1_20' title="bbox 296 4574 1670 4773">
     <span class='ocr_line' id='line_1_23' title="bbox 324 4574 1669 4655; baseline -0.011 -15"><span class='ocrx_word' id='word_1_131' title='bbox 324 4626 337 4655; x_wconf 81' lang='lat'>„</span> <span class='ocrx_word' id='word_1_132' title='bbox 428 4578 458 4639; x_wconf 85' lang='lat' dir='ltr'><strong>S.</strong></span> <span class='ocrx_word' id='word_1_133' title='bbox 481 4580 594 4640; x_wconf 87' lang='lat' dir='ltr'><strong>Mariae</strong></span> <span class='ocrx_word' id='word_1_134' title='bbox 615 4580 647 4643; x_wconf 93' lang='lat' dir='ltr'><strong>in</strong></span> <span class='ocrx_word' id='word_1_135' title='bbox 669 4580 769 4639; x_wconf 87' lang='lat' dir='ltr'><strong>Arena</strong></span> <span class='ocrx_word' id='word_1_136' title='bbox 818 4618 1215 4639; x_wconf 77' lang='lat'><strong>.....</strong></span> <span class='ocrx_word' id='word_1_137' title='bbox 1286 4574 1293 4585; x_wconf 90' lang='grc'><strong>“</strong></span> <span class='ocrx_word' id='word_1_138' title='bbox 1321 4618 1329 4633; x_wconf 95' lang='grc'><strong>.</strong></span> <span class='ocrx_word' id='word_1_139' title='bbox 1435 4616 1442 4630; x_wconf 91' lang='grc'><strong>.</strong></span> <span class='ocrx_word' id='word_1_140' title='bbox 1548 4611 1555 4625; x_wconf 97' lang='grc'><strong>.</strong></span> <span class='ocrx_word' id='word_1_141' title='bbox 1662 4611 1669 4625; x_wconf 94' lang='grc'><strong>.</strong></span> 
     </span>
     <span class='ocr_line' id='line_1_24' title="bbox 296 4682 1670 4773; baseline -0.007 -28"><span class='ocrx_word' id='word_1_142' title='bbox 296 4730 337 4773; x_wconf 38' lang='grc' dir='ltr'><strong>,ᾖ</strong></span> <span class='ocrx_word' id='word_1_143' title='bbox 428 4684 457 4744; x_wconf 91' lang='grc'><strong>8.</strong></span> <span class='ocrx_word' id='word_1_144' title='bbox 482 4682 585 4744; x_wconf 75' lang='lat' dir='ltr'>Crucis</span> <span class='ocrx_word' id='word_1_145' title='bbox 608 4685 640 4745; x_wconf 94' lang='lat' dir='ltr'><strong>in</strong></span> <span class='ocrx_word' id='word_1_146' title='bbox 661 4684 791 4761; x_wconf 83' lang='lat' dir='ltr'><strong>Klepara</strong></span> <span class='ocrx_word' id='word_1_147' title='bbox 865 4722 1330 4741; x_wconf 92' lang='grc'><strong>.....</strong></span> <span class='ocrx_word' id='word_1_148' title='bbox 1401 4734 1404 4739; x_wconf 88' lang='grc'><strong>.</strong></span> <span class='ocrx_word' id='word_1_149' title='bbox 1435 4716 1443 4730; x_wconf 85' lang='lat'><strong>·</strong></span> <span class='ocrx_word' id='word_1_150' title='bbox 1549 4714 1556 4728; x_wconf 87' lang='lat'><strong>·</strong></span> <span class='ocrx_word' id='word_1_151' title='bbox 1663 4714 1670 4727; x_wconf 85' lang='lat'><strong>·</strong></span> 
     </span>
    </p>

    <p class='ocr_par' dir='ltr' id='par_1_21' title="bbox 324 4785 1670 4862">
     <span class='ocr_line' id='line_1_25' title="bbox 324 4785 1670 4862; baseline -0.005 -13"><span class='ocrx_word' id='word_1_152' title='bbox 324 4836 337 4862; x_wconf 81' lang='lat'>„</span> <span class='ocrx_word' id='word_1_153' title='bbox 428 4788 458 4848; x_wconf 85' lang='lat' dir='ltr'><strong>S.</strong></span> <span class='ocrx_word' id='word_1_154' title='bbox 481 4789 597 4849; x_wconf 87' lang='lat' dir='ltr'><strong>Nicolai</strong></span> <span class='ocrx_word' id='word_1_155' title='bbox 620 4794 825 4849; x_wconf 86' lang='lat' dir='ltr'><strong>extramuros</strong></span> <span class='ocrx_word' id='word_1_156' title='bbox 849 4785 1059 4847; x_wconf 78' lang='lat' dir='ltr'><strong>Oracnvienscs</strong></span> <span class='ocrx_word' id='word_1_157' title='bbox 1091 4818 1556 4844; x_wconf 81' lang='lat'><strong>.....</strong></span> <span class='ocrx_word' id='word_1_158' title='bbox 1606 4806 1610 4813; x_wconf 89' lang='lat'>·</span> <span class='ocrx_word' id='word_1_159' title='bbox 1663 4815 1670 4828; x_wconf 93' lang='lat'><strong>·</strong></span> 
     </span>
    </p>

    <p class='ocr_par' dir='ltr' id='par_1_22' title="bbox 324 4890 860 4968">
     <span class='ocr_line' id='line_1_26' title="bbox 324 4890 860 4968; baseline 0.002 -15"><span class='ocrx_word' id='word_1_160' title='bbox 324 4940 336 4968; x_wconf 85' lang='lat'>„</span> <span class='ocrx_word' id='word_1_161' title='bbox 428 4892 458 4952; x_wconf 91' lang='grc'><strong>8.</strong></span> <span class='ocrx_word' id='word_1_162' title='bbox 482 4892 635 4953; x_wconf 82' lang='lat' dir='ltr'><strong>Adalberti</strong></span> <span class='ocrx_word' id='word_1_163' title='bbox 658 4894 690 4953; x_wconf 94' lang='lat' dir='ltr'><strong>in</strong></span> <span class='ocrx_word' id='word_1_164' title='bbox 712 4890 860 4954; x_wconf 79' lang='lat' dir='ltr'><strong>Modtnica</strong></span> 
     </span>
    </p>
   </div>
   <div class='ocr_carea' id='block_1_7' title="bbox 520 5098 1557 5187">
    <p class='ocr_par' dir='ltr' id='par_1_23' title="bbox 520 5098 1557 5187">
     <span class='ocr_line' id='line_1_27' title="bbox 520 5098 1557 5187; baseline -0.02 -5"><span class='ocrx_word' id='word_1_165' title='bbox 520 5118 584 5182; x_wconf 63' lang='lat' dir='ltr'><strong>&#39;tn</strong></span> <span class='ocrx_word' id='word_1_166' title='bbox 609 5117 879 5184; x_wconf 82' lang='lat' dir='ltr'><strong>archidiaconatu</strong></span> <span class='ocrx_word' id='word_1_167' title='bbox 903 5112 1123 5181; x_wconf 68' lang='lat' dir='ltr'><strong>(trenorciensi</strong></span> <span class='ocrx_word' id='word_1_168' title='bbox 1146 5106 1313 5173; x_wconf 77' lang='lat' dir='ltr'><strong>ecciesiae</strong></span> <span class='ocrx_word' id='word_1_169' title='bbox 1337 5098 1557 5187; x_wconf 76' lang='lat' dir='ltr'><strong>parochiatae.</strong></span> 
     </span>
    </p>
   </div>
   <div class='ocr_carea' id='block_1_8' title="bbox 277 5278 1671 5686">
    <p class='ocr_par' dir='ltr' id='par_1_24' title="bbox 277 5278 1671 5686">
     <span class='ocr_line' id='line_1_28' title="bbox 278 5278 1671 5356; baseline -0.017 1"><span class='ocrx_word' id='word_1_170' title='bbox 278 5294 527 5356; x_wconf 86' lang='lat' dir='ltr'><strong>Bolechowice.</strong></span> <span class='ocrx_word' id='word_1_171' title='bbox 635 5342 641 5355; x_wconf 91' lang='grc'><strong>.</strong></span> <span class='ocrx_word' id='word_1_172' title='bbox 748 5338 756 5354; x_wconf 88' lang='grc'><strong>.</strong></span> <span class='ocrx_word' id='word_1_173' title='bbox 863 5336 870 5353; x_wconf 92' lang='grc'><strong>.</strong></span> <span class='ocrx_word' id='word_1_174' title='bbox 977 5333 984 5349; x_wconf 96' lang='grc'><strong>.</strong></span> <span class='ocrx_word' id='word_1_175' title='bbox 1091 5278 1101 5345; x_wconf 72' lang='grc'><strong>.’</strong></span> <span class='ocrx_word' id='word_1_176' title='bbox 1206 5317 1671 5342; x_wconf 92' lang='grc'><strong>.....</strong></span> 
     </span>
     <span class='ocr_line' id='line_1_29' title="bbox 278 5400 434 5476; baseline -0.006 -16"><span class='ocrx_word' id='word_1_177' title='bbox 278 5400 434 5476; x_wconf 85' lang='lat' dir='ltr'>Wysocice</span> 
     </span>
     <span class='ocr_line' id='line_1_30' title="bbox 277 5504 443 5564; baseline -0.006 0"><span class='ocrx_word' id='word_1_178' title='bbox 277 5504 443 5564; x_wconf 87' lang='lat' dir='ltr'><strong>Prandocin</strong></span> 
     </span>
     <span class='ocr_line' id='line_1_31' title="bbox 277 5608 389 5686; baseline -0.009 -17"><span class='ocrx_word' id='word_1_179' title='bbox 277 5608 389 5686; x_wconf 79' lang='lat' dir='ltr'><strong>Mogiia</strong></span> 
     </span>
    </p>
   </div>
   <div class='ocr_carea' id='block_1_9' title="bbox 1797 2707 1827 2869">
    <p class='ocr_par' dir='ltr' id='par_1_25' title="bbox 1797 2707 1827 2869">
     <span class='ocr_line' id='line_1_32' title="bbox 1797 2707 1827 2766; baseline -0.033 0"><span class='ocrx_word' id='word_1_180' title='bbox 1797 2707 1827 2766; x_wconf 81' lang='lat'><strong>5.</strong></span> 
     </span>
     <span class='ocr_line' id='line_1_33' title="bbox 1797 2813 1827 2869; baseline -0.033 0"><span class='ocrx_word' id='word_1_181' title='bbox 1797 2813 1827 2869; x_wconf 87' lang='grc'><strong>6.</strong></span> 
     </span>
    </p>
   </div>
   <div class='ocr_carea' id='block_1_10' title="bbox 1777 2917 1890 3282">
    <p class='ocr_par' dir='ltr' id='par_1_26' title="bbox 1777 2917 1890 3282">
     <span class='ocr_line' id='line_1_34' title="bbox 1778 2917 1828 2972; baseline 0 0"><span class='ocrx_word' id='word_1_182' title='bbox 1778 2917 1828 2972; x_wconf 97' lang='grc'><strong>12.</strong></span> 
     </span>
     <span class='ocr_line' id='line_1_35' title="bbox 1777 3017 1890 3076; baseline -0.027 0"><span class='ocrx_word' id='word_1_183' title='bbox 1777 3017 1828 3076; x_wconf 84' lang='grc'><strong>14.</strong></span> <span class='ocrx_word' id='word_1_184' title='bbox 1885 3055 1890 3062; x_wconf 79' lang='lat'><em>,</em></span> 
     </span>
     <span class='ocr_line' id='line_1_36' title="bbox 1777 3121 1828 3178; baseline -0.02 0"><span class='ocrx_word' id='word_1_185' title='bbox 1777 3121 1828 3178; x_wconf 83' lang='lat'><strong>18.</strong></span> 
     </span>
     <span class='ocr_line' id='line_1_37' title="bbox 1778 3225 1828 3282; baseline -0.02 0"><span class='ocrx_word' id='word_1_186' title='bbox 1778 3225 1828 3282; x_wconf 83' lang='lat'><strong>19.</strong></span> 
     </span>
    </p>
   </div>
   <div class='ocr_carea' id='block_1_11' title="bbox 1775 3742 1828 3798">
    <p class='ocr_par' dir='ltr' id='par_1_27' title="bbox 1775 3742 1828 3798">
     <span class='ocr_line' id='line_1_38' title="bbox 1775 3742 1828 3798; baseline 0 0"><span class='ocrx_word' id='word_1_187' title='bbox 1775 3742 1828 3798; x_wconf 88' lang='grc'><strong>21.</strong></span> 
     </span>
    </p>
   </div>
   <div class='ocr_carea' id='block_1_12' title="bbox 1775 4463 1875 4828">
    <p class='ocr_par' dir='ltr' id='par_1_28' title="bbox 1775 4463 1875 4828">
     <span class='ocr_line' id='line_1_39' title="bbox 1775 4463 1875 4521; baseline -0.02 -1"><span class='ocrx_word' id='word_1_188' title='bbox 1775 4463 1827 4521; x_wconf 90' lang='grc'><strong>27.</strong></span> <span class='ocrx_word' id='word_1_189' title='bbox 1872 4506 1875 4509; x_wconf 78' lang='lat'><strong>.</strong></span> 
     </span>
     <span class='ocr_line' id='line_1_40' title="bbox 1776 4568 1827 4623; baseline 0 -1"><span class='ocrx_word' id='word_1_190' title='bbox 1776 4568 1827 4623; x_wconf 88' lang='grc'><strong>27.</strong></span> 
     </span>
     <span class='ocr_line' id='line_1_41' title="bbox 1775 4670 1827 4725; baseline -0.019 0"><span class='ocrx_word' id='word_1_191' title='bbox 1775 4670 1827 4725; x_wconf 87' lang='grc'><strong>27.</strong></span> 
     </span>
     <span class='ocr_line' id='line_1_42' title="bbox 1775 4772 1827 4828; baseline 0.019 -1"><span class='ocrx_word' id='word_1_192' title='bbox 1775 4772 1827 4828; x_wconf 92' lang='grc'><strong>27.</strong></span> 
     </span>
    </p>
   </div>
   <div class='ocr_carea' id='block_1_13' title="bbox 0 0 2281 6596">
    <p class='ocr_par' dir='ltr' id='par_1_29' title="bbox 0 0 2281 6596">
     <span class='ocr_line' id='line_1_43' title="bbox 0 0 2281 6596; baseline 0 0"><span class='ocrx_word' id='word_1_193' title='bbox 0 0 2281 6596; x_wconf 95' lang='lat' dir='ltr'><strong> </strong></span> 
     </span>
    </p>
   </div>
  </div>
 </body>
</html>
