4550 6600
1689 761 1764 837 tel
1798 792 1803 799 ·

210 966 373 1061 militare,
400 970 484 1043 item
510 989 580 1043 una
605 970 760 1061 taberna,
787 970 919 1043 habens
948 931 1050 1063 agros
1078 991 1121 1043 ex
1149 970 1293 1061 praedio
1318 970 1483 1062 largitos,
1509 972 1593 1045 item
1619 977 1770 1063 quatuor
1897 946 1904 955 ⁶

209 1092 442 1182 hortulaniac,
468 1092 636 1165 habentes
663 1113 766 1183 agros
793 1114 837 1165 ex
864 1093 1008 1185 praedio
1035 1093 1191 1183 largitus,
1217 1094 1301 1165 item
1328 1094 1400 1165 tria
1415 1094 1613 1167 molendina
1638 1092 1769 1168 haben-

210 1213 262 1285 tia
288 1234 402 1305 agros,
430 1235 473 1285 ex
499 1214 642 1305 praedio
670 1215 832 1306 largitos,
847 1278 851 1295 ,
869 1216 912 1288 de
941 1216 1066 1308 quibus
1093 1216 1253 1289 omnibus
1279 1216 1427 1289 solvitur
1454 1216 1587 1288 decima
1612 1217 1770 1308 manipu-
1885 1206 1889 1215 ’

211 1335 298 1407 laris
327 1336 492 1409 ecclesiae
519 1336 562 1409 de
589 1336 755 1427 Magna
784 1337 1011 1430 Pyassek,
1047 1336 1146 1411 cuius
1181 1337 1280 1411 valor
1306 1338 1513 1411 aestimatur
1547 1338 1770 1431 utquisque

211 1476 359 1529 marcas.
1133 1482 1143 1491 “

316 1579 521 1671 ΖΑαΑγοπ,
558 1580 642 1653 villa
668 1580 733 1654 sub
760 1582 925 1672 parochia
951 1582 994 1655 de
1021 1581 1189 1673 Magna
1213 1581 1243 1652 P
1251 1582 1422 1674 yasselr
1448 1583 1535 1673 sita,
1563 1583 1661 1655 euius
1688 1583 1770 1657 bac

211 1721 268 1773 res
295 1700 446 1791 Spithko
473 1702 516 1774 de
543 1702 772 1775 Melsthin
799 1704 842 1777 de
869 1695 1187 1777 armis·Le'liva
1231 1705 1272 1775 lu
1299 1725 1368 1796 qua
1391 1710 1474 1777 sunt
1498 1705 1591 1777 lanei
1617 1705 1771 1778 cmethu·
1851 1730 1875 1763 2·

212 1823 319 1913 nates,
347 1824 430 1914 item
457 1825 606 1897 taberna
631 1846 701 1897 una
726 1826 858 1899 babens
886 1848 1008 1917 agros,
1044 1826 1240 1919 dequibus
1267 1827 1426 1900 omnibus
1453 1826 1601 1899 solvitur
1627 1833 1664 1899 et
1689 1848 1771 1899 con·
1865 1808 1867 1818 ¹

213 1944 353 2017 ducitur
380 1946 513 2019 decima
548 1948 773 2040 manipularis
800 1954 837 2020 et
863 1948 1039 2040 canapalis
1074 1969 1138 2039 pro
1165 1949 1368 2040 episcopatu
1394 1948 1636 2040 cracoviensi,
1673 1950 1771 2021 cuius

213 2066 310 2139 valor
339 2068 385 2140 ad
412 2074 562 2159 quatuor
589 2090 723 2142 marcas
750 2071 964 2143 aestimatur.
991 2070 1078 2143 Item
1098 2093 1168 2144 non
1195 2078 1250 2144 est
1268 2072 1304 2145 in
1323 2072 1444 2145 eadem
1471 2072 1556 2145 villa
1580 2072 1771 2174 praedium,

213 2209 324 2280 neque
352 2190 581 2263 hortulaniae.
626 2193 714 2265 Item
741 2198 795 2265 est
829 2214 900 2265 una
926 2194 1073 2265 taberna
1108 2194 1243 2265 habens
1277 2212 1400 2285 agros,
1437 2194 1482 2265 ad
1517 2195 1772 2285 proprietatem

213 2309 353 2401 plebani
381 2311 424 2383 de
443 2311 609 2402 Magna
634 2313 841 2405 Pyassek
869 2315 1059 2405 pertinens,
1087 2314 1130 2387 de
1149 2315 1303 2405 quesibi
1330 2321 1475 2387 ceusuat
1499 2314 1645 2404 singulis
1672 2316 1772 2387 aunis

214 2431 300 2505 duas
328 2454 476 2505 marcas.
516 2494 521 2513 .

316 2554 434 2629 Villae
460 2556 685 2647 parochiales:
713 2556 878 2647 Magna
904 2557 1130 2649 Pyasselr,
1157 2563 1196 2630 et
1221 2558 1462 2649 Zagayov,
1493 2563 1532 2631 et
1556 2559 1593 2629 iu
1621 2563 1769 2649 utraque

215 2676 312 2774 villo,
322 2679 472 2751 solvitur
499 2678 709 2753 columbatio
736 2663 984 2770 perpressam
1011 2680 1054 2751 de
1081 2680 1193 2770 laneo,
1220 2700 1284 2772 pro
1311 2681 1471 2770 plebano.

591 2923 754 2997 Znonow
780 2925 867 2997 alias
894 2924 1111 2999 ancsown
1138 2925 1399 3000 Errscoracrs.

181 3054 184 3065 '
317 3044 416 3119 Villa
441 3046 573 3121 babens
601 3046 781 3119 ecclesiam
808 3048 1041 3138 parochialem
1068 3048 1218 3137 ligneam
1246 3048 1282 3119 in
1308 3068 1361 3137 se,
1396 3046 1534 3119 Sanctis
1562 3044 1707 3119 Nicolao
1724 3052 1772 3117 et
1840 3120 1844 3129 ,

217 3167 365 3257 Aegidio
392 3168 551 3259 dicatam,
579 3170 676 3241 cuius
702 3171 900 3260 proprietas
923 3169 967 3241 ad
986 3169 1225 3260 episcopatum
1251 3168 1517 3265 cracoviensem
1544 3168 1706 3258 ponium
1732 3167 1773 3239 Iu

219 3311 283 3380 qna
308 3296 393 3362 sunt
419 3296 550 3382 septem
578 3290 798 3364 hortulaniae
825 3293 994 3364 habentes
1022 3313 1125 3397 agros
1152 3297 1189 3363 et
1215 3292 1347 3382 hortos,
1374 3290 1418 3364 de
1440 3311 1588 3382 quornm
1614 3289 1710 3380 agris
1736 3294 1773 3360 et

217 3413 326 3484 hortis
357 3413 505 3486 solvitur
526 3419 566 3486 et
593 3414 796 3486 conducitur
823 3414 955 3486 decima
972 3414 1199 3504 manipularis
1226 3435 1291 3504 pro
1319 3413 1520 3504 episcopatu
1538 3411 1774 3500 cracoviensi,

218 3539 251 3604 at
275 3535 377 3606 valor
403 3535 479 3606 eius
502 3536 710 3609 aestimatur
737 3537 781 3608 ad
808 3541 880 3608 tres
907 3549 1051 3608 marcas.
1095 3535 1184 3606 ltem
1210 3535 1358 3606 ecelesia
1383 3536 1419 3606 in
1445 3534 1642 3608 Zborovv
1667 3532 1776 3606 habet
1813 3523 1817 3528 ’

220 3677 319 3746 agros
346 3658 508 3748 proprios
535 3663 571 3730 et
597 3665 717 3751 prata,
745 3660 829 3730 item
856 3659 961 3731 habet
988 3679 1092 3730 unam
1118 3659 1302 3730 tabernam
1327 3658 1514 3728 habentem
1541 3677 1657 3747 agros,
1684 3675 1774 3746 quae

218 3778 319 3850 solvit
345 3778 492 3868 plebano
520 3800 585 3872 pro
611 3801 716 3852 censu
743 3801 858 3852 annum
884 3780 970 3853 duas
997 3800 1151 3868 marcas3
1178 3780 1262 3850 item
1289 3778 1397 3850 habet
1423 3776 1511 3849 duas
1537 3776 1767 3867 hortulauias,

219 3904 252 3970 et
277 3901 453 3990 quaelibet
479 3901 616 3975 laborat
642 3902 733 3974 diem
760 3904 795 3974 in
823 3903 1026 3994 septimana
1053 3901 1140 3974 Item
1158 3900 1266 3972 hahet
1291 3900 1459 3972 lacum‘et
1477 3899 1610 3990 sylvam
1637 3897 1768 3970 dictam

220 4019 458 4114 Koczova,
486 4044 528 4098 ex
556 4024 668 4098 altera
695 4045 778 4098 vero
805 4031 906 4114 parte
933 4023 1071 4115 sylvae,
1112 4029 1194 4094 sunt
1212 4029 1315 4114 prata
1340 4022 1456 4094 dictae
1482 4021 1660 4094 eeclesiae.
1686 4019 1776 4090 Item

222 4144 363 4216 ecclesia
389 4146 497 4218 habet
523 4146 635 4218 lacum
662 4147 859 4238 proprium,
886 4166 985 4218 secus
1012 4145 1124 4216 lacum
1151 4144 1372 4216 cmetbonum
1398 4143 1443 4216 de
1469 4142 1776 4232 Biskupicze,

223 4271 257 4336 et
281 4267 398 4340 nullus
424 4267 513 4340 alius
539 4269 647 4340 babet
673 4269 922 4360 proprietatem
951 4268 987 4340 in
1014 4267 1107 4338 dicto
1133 4267 1222 4359 lacn,
1249 4267 1318 4340 nisi
1345 4266 1441 4339 solus
1466 4265 1645 4355 plebanus.

323 4389 562 4482 Xnncmczs,
588 4391 672 4463 villa
698 4391 830 4464 hahens
857 4391 893 4462 in
920 4410 958 4462 se
985 4389 1166 4460 ecclesiam
1202 4388 1455 4480 parochialem,
1481 4388 1578 4460 cuius
1612 4387 1776 4459 baares...

224 4505 564 4604 Zabyorowsky
592 4511 634 4584 de
662 4513 767 4584 armis
794 4510 980 4602 Ostoya
1025 4510 1066 4582 ln
1094 4531 1164 4602 qua
1189 4516 1271 4583 sunt
1295 4510 1476 4584 duodecim
1503 4509 1596 4580 lanei
1622 4507 1777 4581 amabo-

224 4629 326 4724 nales‚
353 4634 437 4706 item
463 4634 641 4725 tabernae,
670 4635 754 4706 item
781 4633 1001 4708 hortulaniae
1029 4637 1102 4704 tres
1121 4633 1292 4706 habentes
1319 4653 1435 4723 agros3
1462 4630 1506 4702 de
1525 4630 1650 4722 quibus
1668 4628 1778 4701 omni-

134 4739 136 4744 *
225 4750 287 4824 bns
313 4755 459 4827 solvitur
477 4759 514 4826 ct
531 4754 737 4827 conducitur
764 4755 898 4827 decima
924 4753 1151 4845 manipularis
1169 4761 1206 4825 et
1224 4753 1400 4844 canapalis
1426 4752 1593 4823 ecclesiae
1621 4754 1656 4822 in
1678 4750 1778 4823 Zbo-

226 4893 320 4966 row,
347 4881 384 4948 et
409 4877 507 4950 valor
533 4877 608 4950 eius
636 4877 841 4950 aestimatur
867 4876 913 4948 ad
939 4875 1119 4948 duodecim
1146 4896 1292 4948 marcas
1330 4874 1421 4947 Item
1448 4879 1531 4946 sunt
1556 4873 1606 4946 ibi
1633 4871 1777 4964 praedia

227 4995 407 5088 militaria,
443 4999 486 5070 de
513 5017 660 5090 quorum
688 4999 798 5090 agris,
825 4999 1017 5072 decimatur
1043 4996 1210 5070 ecclesiae
1236 4998 1272 5070 in
1300 4996 1397 5070 Xan
1405 4996 1588 5088 gnicze,
1615 5001 1653 5068 et
1679 4994 1778 5070 valor

229 5115 298 5188 eius
324 5120 531 5208 aestimatur
557 5120 602 5194 ad
629 5125 780 5212 quatuor
806 5141 950 5192 marcas.

326 5241 458 5314 Knnsr
485 5241 638 5334 Pnavn,
678 5242 761 5314 villa
788 5243 851 5314 sub
878 5241 1044 5332 parocbia
1071 5240 1114 5312 da
1149 5239 1173 5312 J
1182 5240 1320 5312 anina
1354 5241 1443 5332 sita,
1483 5240 1582 5312 cuius
1608 5238 1777 5320 haeredes

231 5355 374 5434 Thomas
405 5363 592 5458 Karsky
629 5364 672 5439 de
699 5364 805 5455 armis
841 5363 1091 5458 Hahdanh,
1123 5369 1160 5434 et
1184 5362 1364 5434 lohannes
1399 5361 1779 5453 Korzenycwsky

230 5478 270 5552 de
295 5487 399 5560 armis
425 5485 448 5558 J
459 5487 608 5578 anina.
648 5485 838 5578 inquibus
866 5507 934 5557 non
961 5491 1043 5558 sunt
1069 5483 1163 5556 lanei
1190 5485 1434 5577 emethonales,
1461 5483 1523 5556 sed
1549 5483 1779 5558 sunthortn-
1893 5463 1896 5471 “

230 5601 336 5678 laniae
362 5609 531 5682 babentes
558 5629 671 5700 agros,
698 5608 733 5680 in
761 5608 951 5699 quamlibet
976 5606 1210 5684 hortulaniam
1239 5606 1430 5698 distinctos,
1458 5607 1665 5698 deonorum
1683 5606 1779 5698 agris

231 5722 356 5828 decima
381 5729 659 5821 diversificatur;
694 5751 774 5804 narn
801 5729 845 5802 dc
872 5751 932 5803 sex
959 5727 1169 5802 hortulaniis
1195 5729 1345 5821 percipit
1370 5729 1539 5802 decimam
1569 5727 1718 5809 ecclesia
1744 5729 1781 5800 in
