4550 6600
527 753 605 821 294

589 1030 592 1035 ,
630 953 883 1043 Gnonzuszno,
919 952 1004 1027 villa
1038 952 1102 1025 sub
1129 951 1294 1042 parocbia
1320 950 1364 1021 oe
1395 950 1712 1021 Dobrzechow
1747 950 1834 1040 sita,
1872 950 1969 1020 cuius
1992 972 2061 1040 pra

525 1077 654 1166 pristas
682 1075 726 1146 ad
753 1074 1003 1145 monasterium
1030 1071 1375 1163 Koprzywnyczense
1401 1072 1564 1160 pertinet
1599 1070 1640 1142 In
1668 1090 1738 1160 qua
1763 1076 1846 1142 sunt
1872 1070 1965 1141 lanei
1987 1090 2063 1142 eme

525 1196 698 1286 chorales,
726 1198 809 1268 item
836 1197 1012 1286 tabernae,
1039 1195 1123 1265 item
1150 1193 1381 1284 liortulaniae,
1406 1194 1489 1263 item
1509 1192 1669 1263 scoltetia
1694 1192 1825 1263 babens
1844 1192 1935 1263 duos
1951 1192 2063 1283 laneos,

523 1318 630 1388 etde
658 1317 932 1389 emetbonalibus
968 1316 1104 1408 quidem
1141 1316 1250 1386 laneis
1286 1315 1435 1387 solvitur
1470 1314 1604 1385 decima
1637 1313 1827 1403 pecunialis
1863 1334 1930 1403 pro
1956 1334 2064 1387 mona·

526 1438 634 1509 sterio
661 1438 697 1508 in
724 1437 785 1509 Ko
796 1457 1117 1530 przywnycza‚
1145 1436 1188 1507 de
1203 1436 1357 1527 quolibet
1380 1435 1481 1506 laneo
1495 1455 1559 1525 pcr
1576 1454 1637 1506 sex
1650 1455 1792 1525 grossos
1805 1434 1908 1524 latos,
1923 1441 1982 1506 aut
1999 1444 2064 1508 octo

526 1578 732 1648 communem
760 1558 803 1629 dc
830 1558 1079 1631 scoltetialibus
1106 1577 1189 1629 vcro
1216 1556 1326 1628 laneis
1353 1556 1501 1629 solvituu
1526 1536 1660 1627 decima
1685 1556 1721 1626 in
1748 1555 2065 1648 Dobrzecbou,

525 1679 567 1749 dc
595 1679 750 1770 quolibet
784 1679 885 1750 laneo
921 1700 984 1771 per
1011 1700 1072 1750 sex
1099 1678 1261 1749 simililer
1286 1698 1427 1768 grossos
1453 1678 1559 1768 latos,
1587 1682 1649 1749 aut
1674 1696 1739 1767 per
1765 1682 1844 1748 octo
1874 1696 2066 1748 communes

401 1797 406 1803 ’
523 1801 612 1871 Item
639 1799 797 1891 praelata
825 1800 910 1872 villa
935 1806 1011 1872 tota
1038 1800 1143 1872 solvit
1169 1799 1324 1870 missalia
1348 1800 1496 1890 plebano
1523 1799 1559 1869 in
1586 1798 1907 1870 Dobrzccbow
1933 1800 2073 1887 mannia.

523 1927 656 2013 parata,
683 1928 720 1993 et
745 1922 954 2014 proveniunt
980 1928 1052 1994 tres
1079 1940 1216 1992 nrarcae
1243 1926 1278 1992 el
1305 1921 1437 2011 aliquot
1463 1920 1579 2011 grossi
1604 1920 1794 1992 communis
1820 1919 1997 2011 pecumae.

629 2043 810 2134 annnn,
838 2043 921 2116 villa
947 2044 1010 2115 sub
1037 2043 1203 2134 parocbia
1229 2042 1273 2114 de
1299 2043 1615 2117 Dobrzecbow
1642 2041 1728 2132 sita,
1756 2042 1854 2113 ouius
1881 2042 2066 2131 proprietas

525 2160 570 2235 a'd
597 2166 844 2237 monasterium
869 2164 1215 2256 Koprzywnyczcnse
1239 2165 1401 2256 pertinet.
1436 2164 1477 2235 ln
1504 2184 1573 2255 qua
1599 2168 1681 2234 sunt
1707 2163 1800 2234 lanei
1826 2162 2064 2252 ametbonales,

527 2286 611 2357 item
647 2287 793 2359 taberna
827 2307 897 2358 una
931 2287 1065 2357 babens
1093 2307 1215 2377 agros5
1250 2286 1444 2376 dequibus
1480 2263 1628 2357 solvitur
1658 2284 1794 2357 decima
1818 2283 2008 2375 pecunialis
2030 2282 2066 2354 le

255 2480 261 2497 Χ
408 2478 410 2481 ,
527 2407 682 2496 quolibet
708 2408 808 2480 laneo
844 2428 907 2499 per
934 2428 994 2479 sex
1021 2428 1162 2498 grossos
1188 2409 1299 2497 latua,
1334 2413 1397 2479 aut
1423 2412 1500 2479 octo
1528 2426 1754 2498 communes,
1781 2426 1846 2497 pro
1868 2406 2065 2497 monasterio

526 2526 870 2620 Koprzywnyczensi.
906 2530 994 2601 Item
1021 2536 1076 2601 est
1102 2531 1151 2601 ibi
1178 2530 1357 2621 scoltetia‚
1391 2529 1523 2602 babens
1559 2530 1646 2601 duos
1681 2528 1799 2600 laneos
1825 2528 2006 2619 proprios,
2028 2526 2064 2596 m

528 2650 652 2740 quibus
680 2650 784 2723 solvit
811 2652 978 2723 decimam
997 2706 1141 2724 ......

630 2769 889 2845 Gonczowsnn
916 2772 1071 2865 worse,
1098 2774 1182 2846 villa
1199 2776 1264 2846 sub
1281 2774 1447 2865 parocbia
1472 2774 1516 2846 de
1533 2772 1850 2846 Dobrzcchow
1876 2772 1956 2862 sita
1978 2769 2062 2841 cuius

525 2893 721 2982 proprietas
757 2894 801 2965 ad
837 2875 1084 2967 monasterium
1111 2894 1455 2987 Koprzywnyczense
1482 2896 1642 2986 pertinet
1685 2894 1727 2965 In
1763 2914 1831 2985 qua
1863 2897 1949 2965 sunt
1981 2891 2060 2962 lanei

528 3015 769 3105 cmetbonalea
797 3016 839 3087 dc
867 3017 991 3107 quibus
1018 3017 1167 3089 solvitur
1193 3016 1326 3089 decima
1350 3016 1541 3108 pecunialis
1566 3036 1630 3107 per
1647 3036 1708 3088 sex
1726 3015 1818 3087 latos
1839 3034 1990 3104 grossos,
2014 3017 2064 3081 aut

518 3154 593 3225 ,per
617 3140 695 3235 octo
723 3156 928 3227 communen,
955 3158 1019 3227 pro
1046 3139 1257 3210 monasterio
1275 3137 1611 3230 Koprzywnyczeusi
1637 3134 1806 3228 praelato.
1831 3135 1922 3205 Item
1949 3136 2001 3204 est
2022 3131 2063 3202 ibi

529 3255 688 3326 scultetis
713 3277 783 3328 una
809 3256 940 3330 babens
968 3258 1053 3332 duos
1080 3258 1210 3351 laneos,
1238 3259 1425 3352 dequibus
1451 3259 1556 3332 solvit
1583 3258 1760 3347 decimam
1786 3257 1871 3330 item
1888 3275 1955 3348 pro
1972 3251 2064 3326 eccla

399 3377 403 3388 '
530 3375 582 3446 sia
609 3377 644 3446 in
671 3377 984 3452 Dobrzcchow
1011 3379 1151 3453 solvunt
1176 3381 1375 3454 ametbones
1400 3378 1561 3452 euectae.

632 3497 871 3570 zmoucznm
897 3499 1054 3592 Wonnn,
1094 3501 1179 3573 villa
1196 3502 1260 3572 sub
1278 3503 1442 3593 parocbia
1465 3501 1508 3573 de
1533 3499 1848 3574 Dobrzecbow
1874 3498 1955 3589 sita
1979 3492 2062 3568 cuim

529 3619 726 3708 proprietas
761 3619 806 3690 ad
840 3622 1089 3693 monasterium
1115 3620 1457 3714 Koprzywnyczense
1491 3623 1654 3712 pertinet.
1697 3621 1739 3692 In
1766 3641 1836 3711 qua
1870 3623 1954 3691 sunt
1984 3612 2062 3690 lanei

416 3817 420 3837 ι
531 3739 779 3832 cmethonales,
816 3741 1012 3834 dequibus
1048 3743 1196 3816 solvitur
1229 3743 1364 3816 decima
1389 3744 1579 3835 pecunialis
1614 3730 1677 3834 per
1704 3763 1766 3814 sex
1801 3743 1892 3813 latos
1928 3757 2062 3832 grossos,

531 3865 592 3931 aut
618 3882 680 3952 per
707 3869 785 3935 octo
812 3883 1018 3956 commoneo,
1045 3863 1254 3937 monasterio
1273 3864 1620 3963 Koprzywnyczensi3
1645 3865 1730 3936 ilem
1756 3884 1822 3953 pro
1838 3858 1991 3933 crumelum
2005 3856 2062 3929 sol-

530 3987 616 4054 vunt
643 3983 805 4056 ecclesiae
834 3984 870 4056 in
896 3984 1250 4059 Dobrzechow....
2041 3983 2050 4000 ⁸

1203 4228 1405 4300 Doeanow.

548 4316 550 4334 ¹
634 4343 729 4416 Villa
754 4345 884 4418 babens
910 4347 1145 4438 parochialem
1171 4349 1352 4421 ecclesiam
1378 4350 1527 4440 ligneam
1553 4349 1590 4420 in
1617 4368 1663 4438 se,
1690 4345 1838 4420 Sanctae
1856 4346 1989 4418 Mariae
2004 4341 2060 4414 As·

533 4467 718 4556 sumptioni
745 4467 904 4559 dicatam,
932 4469 1027 4541 cuius
1054 4471 1179 4543 haeres
1205 4470 1383 4543 Jobannes
1410 4471 1534 4542 Nosb
1561 4471 1604 4542 de
1630 4471 1877 4560 Dobrkow,
1904 4469 1948 4540 de
1973 4466 2060 4538 dono

531 4587 847 4680 Bippennium.
873 4589 914 4661 In
933 4611 1000 4682 qua
1018 4597 1099 4663 sunt
1125 4592 1217 4663 lanei
1234 4593 1476 4683 amathonales‚
1503 4593 1586 4664 item
1603 4591 1833 4682 hortulaniae,
1860 4591 1944 4662 item
1961 4587 2060 4659 taber·
2102 4601 2104 4605 ·

531 4729 606 4800 nae,
632 4709 715 4782 item
742 4706 921 4801 praedium
948 4711 1097 4786 militare
1124 4735 1248 4805 unum,
1275 4715 1318 4785 ‹ic
1345 4715 1469 4804 quibus
1496 4715 1654 4786 omnibus
1680 4713 1828 4785 solvitur
1852 4718 1890 4784 et
1916 4705 2059 4782 conium

531 4835 591 4902 tur
617 4829 749 4903 decima
774 4833 999 4924 manipularis
1017 4839 1053 4906 et
1072 4836 1247 4925 canapalis
1273 4857 1337 4926 pro
1364 4836 1511 4908 ecclesia
1536 4840 1572 4906 et
1597 4835 1746 4926 plebano
1771 4835 1808 4906 in
1833 4832 2074 4913 Dobrlrow,'

531 4957 567 5021 et
593 4952 691 5025 valor
717 4953 790 5025 eius
817 4957 1020 5028 aestimatur
1046 4955 1090 5026 ad
1117 4954 1235 5028 decem
1261 4932 1416 5047 marcas3
1451 4956 1534 5028 item
1561 4957 1728 5046 plebanus
1763 4956 1813 5028 ibi
1838 4938 1945 5026 babet
1972 4967 2058 5040 agros

531 5074 690 5163 proprios
717 5079 753 5146 et
779 5081 891 5166 prata,
918 5099 981 5166 pro
1001 5099 1063 5149 suo
1081 5099 1156 5168 usu,
1183 5078 1325 5168 praedio
1352 5084 1389 5150 ct
1414 5079 1629 5149 necessitate:
1656 5078 1738 5148 item
1756 5076 1955 5165 noandum,
1981 5066 2058 5162 quod

386 5205 391 5208 ·
531 5193 697 5266 decimam
723 5195 971 5285 manipularem
998 5198 1034 5268 in
1061 5197 1289 5271 Dobrkow
1316 5200 1583 5290 cmetbonalem‚
1620 5203 1816 5270 comesset
1851 5197 1894 5268 de
1921 5190 2059 5286 proprie

531 5319 605 5384 tate
640 5337 778 5387 mensae
815 5318 967 5407 episcopi
994 5317 1250 5410 Cracoviensis,
1286 5326 1426 5393 sanctae
1459 5321 1645 5392 memoriae
1681 5318 1852 5409 Sbigneus
1880 5311 2058 5396 cardinalis,

532 5433 712 5524 episeopus
739 5435 994 5529 Cracoviensis,
1031 5437 1076 5512 ad
1107 5441 1310 5529 petitionem
1345 5415 1495 5531 praelati
1530 5440 1701 5513 lobannis
1735 5439 1880 5528 Nosb,
1916 5438 1971 5508 sui
1992 5439 2058 5504 tuuc

531 5555 679 5643 patroni,
706 5555 748 5626 de
767 5577 936 5630 consensu
963 5559 1106 5651 capituli
1124 5558 1373 5651 cracoviensis,
1399 5562 1565 5634 ecclesiae
1590 5563 1627 5632 in
1652 5559 1886 5633 Dobrkow
1911 5559 2058 5648 perpetua

439 5763 441 5769 Ι
533 5670 675 5744 donant
700 5681 736 5746 ct
761 5677 947 5770 inscripsit
