<?xml version="1.0" encoding="UTF-8"?>
<!DOCTYPE html PUBLIC "-//W3C//DTD XHTML 1.0 Transitional//EN"
    "http://www.w3.org/TR/xhtml1/DTD/xhtml1-transitional.dtd">
<html xmlns="http://www.w3.org/1999/xhtml" xml:lang="en" lang="en">
 <head>
  <title>
</title>
<meta http-equiv="Content-Type" content="text/html;charset=utf-8" />
  <meta name='ocr-system' content='tesseract 3.04.00' />
  <meta name='ocr-capabilities' content='ocr_page ocr_carea ocr_par ocr_line ocrx_word'/>
</head>
<body>
  <div class='ocr_page' id='page_1' title='image "./operaomnia03paulgoog_0239.png"; bbox 0 0 4550 6600; ppageno 0'>
   <div class='ocr_carea' id='block_1_1' title="bbox 539 742 612 817">
    <p class='ocr_par' dir='ltr' id='par_1_1' title="bbox 539 742 612 817">
     <span class='ocr_line' id='line_1_1' title="bbox 539 742 612 817; baseline -0.027 0"><span class='ocrx_word' id='word_1_1' title='bbox 539 742 612 817; x_wconf 79' lang='lat'>208</span> 
     </span>
    </p>
   </div>
   <div class='ocr_carea' id='block_1_2' title="bbox 393 919 2076 2242">
    <p class='ocr_par' dir='ltr' id='par_1_2' title="bbox 393 919 2071 1401">
     <span class='ocr_line' id='line_1_2' title="bbox 393 919 2069 1039; baseline -0.003 -19"><span class='ocrx_word' id='word_1_2' title='bbox 393 923 397 937; x_wconf 47' lang='lat'><em>¹</em></span> <span class='ocrx_word' id='word_1_3' title='bbox 536 950 577 1019; x_wconf 93' lang='lat' dir='ltr'>In</span> <span class='ocrx_word' id='word_1_4' title='bbox 605 968 673 1039; x_wconf 91' lang='lat' dir='ltr'>qna</span> <span class='ocrx_word' id='word_1_5' title='bbox 699 952 780 1019; x_wconf 90' lang='lat' dir='ltr'>sunt</span> <span class='ocrx_word' id='word_1_6' title='bbox 806 919 898 1019; x_wconf 85' lang='lat' dir='ltr'>lanei</span> <span class='ocrx_word' id='word_1_7' title='bbox 924 940 1177 1036; x_wconf 82' lang='lat' dir='ltr'>emethonales‚</span> <span class='ocrx_word' id='word_1_8' title='bbox 1212 943 1296 1015; x_wconf 85' lang='lat' dir='ltr'>item</span> <span class='ocrx_word' id='word_1_9' title='bbox 1329 943 1513 1034; x_wconf 88' lang='lat' dir='ltr'>tabernae,</span> <span class='ocrx_word' id='word_1_10' title='bbox 1549 942 1633 1014; x_wconf 88' lang='lat' dir='ltr'>item</span> <span class='ocrx_word' id='word_1_11' title='bbox 1659 942 1856 1033; x_wconf 88' lang='lat' dir='ltr'>hortulani,</span> <span class='ocrx_word' id='word_1_12' title='bbox 1892 941 2069 1033; x_wconf 85' lang='lat' dir='ltr'>dequibus</span> 
     </span>
     <span class='ocr_line' id='line_1_3' title="bbox 539 1064 2071 1156; baseline -0.004 -15"><span class='ocrx_word' id='word_1_13' title='bbox 539 1070 685 1141; x_wconf 90' lang='lat' dir='ltr'>solvitur</span> <span class='ocrx_word' id='word_1_14' title='bbox 711 1075 748 1140; x_wconf 92' lang='lat' dir='ltr'>et</span> <span class='ocrx_word' id='word_1_15' title='bbox 766 1068 968 1140; x_wconf 86' lang='lat' dir='ltr'>conducitur</span> <span class='ocrx_word' id='word_1_16' title='bbox 995 1066 1126 1139; x_wconf 91' lang='lat' dir='ltr'>decima</span> <span class='ocrx_word' id='word_1_17' title='bbox 1152 1065 1379 1156; x_wconf 82' lang='lat' dir='ltr'>manipularis</span> <span class='ocrx_word' id='word_1_18' title='bbox 1398 1070 1435 1137; x_wconf 91' lang='lat' dir='ltr'>et</span> <span class='ocrx_word' id='word_1_19' title='bbox 1453 1065 1630 1154; x_wconf 84' lang='lat' dir='ltr'>canapalis</span> <span class='ocrx_word' id='word_1_20' title='bbox 1656 1085 1720 1155; x_wconf 88' lang='lat' dir='ltr'>pro</span> <span class='ocrx_word' id='word_1_21' title='bbox 1743 1064 1985 1155; x_wconf 80' lang='lat' dir='ltr'>praepositura</span> <span class='ocrx_word' id='word_1_22' title='bbox 2001 1064 2071 1135; x_wconf 85' lang='lat' dir='ltr'>Cra-</span> 
     </span>
     <span class='ocr_line' id='line_1_4' title="bbox 538 1184 2071 1280; baseline -0.003 -20"><span class='ocrx_word' id='word_1_23' title='bbox 538 1190 698 1280; x_wconf 87' lang='lat' dir='ltr'>coviensi,</span> <span class='ocrx_word' id='word_1_24' title='bbox 725 1196 761 1261; x_wconf 91' lang='lat' dir='ltr'>et</span> <span class='ocrx_word' id='word_1_25' title='bbox 786 1190 883 1261; x_wconf 91' lang='lat' dir='ltr'>valor</span> <span class='ocrx_word' id='word_1_26' title='bbox 907 1189 984 1259; x_wconf 88' lang='lat' dir='ltr'>eius</span> <span class='ocrx_word' id='word_1_27' title='bbox 1011 1188 1055 1259; x_wconf 91' lang='lat' dir='ltr'>ad</span> <span class='ocrx_word' id='word_1_28' title='bbox 1074 1242 1081 1257; x_wconf 93' lang='lat'><strong><em>.</em></strong></span> <span class='ocrx_word' id='word_1_29' title='bbox 1097 1242 1104 1257; x_wconf 91' lang='lat'><strong>.</strong></span> <span class='ocrx_word' id='word_1_30' title='bbox 1123 1242 1157 1256; x_wconf 92' lang='lat'>..</span> <span class='ocrx_word' id='word_1_31' title='bbox 1183 1208 1318 1257; x_wconf 88' lang='lat' dir='ltr'>marcas</span> <span class='ocrx_word' id='word_1_32' title='bbox 1344 1187 1557 1257; x_wconf 89' lang='lat' dir='ltr'>aestimatur.</span> <span class='ocrx_word' id='word_1_33' title='bbox 1583 1186 1673 1257; x_wconf 84' lang='lat' dir='ltr'>Item</span> <span class='ocrx_word' id='word_1_34' title='bbox 1700 1185 1865 1275; x_wconf 90' lang='lat' dir='ltr'>plebanus</span> <span class='ocrx_word' id='word_1_35' title='bbox 1884 1191 1923 1255; x_wconf 92' lang='lat' dir='ltr'>et</span> <span class='ocrx_word' id='word_1_36' title='bbox 1940 1184 2071 1257; x_wconf 86' lang='lat' dir='ltr'>ecclesia</span> 
     </span>
     <span class='ocr_line' id='line_1_5' title="bbox 537 1307 1975 1401; baseline -0.004 -22"><span class='ocrx_word' id='word_1_37' title='bbox 537 1310 644 1381; x_wconf 89' lang='lat' dir='ltr'>habet</span> <span class='ocrx_word' id='word_1_38' title='bbox 671 1310 719 1381; x_wconf 94' lang='lat' dir='ltr'>ibi</span> <span class='ocrx_word' id='word_1_39' title='bbox 747 1310 913 1401; x_wconf 81' lang='lat' dir='ltr'>speciales</span> <span class='ocrx_word' id='word_1_40' title='bbox 940 1328 1041 1398; x_wconf 80' lang='lat' dir='ltr'>agros</span> <span class='ocrx_word' id='word_1_41' title='bbox 1068 1308 1198 1379; x_wconf 90' lang='lat' dir='ltr'>liberos</span> <span class='ocrx_word' id='word_1_42' title='bbox 1225 1312 1261 1377; x_wconf 89' lang='lat' dir='ltr'>et</span> <span class='ocrx_word' id='word_1_43' title='bbox 1286 1313 1397 1397; x_wconf 83' lang='lat' dir='ltr'>prata,</span> <span class='ocrx_word' id='word_1_44' title='bbox 1424 1328 1487 1397; x_wconf 90' lang='lat' dir='ltr'>pro</span> <span class='ocrx_word' id='word_1_45' title='bbox 1515 1328 1577 1378; x_wconf 93' lang='lat' dir='ltr'>suo</span> <span class='ocrx_word' id='word_1_46' title='bbox 1604 1327 1670 1377; x_wconf 89' lang='lat' dir='ltr'>usu</span> <span class='ocrx_word' id='word_1_47' title='bbox 1696 1312 1733 1376; x_wconf 92' lang='lat' dir='ltr'>et</span> <span class='ocrx_word' id='word_1_48' title='bbox 1758 1307 1975 1377; x_wconf 82' lang='lat' dir='ltr'>necessitate.</span> 
     </span>
    </p>

    <p class='ocr_par' dir='ltr' id='par_1_3' title="bbox 441 1408 2076 2242">
     <span class='ocr_line' id='line_1_6' title="bbox 641 1408 2072 1519; baseline -0.003 -18"><span class='ocrx_word' id='word_1_49' title='bbox 641 1408 866 1519; x_wconf 73' lang='lat' dir='ltr'>Rrscnrow,</span> <span class='ocrx_word' id='word_1_50' title='bbox 893 1429 977 1501; x_wconf 94' lang='lat' dir='ltr'>villa</span> <span class='ocrx_word' id='word_1_51' title='bbox 1002 1428 1066 1499; x_wconf 92' lang='lat' dir='ltr'>sub</span> <span class='ocrx_word' id='word_1_52' title='bbox 1094 1428 1261 1519; x_wconf 87' lang='lat' dir='ltr'>parochia</span> <span class='ocrx_word' id='word_1_53' title='bbox 1286 1428 1330 1497; x_wconf 91' lang='lat' dir='ltr'>de</span> <span class='ocrx_word' id='word_1_54' title='bbox 1357 1427 1468 1517; x_wconf 91' lang='lat' dir='ltr'>Slup</span> <span class='ocrx_word' id='word_1_55' title='bbox 1495 1428 1572 1517; x_wconf 89' lang='lat' dir='ltr'>sita,</span> <span class='ocrx_word' id='word_1_56' title='bbox 1598 1428 1696 1499; x_wconf 91' lang='lat' dir='ltr'>cuius</span> <span class='ocrx_word' id='word_1_57' title='bbox 1713 1425 1882 1499; x_wconf 91' lang='lat' dir='ltr'>haeredes</span> <span class='ocrx_word' id='word_1_58' title='bbox 1900 1425 2072 1514; x_wconf 84' lang='lat' dir='ltr'>Jolraunes,</span> 
     </span>
     <span class='ocr_line' id='line_1_7' title="bbox 539 1547 2073 1643; baseline -0.003 -22"><span class='ocrx_word' id='word_1_59' title='bbox 539 1550 662 1621; x_wconf 90' lang='lat' dir='ltr'>Petrus</span> <span class='ocrx_word' id='word_1_60' title='bbox 689 1556 725 1622; x_wconf 91' lang='lat' dir='ltr'>et</span> <span class='ocrx_word' id='word_1_61' title='bbox 750 1550 933 1643; x_wconf 83' lang='lat' dir='ltr'>Nicolaus‚</span> <span class='ocrx_word' id='word_1_62' title='bbox 961 1549 1093 1620; x_wconf 89' lang='lat' dir='ltr'>nobiles</span> <span class='ocrx_word' id='word_1_63' title='bbox 1120 1548 1163 1619; x_wconf 95' lang='lat' dir='ltr'>de</span> <span class='ocrx_word' id='word_1_64' title='bbox 1190 1549 1291 1620; x_wconf 89' lang='lat' dir='ltr'>domo</span> <span class='ocrx_word' id='word_1_65' title='bbox 1318 1547 1642 1621; x_wconf 87' lang='lat' dir='ltr'>Odrovvansch.</span> <span class='ocrx_word' id='word_1_66' title='bbox 1685 1548 1727 1618; x_wconf 89' lang='lat' dir='ltr'>ln</span> <span class='ocrx_word' id='word_1_67' title='bbox 1753 1568 1822 1639; x_wconf 88' lang='lat' dir='ltr'>qua</span> <span class='ocrx_word' id='word_1_68' title='bbox 1846 1548 1974 1638; x_wconf 84' lang='lat' dir='ltr'>viginti</span> <span class='ocrx_word' id='word_1_69' title='bbox 1998 1567 2073 1619; x_wconf 90' lang='lat' dir='ltr'>unns</span> 
     </span>
     <span class='ocr_line' id='line_1_8' title="bbox 536 1667 2073 1759; baseline -0.003 -18"><span class='ocrx_word' id='word_1_70' title='bbox 536 1672 656 1743; x_wconf 87' lang='lat' dir='ltr'>laneus</span> <span class='ocrx_word' id='word_1_71' title='bbox 683 1670 916 1759; x_wconf 91' lang='lat' dir='ltr'>cmethonalis,</span> <span class='ocrx_word' id='word_1_72' title='bbox 950 1670 992 1739; x_wconf 90' lang='lat' dir='ltr'>de</span> <span class='ocrx_word' id='word_1_73' title='bbox 1020 1670 1145 1759; x_wconf 91' lang='lat' dir='ltr'>quibus</span> <span class='ocrx_word' id='word_1_74' title='bbox 1171 1669 1305 1741; x_wconf 92' lang='lat' dir='ltr'>decima</span> <span class='ocrx_word' id='word_1_75' title='bbox 1331 1670 1556 1759; x_wconf 86' lang='lat' dir='ltr'>manipularis</span> <span class='ocrx_word' id='word_1_76' title='bbox 1583 1674 1621 1739; x_wconf 94' lang='lat' dir='ltr'>et</span> <span class='ocrx_word' id='word_1_77' title='bbox 1647 1668 1823 1758; x_wconf 87' lang='lat' dir='ltr'>canapalis</span> <span class='ocrx_word' id='word_1_78' title='bbox 1850 1667 1999 1738; x_wconf 81' lang='lat' dir='ltr'>solvitur</span> <span class='ocrx_word' id='word_1_79' title='bbox 2020 1688 2073 1757; x_wconf 88' lang='lat' dir='ltr'>pro</span> 
     </span>
     <span class='ocr_line' id='line_1_9' title="bbox 538 1788 2075 1882; baseline -0.003 -20"><span class='ocrx_word' id='word_1_80' title='bbox 538 1792 782 1882; x_wconf 86' lang='lat' dir='ltr'>praepositura</span> <span class='ocrx_word' id='word_1_81' title='bbox 808 1790 1037 1880; x_wconf 77' lang='lat' dir='ltr'>Gracoviensi⁷</span> <span class='ocrx_word' id='word_1_82' title='bbox 1065 1795 1101 1860; x_wconf 88' lang='lat' dir='ltr'>et</span> <span class='ocrx_word' id='word_1_83' title='bbox 1118 1790 1216 1861; x_wconf 88' lang='lat' dir='ltr'>valor</span> <span class='ocrx_word' id='word_1_84' title='bbox 1234 1790 1308 1861; x_wconf 92' lang='lat' dir='ltr'>eius</span> <span class='ocrx_word' id='word_1_85' title='bbox 1326 1790 1370 1860; x_wconf 89' lang='lat' dir='ltr'>ad</span> <span class='ocrx_word' id='word_1_86' title='bbox 1390 1790 1584 1880; x_wconf 90' lang='lat' dir='ltr'>quindecim</span> <span class='ocrx_word' id='word_1_87' title='bbox 1611 1809 1746 1860; x_wconf 88' lang='lat' dir='ltr'>marcas</span> <span class='ocrx_word' id='word_1_88' title='bbox 1763 1790 1981 1877; x_wconf 69' lang='lat' dir='ltr'>aestimatum</span> <span class='ocrx_word' id='word_1_89' title='bbox 2005 1788 2075 1858; x_wconf 90' lang='lat' dir='ltr'>item</span> 
     </span>
     <span class='ocr_line' id='line_1_10' title="bbox 441 1909 2073 2015; baseline -0.004 -32"><span class='ocrx_word' id='word_1_90' title='bbox 441 1972 448 1983; x_wconf 88' lang='lat'>.</span> <span class='ocrx_word' id='word_1_91' title='bbox 538 1914 695 2001; x_wconf 67' lang='lat' dir='ltr'>taberna</span> <span class='ocrx_word' id='word_1_92' title='bbox 721 1914 805 1983; x_wconf 91' lang='lat' dir='ltr'>item</span> <span class='ocrx_word' id='word_1_93' title='bbox 831 1910 1016 2000; x_wconf 87' lang='lat' dir='ltr'>hortulani,</span> <span class='ocrx_word' id='word_1_94' title='bbox 1043 1910 1126 1980; x_wconf 89' lang='lat' dir='ltr'>item</span> <span class='ocrx_word' id='word_1_95' title='bbox 1153 1910 1203 1980; x_wconf 89' lang='lat' dir='ltr'>ibi</span> <span class='ocrx_word' id='word_1_96' title='bbox 1229 1916 1310 1981; x_wconf 92' lang='lat' dir='ltr'>sunt</span> <span class='ocrx_word' id='word_1_97' title='bbox 1336 1911 1404 1983; x_wconf 92' lang='lat' dir='ltr'>duo</span> <span class='ocrx_word' id='word_1_98' title='bbox 1431 1910 1573 2001; x_wconf 87' lang='lat' dir='ltr'>pmedia</span> <span class='ocrx_word' id='word_1_99' title='bbox 1591 1910 1757 2015; x_wconf 75' lang='lat' dir='ltr'>militaria</span> <span class='ocrx_word' id='word_1_100' title='bbox 1782 1916 1819 1981; x_wconf 91' lang='lat' dir='ltr'>et</span> <span class='ocrx_word' id='word_1_101' title='bbox 1845 1909 1936 1981; x_wconf 87' lang='lat' dir='ltr'>duae</span> <span class='ocrx_word' id='word_1_102' title='bbox 1964 1910 2073 1997; x_wconf 75' lang='lat' dir='ltr'>curiae</span> 
     </span>
     <span class='ocr_line' id='line_1_11' title="bbox 523 2026 2076 2122; baseline -0.003 -19"><span class='ocrx_word' id='word_1_103' title='bbox 523 2053 628 2122; x_wconf 68' lang='lat' dir='ltr'>uuae</span> <span class='ocrx_word' id='word_1_104' title='bbox 655 2034 730 2104; x_wconf 89' lang='lat' dir='ltr'>iure</span> <span class='ocrx_word' id='word_1_105' title='bbox 756 2032 946 2121; x_wconf 88' lang='lat' dir='ltr'>parochiali</span> <span class='ocrx_word' id='word_1_106' title='bbox 973 2030 1150 2121; x_wconf 85' lang='lat' dir='ltr'>pertinent</span> <span class='ocrx_word' id='word_1_107' title='bbox 1175 2030 1213 2099; x_wconf 93' lang='lat' dir='ltr'>in</span> <span class='ocrx_word' id='word_1_108' title='bbox 1238 2026 1565 2120; x_wconf 67' lang='lat' dir='ltr'>Sczelroczini{</span> <span class='ocrx_word' id='word_1_109' title='bbox 1593 2031 1636 2103; x_wconf 89' lang='lat' dir='ltr'>de</span> <span class='ocrx_word' id='word_1_110' title='bbox 1656 2052 1802 2121; x_wconf 91' lang='lat' dir='ltr'>quorum</span> <span class='ocrx_word' id='word_1_111' title='bbox 1821 2030 1918 2121; x_wconf 83' lang='lat' dir='ltr'>agris</span> <span class='ocrx_word' id='word_1_112' title='bbox 1945 2030 2076 2101; x_wconf 88' lang='lat' dir='ltr'>solvitur</span> 
     </span>
     <span class='ocr_line' id='line_1_12' title="bbox 540 2149 1331 2242; baseline -0.006 -17"><span class='ocrx_word' id='word_1_113' title='bbox 540 2152 674 2225; x_wconf 89' lang='lat' dir='ltr'>decima</span> <span class='ocrx_word' id='word_1_114' title='bbox 700 2152 924 2242; x_wconf 87' lang='lat' dir='ltr'>manipularis</span> <span class='ocrx_word' id='word_1_115' title='bbox 951 2151 986 2220; x_wconf 95' lang='lat' dir='ltr'>in</span> <span class='ocrx_word' id='word_1_116' title='bbox 1014 2149 1331 2221; x_wconf 88' lang='lat' dir='ltr'>Sczekoczini.</span> 
     </span>
    </p>
   </div>
   <div class='ocr_carea' id='block_1_3' title="bbox 505 2392 2076 4056">
    <p class='ocr_par' dir='ltr' id='par_1_4' title="bbox 1178 2392 1447 2467">
     <span class='ocr_line' id='line_1_13' title="bbox 1178 2392 1447 2467; baseline 0 -2"><span class='ocrx_word' id='word_1_117' title='bbox 1178 2392 1447 2467; x_wconf 79' lang='lat' dir='ltr'>annowrncz.</span> 
     </span>
    </p>

    <p class='ocr_par' dir='ltr' id='par_1_5' title="bbox 505 2512 2076 4056">
     <span class='ocr_line' id='line_1_14' title="bbox 645 2512 2075 2618; baseline 0.001 -32"><span class='ocrx_word' id='word_1_118' title='bbox 645 2512 818 2606; x_wconf 88' lang='lat' dir='ltr'>Oppidum</span> <span class='ocrx_word' id='word_1_119' title='bbox 844 2514 974 2588; x_wconf 89' lang='lat' dir='ltr'>habens</span> <span class='ocrx_word' id='word_1_120' title='bbox 1001 2514 1037 2587; x_wconf 92' lang='lat' dir='ltr'>in</span> <span class='ocrx_word' id='word_1_121' title='bbox 1064 2536 1101 2587; x_wconf 92' lang='lat' dir='ltr'>se</span> <span class='ocrx_word' id='word_1_122' title='bbox 1129 2516 1363 2606; x_wconf 89' lang='lat' dir='ltr'>parochialem</span> <span class='ocrx_word' id='word_1_123' title='bbox 1399 2514 1579 2618; x_wconf 89' lang='lat' dir='ltr'>ecclesiam</span> <span class='ocrx_word' id='word_1_124' title='bbox 1614 2513 1761 2587; x_wconf 85' lang='lat' dir='ltr'>Sanctae</span> <span class='ocrx_word' id='word_1_125' title='bbox 1791 2512 1929 2587; x_wconf 89' lang='lat' dir='ltr'>Mariae</span> <span class='ocrx_word' id='word_1_126' title='bbox 1955 2514 2075 2587; x_wconf 88' lang='lat' dir='ltr'>Nativi-</span> 
     </span>
     <span class='ocr_line' id='line_1_15' title="bbox 541 2632 2075 2727; baseline -0.001 -21"><span class='ocrx_word' id='word_1_127' title='bbox 541 2637 608 2706; x_wconf 89' lang='lat' dir='ltr'>tati</span> <span class='ocrx_word' id='word_1_128' title='bbox 635 2632 801 2726; x_wconf 84' lang='lat' dir='ltr'>dicatam,</span> <span class='ocrx_word' id='word_1_129' title='bbox 838 2637 934 2707; x_wconf 92' lang='lat' dir='ltr'>cuius</span> <span class='ocrx_word' id='word_1_130' title='bbox 967 2637 1165 2727; x_wconf 88' lang='lat' dir='ltr'>proprietas</span> <span class='ocrx_word' id='word_1_131' title='bbox 1199 2636 1242 2707; x_wconf 90' lang='lat' dir='ltr'>ad</span> <span class='ocrx_word' id='word_1_132' title='bbox 1279 2636 1535 2709; x_wconf 88' lang='lat' dir='ltr'>serenissimum</span> <span class='ocrx_word' id='word_1_133' title='bbox 1572 2635 1736 2707; x_wconf 91' lang='lat' dir='ltr'>Poloniae</span> <span class='ocrx_word' id='word_1_134' title='bbox 1771 2656 1890 2726; x_wconf 84' lang='lat' dir='ltr'>regern</span> <span class='ocrx_word' id='word_1_135' title='bbox 1927 2637 2075 2727; x_wconf 74' lang='lat' dir='ltr'>pertinet·</span> 
     </span>
     <span class='ocr_line' id='line_1_16' title="bbox 540 2756 2073 2848; baseline -0.002 -21"><span class='ocrx_word' id='word_1_136' title='bbox 540 2758 637 2827; x_wconf 89' lang='lat' dir='ltr'>cuius</span> <span class='ocrx_word' id='word_1_137' title='bbox 664 2757 831 2847; x_wconf 90' lang='lat' dir='ltr'>plebanus</span> <span class='ocrx_word' id='word_1_138' title='bbox 857 2759 1022 2847; x_wconf 84' lang='lat' dir='ltr'>magister</span> <span class='ocrx_word' id='word_1_139' title='bbox 1048 2756 1217 2828; x_wconf 90' lang='lat' dir='ltr'>Matthias</span> <span class='ocrx_word' id='word_1_140' title='bbox 1244 2757 1287 2829; x_wconf 93' lang='lat' dir='ltr'>de</span> <span class='ocrx_word' id='word_1_141' title='bbox 1319 2757 1556 2848; x_wconf 79' lang='lat' dir='ltr'>Cobylino.</span> <span class='ocrx_word' id='word_1_142' title='bbox 1600 2756 1641 2827; x_wconf 95' lang='lat' dir='ltr'>In</span> <span class='ocrx_word' id='word_1_143' title='bbox 1669 2777 1736 2847; x_wconf 90' lang='lat' dir='ltr'>quo</span> <span class='ocrx_word' id='word_1_144' title='bbox 1762 2762 1844 2827; x_wconf 91' lang='lat' dir='ltr'>sunt</span> <span class='ocrx_word' id='word_1_145' title='bbox 1869 2758 1966 2829; x_wconf 89' lang='lat' dir='ltr'>lanei</span> <span class='ocrx_word' id='word_1_146' title='bbox 1991 2756 2073 2845; x_wconf 92' lang='lat' dir='ltr'>oppi-</span> 
     </span>
     <span class='ocr_line' id='line_1_17' title="bbox 505 2877 2076 2978; baseline -0.003 -29"><span class='ocrx_word' id='word_1_147' title='bbox 505 2972 507 2975; x_wconf 83' lang='lat'>.</span> <span class='ocrx_word' id='word_1_148' title='bbox 541 2878 726 2968; x_wconf 88' lang='lat' dir='ltr'>danorum,</span> <span class='ocrx_word' id='word_1_149' title='bbox 762 2878 865 2950; x_wconf 92' lang='lat' dir='ltr'>etde</span> <span class='ocrx_word' id='word_1_150' title='bbox 892 2878 1004 2978; x_wconf 79' lang='lat' dir='ltr'>agris,</span> <span class='ocrx_word' id='word_1_151' title='bbox 1041 2878 1100 2968; x_wconf 91' lang='lat' dir='ltr'>qui</span> <span class='ocrx_word' id='word_1_152' title='bbox 1134 2877 1514 2977; x_wconf 69' lang='lat' dir='ltr'>Studaenniczno</span> <span class='ocrx_word' id='word_1_153' title='bbox 1549 2883 1738 2967; x_wconf 90' lang='lat' dir='ltr'>vocantur,</span> <span class='ocrx_word' id='word_1_154' title='bbox 1773 2878 1923 2949; x_wconf 89' lang='lat' dir='ltr'>solvitur</span> <span class='ocrx_word' id='word_1_155' title='bbox 1958 2877 2076 2948; x_wconf 90' lang='lat' dir='ltr'>decima</span> 
     </span>
     <span class='ocr_line' id='line_1_18' title="bbox 541 2992 2074 3089; baseline -0.002 -20"><span class='ocrx_word' id='word_1_156' title='bbox 541 2998 729 3088; x_wconf 91' lang='lat' dir='ltr'>pecunialis</span> <span class='ocrx_word' id='word_1_157' title='bbox 755 3018 819 3087; x_wconf 91' lang='lat' dir='ltr'>pro</span> <span class='ocrx_word' id='word_1_158' title='bbox 845 2997 1056 3070; x_wconf 90' lang='lat' dir='ltr'>monasterio</span> <span class='ocrx_word' id='word_1_159' title='bbox 1082 2998 1119 3067; x_wconf 94' lang='lat' dir='ltr'>in</span> <span class='ocrx_word' id='word_1_160' title='bbox 1146 2997 1506 3088; x_wconf 81' lang='lat' dir='ltr'>Imramovvicze3</span> <span class='ocrx_word' id='word_1_161' title='bbox 1533 3000 1576 3073; x_wconf 88' lang='lat' dir='ltr'>de</span> <span class='ocrx_word' id='word_1_162' title='bbox 1603 3000 1681 3071; x_wconf 90' lang='lat' dir='ltr'>aliis</span> <span class='ocrx_word' id='word_1_163' title='bbox 1708 2992 1823 3071; x_wconf 90' lang='lat' dir='ltr'>autem</span> <span class='ocrx_word' id='word_1_164' title='bbox 1852 3000 1949 3089; x_wconf 84' lang='lat' dir='ltr'>agris</span> <span class='ocrx_word' id='word_1_165' title='bbox 1971 2997 2074 3087; x_wconf 89' lang='lat' dir='ltr'>oppidi</span> 
     </span>
     <span class='ocr_line' id='line_1_19' title="bbox 541 3116 2075 3209; baseline -0.003 -20"><span class='ocrx_word' id='word_1_166' title='bbox 541 3118 687 3189; x_wconf 92' lang='lat' dir='ltr'>solvitur</span> <span class='ocrx_word' id='word_1_167' title='bbox 714 3124 750 3188; x_wconf 92' lang='lat' dir='ltr'>et</span> <span class='ocrx_word' id='word_1_168' title='bbox 776 3116 979 3189; x_wconf 85' lang='lat' dir='ltr'>conducitur</span> <span class='ocrx_word' id='word_1_169' title='bbox 1013 3117 1146 3189; x_wconf 91' lang='lat' dir='ltr'>decima</span> <span class='ocrx_word' id='word_1_170' title='bbox 1179 3119 1406 3209; x_wconf 84' lang='lat' dir='ltr'>manipularis</span> <span class='ocrx_word' id='word_1_171' title='bbox 1440 3140 1504 3209; x_wconf 91' lang='lat' dir='ltr'>pro</span> <span class='ocrx_word' id='word_1_172' title='bbox 1531 3120 1741 3191; x_wconf 91' lang='lat' dir='ltr'>monasterio</span> <span class='ocrx_word' id='word_1_173' title='bbox 1779 3117 2075 3191; x_wconf 86' lang='lat' dir='ltr'>sanctimonialium</span> 
     </span>
     <span class='ocr_line' id='line_1_20' title="bbox 540 3236 2072 3331; baseline 0.001 -25"><span class='ocrx_word' id='word_1_174' title='bbox 540 3236 659 3308; x_wconf 83' lang='lat' dir='ltr'>Sancti</span> <span class='ocrx_word' id='word_1_175' title='bbox 685 3236 846 3309; x_wconf 89' lang='lat' dir='ltr'>Andreae</span> <span class='ocrx_word' id='word_1_176' title='bbox 873 3238 910 3310; x_wconf 94' lang='lat' dir='ltr'>in</span> <span class='ocrx_word' id='word_1_177' title='bbox 938 3237 1175 3331; x_wconf 80' lang='lat' dir='ltr'>Oracovia.</span> <span class='ocrx_word' id='word_1_178' title='bbox 1219 3239 1306 3310; x_wconf 90' lang='lat' dir='ltr'>Item</span> <span class='ocrx_word' id='word_1_179' title='bbox 1333 3238 1501 3330; x_wconf 89' lang='lat' dir='ltr'>plebanus</span> <span class='ocrx_word' id='word_1_180' title='bbox 1536 3239 1691 3312; x_wconf 89' lang='lat' dir='ltr'>eiusdem</span> <span class='ocrx_word' id='word_1_181' title='bbox 1726 3240 1845 3330; x_wconf 91' lang='lat' dir='ltr'>oppidi</span> <span class='ocrx_word' id='word_1_182' title='bbox 1879 3240 1988 3313; x_wconf 90' lang='lat' dir='ltr'>habet</span> <span class='ocrx_word' id='word_1_183' title='bbox 2011 3243 2072 3309; x_wconf 85' lang='lat' dir='ltr'>tres</span> 
     </span>
     <span class='ocr_line' id='line_1_21' title="bbox 540 3357 2075 3452; baseline 0.001 -24"><span class='ocrx_word' id='word_1_184' title='bbox 540 3358 658 3430; x_wconf 86' lang='lat' dir='ltr'>laneos</span> <span class='ocrx_word' id='word_1_185' title='bbox 685 3379 856 3450; x_wconf 83' lang='lat' dir='ltr'>agrorum,</span> <span class='ocrx_word' id='word_1_186' title='bbox 884 3359 1055 3432; x_wconf 92' lang='lat' dir='ltr'>dicturum</span> <span class='ocrx_word' id='word_1_187' title='bbox 1083 3357 1327 3451; x_wconf 73' lang='lat' dir='ltr'>Garatom,</span> <span class='ocrx_word' id='word_1_188' title='bbox 1354 3381 1418 3450; x_wconf 93' lang='lat' dir='ltr'>pro</span> <span class='ocrx_word' id='word_1_189' title='bbox 1436 3361 1580 3450; x_wconf 86' lang='lat' dir='ltr'>praedio</span> <span class='ocrx_word' id='word_1_190' title='bbox 1608 3381 1681 3450; x_wconf 87' lang='lat' dir='ltr'>suo,</span> <span class='ocrx_word' id='word_1_191' title='bbox 1699 3366 1735 3432; x_wconf 90' lang='lat' dir='ltr'>et</span> <span class='ocrx_word' id='word_1_192' title='bbox 1751 3367 1857 3452; x_wconf 90' lang='lat' dir='ltr'>prata</span> <span class='ocrx_word' id='word_1_193' title='bbox 1874 3358 2075 3444; x_wconf 64' lang='lat' dir='ltr'>sufficientia</span> 
     </span>
     <span class='ocr_line' id='line_1_22' title="bbox 541 3477 2073 3572; baseline -0.001 -23"><span class='ocrx_word' id='word_1_194' title='bbox 541 3480 624 3550; x_wconf 89' lang='lat' dir='ltr'>item</span> <span class='ocrx_word' id='word_1_195' title='bbox 651 3479 757 3550; x_wconf 87' lang='lat' dir='ltr'>habet</span> <span class='ocrx_word' id='word_1_196' title='bbox 782 3485 819 3552; x_wconf 90' lang='lat' dir='ltr'>et</span> <span class='ocrx_word' id='word_1_197' title='bbox 845 3479 1132 3552; x_wconf 88' lang='lat' dir='ltr'>columbationem</span> <span class='ocrx_word' id='word_1_198' title='bbox 1160 3503 1202 3553; x_wconf 85' lang='lat' dir='ltr'>ex</span> <span class='ocrx_word' id='word_1_199' title='bbox 1229 3481 1374 3572; x_wconf 90' lang='lat' dir='ltr'>oppido,</span> <span class='ocrx_word' id='word_1_200' title='bbox 1409 3483 1494 3552; x_wconf 90' lang='lat' dir='ltr'>item</span> <span class='ocrx_word' id='word_1_201' title='bbox 1519 3482 1627 3554; x_wconf 88' lang='lat' dir='ltr'>habet</span> <span class='ocrx_word' id='word_1_202' title='bbox 1653 3482 1869 3554; x_wconf 88' lang='lat' dir='ltr'>hortulanias</span> <span class='ocrx_word' id='word_1_203' title='bbox 1896 3483 1934 3552; x_wconf 91' lang='lat' dir='ltr'>in</span> <span class='ocrx_word' id='word_1_204' title='bbox 1960 3477 2073 3571; x_wconf 89' lang='lat' dir='ltr'>oppido</span> 
     </span>
     <span class='ocr_line' id='line_1_23' title="bbox 520 3600 2076 3692; baseline -0.004 -18"><span class='ocrx_word' id='word_1_205' title='bbox 520 3600 578 3674; x_wconf 32' lang='lat' dir='ltr'>tin</span> <span class='ocrx_word' id='word_1_206' title='bbox 605 3600 690 3690; x_wconf 90' lang='lat' dir='ltr'>loco,</span> <span class='ocrx_word' id='word_1_207' title='bbox 718 3603 776 3692; x_wconf 89' lang='lat' dir='ltr'>qui</span> <span class='ocrx_word' id='word_1_208' title='bbox 803 3607 946 3674; x_wconf 90' lang='lat' dir='ltr'>vocatur</span> <span class='ocrx_word' id='word_1_209' title='bbox 973 3602 1229 3692; x_wconf 81' lang='lat' dir='ltr'>Morawka3</span> <span class='ocrx_word' id='word_1_210' title='bbox 1263 3603 1347 3673; x_wconf 90' lang='lat' dir='ltr'>item</span> <span class='ocrx_word' id='word_1_211' title='bbox 1374 3603 1411 3672; x_wconf 93' lang='lat' dir='ltr'>in</span> <span class='ocrx_word' id='word_1_212' title='bbox 1438 3602 1507 3673; x_wconf 92' lang='lat' dir='ltr'>alia</span> <span class='ocrx_word' id='word_1_213' title='bbox 1533 3623 1616 3674; x_wconf 88' lang='lat' dir='ltr'>vero</span> <span class='ocrx_word' id='word_1_214' title='bbox 1644 3608 1743 3692; x_wconf 87' lang='lat' dir='ltr'>parte</span> <span class='ocrx_word' id='word_1_215' title='bbox 1778 3603 1959 3674; x_wconf 89' lang='lat' dir='ltr'>laneorum</span> <span class='ocrx_word' id='word_1_216' title='bbox 1983 3601 2076 3672; x_wconf 84' lang='lat' dir='ltr'>habet</span> 
     </span>
     <span class='ocr_line' id='line_1_24' title="bbox 542 3699 2076 3818; baseline 0 -27"><span class='ocrx_word' id='word_1_217' title='bbox 542 3699 710 3810; x_wconf 81' lang='lat' dir='ltr'>plebanus</span> <span class='ocrx_word' id='word_1_218' title='bbox 737 3729 851 3794; x_wconf 88' lang='lat' dir='ltr'>certas</span> <span class='ocrx_word' id='word_1_219' title='bbox 877 3729 996 3814; x_wconf 88' lang='lat' dir='ltr'>partes</span> <span class='ocrx_word' id='word_1_220' title='bbox 1022 3724 1106 3814; x_wconf 82' lang='lat' dir='ltr'>agri,</span> <span class='ocrx_word' id='word_1_221' title='bbox 1134 3724 1220 3794; x_wconf 88' lang='lat' dir='ltr'>alias</span> <span class='ocrx_word' id='word_1_222' title='bbox 1245 3721 1347 3818; x_wconf 75' lang='lat' dir='ltr'>nimy,</span> <span class='ocrx_word' id='word_1_223' title='bbox 1374 3743 1479 3813; x_wconf 91' lang='lat' dir='ltr'>penes</span> <span class='ocrx_word' id='word_1_224' title='bbox 1505 3723 1677 3813; x_wconf 90' lang='lat' dir='ltr'>publicam</span> <span class='ocrx_word' id='word_1_225' title='bbox 1702 3725 1795 3795; x_wconf 85' lang='lat' dir='ltr'>riam</span> <span class='ocrx_word' id='word_1_226' title='bbox 1821 3725 1984 3812; x_wconf 67' lang='lat' dir='ltr'>iacentes</span> <span class='ocrx_word' id='word_1_227' title='bbox 2008 3722 2076 3792; x_wconf 88' lang='lat' dir='ltr'>itern</span> 
     </span>
     <span class='ocr_line' id='line_1_25' title="bbox 541 3843 2073 3935; baseline 0 -23"><span class='ocrx_word' id='word_1_228' title='bbox 541 3849 596 3914; x_wconf 87' lang='lat' dir='ltr'>est</span> <span class='ocrx_word' id='word_1_229' title='bbox 621 3843 670 3915; x_wconf 89' lang='lat' dir='ltr'>ibi</span> <span class='ocrx_word' id='word_1_230' title='bbox 697 3843 842 3915; x_wconf 90' lang='lat' dir='ltr'>ecclesia</span> <span class='ocrx_word' id='word_1_231' title='bbox 858 3845 894 3914; x_wconf 95' lang='lat' dir='ltr'>in</span> <span class='ocrx_word' id='word_1_232' title='bbox 912 3845 1022 3916; x_wconf 88' lang='lat' dir='ltr'>laneis</span> <span class='ocrx_word' id='word_1_233' title='bbox 1047 3845 1218 3934; x_wconf 90' lang='lat' dir='ltr'>praedicti</span> <span class='ocrx_word' id='word_1_234' title='bbox 1236 3843 1354 3935; x_wconf 90' lang='lat' dir='ltr'>oppidi</span> <span class='ocrx_word' id='word_1_235' title='bbox 1373 3846 1448 3935; x_wconf 73' lang='lat' dir='ltr'>sita</span> <span class='ocrx_word' id='word_1_236' title='bbox 1475 3845 1600 3916; x_wconf 91' lang='lat' dir='ltr'>honori</span> <span class='ocrx_word' id='word_1_237' title='bbox 1626 3843 1744 3916; x_wconf 87' lang='lat' dir='ltr'>Sancti</span> <span class='ocrx_word' id='word_1_238' title='bbox 1762 3844 1947 3917; x_wconf 88' lang='lat' dir='ltr'>Adalberti</span> <span class='ocrx_word' id='word_1_239' title='bbox 1964 3843 2073 3927; x_wconf 78' lang='lat' dir='ltr'>dicatu,</span> 
     </span>
     <span class='ocr_line' id='line_1_26' title="bbox 543 3963 2076 4056; baseline -0.003 -22"><span class='ocrx_word' id='word_1_240' title='bbox 543 3965 670 4036; x_wconf 88' lang='lat' dir='ltr'>matrix</span> <span class='ocrx_word' id='word_1_241' title='bbox 698 3965 897 4055; x_wconf 87' lang='lat' dir='ltr'>praedictae</span> <span class='ocrx_word' id='word_1_242' title='bbox 925 3965 1088 4036; x_wconf 89' lang='lat' dir='ltr'>ecclesiae</span> <span class='ocrx_word' id='word_1_243' title='bbox 1115 3966 1252 4038; x_wconf 91' lang='lat' dir='ltr'>noviter</span> <span class='ocrx_word' id='word_1_244' title='bbox 1277 3964 1449 4055; x_wconf 87' lang='lat' dir='ltr'>fundatae,</span> <span class='ocrx_word' id='word_1_245' title='bbox 1477 3985 1579 4056; x_wconf 92' lang='lat' dir='ltr'>quam</span> <span class='ocrx_word' id='word_1_246' title='bbox 1605 3965 1773 4056; x_wconf 87' lang='lat' dir='ltr'>plebanus</span> <span class='ocrx_word' id='word_1_247' title='bbox 1800 3966 1946 4056; x_wconf 82' lang='lat' dir='ltr'>singulis</span> <span class='ocrx_word' id='word_1_248' title='bbox 1970 3963 2076 4034; x_wconf 86' lang='lat' dir='ltr'>diebus</span> 
     </span>
    </p>
   </div>
   <div class='ocr_carea' id='block_1_4' title="bbox 432 4081 2074 4177">
    <p class='ocr_par' dir='ltr' id='par_1_6' title="bbox 432 4081 2074 4177">
     <span class='ocr_line' id='line_1_27' title="bbox 432 4081 2074 4177; baseline -0.001 -25"><span class='ocrx_word' id='word_1_249' title='bbox 432 4089 437 4105; x_wconf 95' lang='lat'><em>&#39;</em></span> <span class='ocrx_word' id='word_1_250' title='bbox 544 4084 724 4156; x_wconf 89' lang='lat' dir='ltr'>dominicis</span> <span class='ocrx_word' id='word_1_251' title='bbox 750 4091 785 4156; x_wconf 91' lang='lat' dir='ltr'>et</span> <span class='ocrx_word' id='word_1_252' title='bbox 810 4085 945 4157; x_wconf 80' lang='lat' dir='ltr'>festivis</span> <span class='ocrx_word' id='word_1_253' title='bbox 971 4090 1111 4158; x_wconf 90' lang='lat' dir='ltr'>tenetur</span> <span class='ocrx_word' id='word_1_254' title='bbox 1138 4086 1309 4177; x_wconf 87' lang='lat' dir='ltr'>officiare,</span> <span class='ocrx_word' id='word_1_255' title='bbox 1344 4087 1428 4157; x_wconf 91' lang='lat' dir='ltr'>item</span> <span class='ocrx_word' id='word_1_256' title='bbox 1455 4093 1509 4158; x_wconf 89' lang='lat' dir='ltr'>est</span> <span class='ocrx_word' id='word_1_257' title='bbox 1535 4086 1718 4158; x_wconf 87' lang='lat' dir='ltr'>advocatia</span> <span class='ocrx_word' id='word_1_258' title='bbox 1743 4089 1779 4157; x_wconf 94' lang='lat' dir='ltr'>in</span> <span class='ocrx_word' id='word_1_259' title='bbox 1805 4087 1926 4158; x_wconf 93' lang='lat' dir='ltr'>eodem</span> <span class='ocrx_word' id='word_1_260' title='bbox 1954 4081 2074 4174; x_wconf 89' lang='lat' dir='ltr'>oppido,</span> 
     </span>
    </p>
   </div>
   <div class='ocr_carea' id='block_1_5' title="bbox 484 4202 2076 5510">
    <p class='ocr_par' dir='ltr' id='par_1_7' title="bbox 484 4202 2076 4780">
     <span class='ocr_line' id='line_1_28' title="bbox 484 4202 2074 4299; baseline -0.001 -25"><span class='ocrx_word' id='word_1_261' title='bbox 484 4241 486 4246; x_wconf 95' lang='lat'>·</span> <span class='ocrx_word' id='word_1_262' title='bbox 542 4205 673 4276; x_wconf 90' lang='lat' dir='ltr'>habens</span> <span class='ocrx_word' id='word_1_263' title='bbox 700 4211 773 4277; x_wconf 88' lang='lat' dir='ltr'>tres</span> <span class='ocrx_word' id='word_1_264' title='bbox 799 4206 917 4277; x_wconf 90' lang='lat' dir='ltr'>laneos</span> <span class='ocrx_word' id='word_1_265' title='bbox 944 4227 1115 4298; x_wconf 82' lang='lat' dir='ltr'>agrorum,</span> <span class='ocrx_word' id='word_1_266' title='bbox 1143 4207 1329 4299; x_wconf 88' lang='lat' dir='ltr'>dequibus</span> <span class='ocrx_word' id='word_1_267' title='bbox 1356 4208 1503 4280; x_wconf 89' lang='lat' dir='ltr'>solvitur</span> <span class='ocrx_word' id='word_1_268' title='bbox 1530 4207 1662 4279; x_wconf 87' lang='lat' dir='ltr'>decima</span> <span class='ocrx_word' id='word_1_269' title='bbox 1680 4207 1905 4297; x_wconf 82' lang='lat' dir='ltr'>manipularis</span> <span class='ocrx_word' id='word_1_270' title='bbox 1923 4202 2074 4278; x_wconf 87' lang='lat' dir='ltr'>ecclesiae</span> 
     </span>
     <span class='ocr_line' id='line_1_29' title="bbox 543 4326 2074 4420; baseline -0.001 -24"><span class='ocrx_word' id='word_1_271' title='bbox 543 4332 580 4396; x_wconf 90' lang='lat' dir='ltr'>et</span> <span class='ocrx_word' id='word_1_272' title='bbox 606 4327 753 4415; x_wconf 90' lang='lat' dir='ltr'>plebano</span> <span class='ocrx_word' id='word_1_273' title='bbox 780 4326 815 4397; x_wconf 95' lang='lat' dir='ltr'>in</span> <span class='ocrx_word' id='word_1_274' title='bbox 842 4327 1163 4420; x_wconf 86' lang='lat' dir='ltr'>Zarnowyecz‚</span> <span class='ocrx_word' id='word_1_275' title='bbox 1190 4334 1227 4400; x_wconf 93' lang='lat' dir='ltr'>et</span> <span class='ocrx_word' id='word_1_276' title='bbox 1252 4330 1351 4401; x_wconf 90' lang='lat' dir='ltr'>valor</span> <span class='ocrx_word' id='word_1_277' title='bbox 1377 4330 1451 4400; x_wconf 91' lang='lat' dir='ltr'>eius</span> <span class='ocrx_word' id='word_1_278' title='bbox 1470 4329 1673 4399; x_wconf 90' lang='lat' dir='ltr'>aestimatur</span> <span class='ocrx_word' id='word_1_279' title='bbox 1698 4330 1743 4399; x_wconf 92' lang='lat' dir='ltr'>ad</span> <span class='ocrx_word' id='word_1_280' title='bbox 1770 4333 1919 4419; x_wconf 90' lang='lat' dir='ltr'>quatuor</span> <span class='ocrx_word' id='word_1_281' title='bbox 1944 4341 2074 4406; x_wconf 77' lang='lat' dir='ltr'>marcas</span> 
     </span>
     <span class='ocr_line' id='line_1_30' title="bbox 545 4445 2076 4542; baseline -0.005 -25"><span class='ocrx_word' id='word_1_282' title='bbox 545 4448 628 4518; x_wconf 93' lang='lat' dir='ltr'>item</span> <span class='ocrx_word' id='word_1_283' title='bbox 656 4449 772 4519; x_wconf 92' lang='lat' dir='ltr'>estin</span> <span class='ocrx_word' id='word_1_284' title='bbox 800 4447 919 4520; x_wconf 90' lang='lat' dir='ltr'>eodem</span> <span class='ocrx_word' id='word_1_285' title='bbox 946 4449 1073 4542; x_wconf 90' lang='lat' dir='ltr'>oppido</span> <span class='ocrx_word' id='word_1_286' title='bbox 1100 4450 1290 4541; x_wconf 84' lang='lat' dir='ltr'>advocatia,</span> <span class='ocrx_word' id='word_1_287' title='bbox 1317 4451 1450 4522; x_wconf 87' lang='lat' dir='ltr'>habens</span> <span class='ocrx_word' id='word_1_288' title='bbox 1477 4449 1625 4539; x_wconf 90' lang='lat' dir='ltr'>speciale</span> <span class='ocrx_word' id='word_1_289' title='bbox 1651 4449 1884 4521; x_wconf 88' lang='lat' dir='ltr'>molendinum</span> <span class='ocrx_word' id='word_1_290' title='bbox 1900 4450 1937 4522; x_wconf 91' lang='lat' dir='ltr'>in</span> <span class='ocrx_word' id='word_1_291' title='bbox 1955 4445 2076 4520; x_wconf 87' lang='lat' dir='ltr'>flumine</span> 
     </span>
     <span class='ocr_line' id='line_1_31' title="bbox 544 4566 2076 4662; baseline -0.005 -22"><span class='ocrx_word' id='word_1_292' title='bbox 544 4566 827 4660; x_wconf 84' lang='lat' dir='ltr'>Unyeovka3</span> <span class='ocrx_word' id='word_1_293' title='bbox 854 4570 936 4642; x_wconf 88' lang='lat' dir='ltr'>item</span> <span class='ocrx_word' id='word_1_294' title='bbox 963 4577 1017 4642; x_wconf 90' lang='lat' dir='ltr'>est</span> <span class='ocrx_word' id='word_1_295' title='bbox 1043 4569 1093 4644; x_wconf 89' lang='lat' dir='ltr'>ibi</span> <span class='ocrx_word' id='word_1_296' title='bbox 1120 4571 1299 4661; x_wconf 86' lang='lat' dir='ltr'>praedium</span> <span class='ocrx_word' id='word_1_297' title='bbox 1326 4573 1470 4662; x_wconf 77' lang='lat' dir='ltr'>regium,</span> <span class='ocrx_word' id='word_1_298' title='bbox 1498 4570 1541 4641; x_wconf 95' lang='lat' dir='ltr'>de</span> <span class='ocrx_word' id='word_1_299' title='bbox 1560 4569 1656 4642; x_wconf 91' lang='lat' dir='ltr'>cuius</span> <span class='ocrx_word' id='word_1_300' title='bbox 1682 4570 1777 4661; x_wconf 83' lang='lat' dir='ltr'>agris</span> <span class='ocrx_word' id='word_1_301' title='bbox 1794 4571 1943 4643; x_wconf 89' lang='lat' dir='ltr'>solvitur</span> <span class='ocrx_word' id='word_1_302' title='bbox 1960 4566 2076 4640; x_wconf 89' lang='lat' dir='ltr'>decima</span> 
     </span>
     <span class='ocr_line' id='line_1_32' title="bbox 544 4687 833 4780; baseline 0.014 -22"><span class='ocrx_word' id='word_1_303' title='bbox 544 4687 769 4780; x_wconf 87' lang='lat' dir='ltr'>manipularis</span> <span class='ocrx_word' id='word_1_304' title='bbox 771 4744 833 4762; x_wconf 93' lang='grc'><strong>.......</strong></span> 
     </span>
    </p>

    <p class='ocr_par' dir='ltr' id='par_1_8' title="bbox 542 4804 2074 5510">
     <span class='ocr_line' id='line_1_33' title="bbox 647 4804 2074 4911; baseline -0.004 -29"><span class='ocrx_word' id='word_1_305' title='bbox 647 4811 845 4884; x_wconf 89' lang='lat' dir='ltr'>Notandum</span> <span class='ocrx_word' id='word_1_306' title='bbox 872 4819 999 4911; x_wconf 14' lang='lat' dir='ltr'>autem*</span> <span class='ocrx_word' id='word_1_307' title='bbox 1015 4811 1107 4904; x_wconf 89' lang='lat' dir='ltr'>quod</span> <span class='ocrx_word' id='word_1_308' title='bbox 1133 4809 1278 4886; x_wconf 87' lang='lat' dir='ltr'>ecclesia</span> <span class='ocrx_word' id='word_1_309' title='bbox 1304 4809 1513 4904; x_wconf 89' lang='lat' dir='ltr'>parochialis</span> <span class='ocrx_word' id='word_1_310' title='bbox 1540 4809 1659 4886; x_wconf 84' lang='lat' dir='ltr'>Sancti</span> <span class='ocrx_word' id='word_1_311' title='bbox 1686 4811 1869 4886; x_wconf 85' lang='lat' dir='ltr'>Adalberti</span> <span class='ocrx_word' id='word_1_312' title='bbox 1895 4814 1932 4886; x_wconf 89' lang='lat' dir='ltr'>iu</span> <span class='ocrx_word' id='word_1_313' title='bbox 1962 4804 2074 4882; x_wconf 84' lang='lat' dir='ltr'>Anti-</span> 
     </span>
     <span class='ocr_line' id='line_1_34' title="bbox 542 4925 2074 5026; baseline -0.002 -22"><span class='ocrx_word' id='word_1_314' title='bbox 542 4949 628 5023; x_wconf 86' lang='lat' dir='ltr'>qua</span> <span class='ocrx_word' id='word_1_315' title='bbox 662 4932 984 5026; x_wconf 86' lang='lat' dir='ltr'>Zarnovyecz,</span> <span class='ocrx_word' id='word_1_316' title='bbox 1019 4955 1107 5026; x_wconf 89' lang='lat' dir='ltr'>quae</span> <span class='ocrx_word' id='word_1_317' title='bbox 1133 4955 1225 5006; x_wconf 91' lang='lat' dir='ltr'>nunc</span> <span class='ocrx_word' id='word_1_318' title='bbox 1251 4935 1448 5025; x_wconf 89' lang='lat' dir='ltr'>appellatur</span> <span class='ocrx_word' id='word_1_319' title='bbox 1474 4935 1517 5006; x_wconf 91' lang='lat' dir='ltr'>de</span> <span class='ocrx_word' id='word_1_320' title='bbox 1544 4934 1674 5025; x_wconf 88' lang='lat' dir='ltr'>laneis,</span> <span class='ocrx_word' id='word_1_321' title='bbox 1708 4933 1775 5006; x_wconf 86' lang='lat' dir='ltr'>luit</span> <span class='ocrx_word' id='word_1_322' title='bbox 1800 4940 1966 5007; x_wconf 87' lang='lat' dir='ltr'>ventrosa</span> <span class='ocrx_word' id='word_1_323' title='bbox 1989 4935 2023 5004; x_wconf 90' lang='lat' dir='ltr'>et</span> <span class='ocrx_word' id='word_1_324' title='bbox 2044 4925 2074 4996; x_wconf 86' lang='lat' dir='ltr'>in</span> 
     </span>
     <span class='ocr_line' id='line_1_35' title="bbox 542 5045 2074 5145; baseline -0.003 -21"><span class='ocrx_word' id='word_1_325' title='bbox 542 5051 770 5144; x_wconf 88' lang='lat' dir='ltr'>proventibus</span> <span class='ocrx_word' id='word_1_326' title='bbox 797 5059 833 5124; x_wconf 92' lang='lat' dir='ltr'>et</span> <span class='ocrx_word' id='word_1_327' title='bbox 860 5053 1000 5126; x_wconf 90' lang='lat' dir='ltr'>decimis</span> <span class='ocrx_word' id='word_1_328' title='bbox 1036 5054 1310 5145; x_wconf 90' lang='lat' dir='ltr'>manipularibus</span> <span class='ocrx_word' id='word_1_329' title='bbox 1346 5056 1545 5145; x_wconf 83' lang='lat' dir='ltr'>abundans3</span> <span class='ocrx_word' id='word_1_330' title='bbox 1580 5055 1642 5126; x_wconf 91' lang='lat' dir='ltr'>sed</span> <span class='ocrx_word' id='word_1_331' title='bbox 1678 5076 1796 5134; x_wconf 85' lang='lat' dir='ltr'>ornnes</span> <span class='ocrx_word' id='word_1_332' title='bbox 1831 5055 1983 5127; x_wconf 92' lang='lat' dir='ltr'>decimae</span> <span class='ocrx_word' id='word_1_333' title='bbox 2014 5045 2074 5120; x_wconf 80' lang='lat' dir='ltr'>eius</span> 
     </span>
     <span class='ocr_line' id='line_1_36' title="bbox 542 5170 2073 5266; baseline 0 -22"><span class='ocrx_word' id='word_1_334' title='bbox 542 5174 702 5246; x_wconf 88' lang='lat' dir='ltr'>meliores</span> <span class='ocrx_word' id='word_1_335' title='bbox 730 5173 921 5266; x_wconf 90' lang='lat' dir='ltr'>applicatae</span> <span class='ocrx_word' id='word_1_336' title='bbox 939 5179 975 5247; x_wconf 88' lang='lat' dir='ltr'>et</span> <span class='ocrx_word' id='word_1_337' title='bbox 991 5175 1107 5246; x_wconf 86' lang='lat' dir='ltr'>unitae</span> <span class='ocrx_word' id='word_1_338' title='bbox 1126 5181 1208 5248; x_wconf 89' lang='lat' dir='ltr'>sunt</span> <span class='ocrx_word' id='word_1_339' title='bbox 1225 5177 1437 5248; x_wconf 89' lang='lat' dir='ltr'>monasterio</span> <span class='ocrx_word' id='word_1_340' title='bbox 1463 5177 1777 5248; x_wconf 89' lang='lat' dir='ltr'>sanctimonialium</span> <span class='ocrx_word' id='word_1_341' title='bbox 1791 5175 1914 5248; x_wconf 86' lang='lat' dir='ltr'>Sancti</span> <span class='ocrx_word' id='word_1_342' title='bbox 1930 5170 2073 5246; x_wconf 78' lang='lat' dir='ltr'>Andreae</span> 
     </span>
     <span class='ocr_line' id='line_1_37' title="bbox 544 5293 2073 5386; baseline -0.001 -22"><span class='ocrx_word' id='word_1_343' title='bbox 544 5295 580 5366; x_wconf 94' lang='lat' dir='ltr'>in</span> <span class='ocrx_word' id='word_1_344' title='bbox 608 5293 852 5385; x_wconf 78' lang='lat' dir='ltr'>(lussovia,</span> <span class='ocrx_word' id='word_1_345' title='bbox 878 5315 942 5385; x_wconf 90' lang='lat' dir='ltr'>per</span> <span class='ocrx_word' id='word_1_346' title='bbox 968 5295 1167 5370; x_wconf 90' lang='lat' dir='ltr'>Boleslaum</span> <span class='ocrx_word' id='word_1_347' title='bbox 1193 5297 1354 5386; x_wconf 91' lang='lat' dir='ltr'>pudicum</span> <span class='ocrx_word' id='word_1_348' title='bbox 1382 5297 1503 5368; x_wconf 92' lang='lat' dir='ltr'>ducem</span> <span class='ocrx_word' id='word_1_349' title='bbox 1530 5295 1795 5370; x_wconf 77' lang='lat' dir='ltr'>cracoviensem</span> <span class='ocrx_word' id='word_1_350' title='bbox 1814 5303 1851 5370; x_wconf 92' lang='lat' dir='ltr'>et</span> <span class='ocrx_word' id='word_1_351' title='bbox 1868 5293 2073 5380; x_wconf 82' lang='lat' dir='ltr'>monarcham</span> 
     </span>
     <span class='ocr_line' id='line_1_38' title="bbox 546 5409 2074 5510; baseline 0.001 -28"><span class='ocrx_word' id='word_1_352' title='bbox 546 5415 645 5502; x_wconf 84' lang='lat' dir='ltr'>regni</span> <span class='ocrx_word' id='word_1_353' title='bbox 671 5413 846 5506; x_wconf 89' lang='lat' dir='ltr'>Poloniae,</span> <span class='ocrx_word' id='word_1_354' title='bbox 875 5421 911 5486; x_wconf 92' lang='lat' dir='ltr'>et</span> <span class='ocrx_word' id='word_1_355' title='bbox 929 5417 1002 5487; x_wconf 91' lang='lat' dir='ltr'>eius</span> <span class='ocrx_word' id='word_1_356' title='bbox 1021 5416 1194 5487; x_wconf 90' lang='lat' dir='ltr'>ducissam</span> <span class='ocrx_word' id='word_1_357' title='bbox 1212 5417 1374 5490; x_wconf 88' lang='lat' dir='ltr'>Sanctam</span> <span class='ocrx_word' id='word_1_358' title='bbox 1400 5416 1613 5510; x_wconf 86' lang='lat' dir='ltr'>Kingam,</span> <span class='ocrx_word' id='word_1_359' title='bbox 1640 5424 1805 5510; x_wconf 87' lang='lat' dir='ltr'>tempore,</span> <span class='ocrx_word' id='word_1_360' title='bbox 1832 5441 1900 5510; x_wconf 88' lang='lat' dir='ltr'>quo</span> <span class='ocrx_word' id='word_1_361' title='bbox 1927 5409 2074 5490; x_wconf 72' lang='lat' dir='ltr'>moniales</span> 
     </span>
    </p>
   </div>
   <div class='ocr_carea' id='block_1_6' title="bbox 546 5530 2073 5742">
    <p class='ocr_par' dir='ltr' id='par_1_9' title="bbox 546 5530 2073 5742">
     <span class='ocr_line' id='line_1_39' title="bbox 546 5530 2073 5637; baseline 0.002 -36"><span class='ocrx_word' id='word_1_362' title='bbox 546 5530 590 5602; x_wconf 91' lang='lat' dir='ltr'>de</span> <span class='ocrx_word' id='word_1_363' title='bbox 616 5533 913 5608; x_wconf 87' lang='lat' dir='ltr'>Zawichosth</span> <span class='ocrx_word' id='word_1_364' title='bbox 950 5537 986 5608; x_wconf 92' lang='lat' dir='ltr'>in</span> <span class='ocrx_word' id='word_1_365' title='bbox 1012 5536 1212 5637; x_wconf 36' lang='lat' dir='ltr'>‚Skalam</span> <span class='ocrx_word' id='word_1_366' title='bbox 1245 5538 1447 5628; x_wconf 80' lang='lat' dir='ltr'>transtulit3</span> <span class='ocrx_word' id='word_1_367' title='bbox 1482 5538 1595 5611; x_wconf 90' lang='lat' dir='ltr'>relicti</span> <span class='ocrx_word' id='word_1_368' title='bbox 1630 5545 1746 5613; x_wconf 89' lang='lat' dir='ltr'>autern</span> <span class='ocrx_word' id='word_1_369' title='bbox 1773 5544 1963 5631; x_wconf 90' lang='lat' dir='ltr'>proventus</span> <span class='ocrx_word' id='word_1_370' title='bbox 1987 5531 2073 5608; x_wconf 81' lang='lat' dir='ltr'>nm·</span> 
     </span>
     <span class='ocr_line' id='line_1_40' title="bbox 548 5651 877 5742; baseline 0.012 -18"><span class='ocrx_word' id='word_1_371' title='bbox 548 5651 670 5742; x_wconf 89' lang='lat' dir='ltr'>scripti</span> <span class='ocrx_word' id='word_1_372' title='bbox 696 5653 877 5728; x_wconf 87' lang='lat' dir='ltr'>ecclesiae:</span> 
     </span>
    </p>
   </div>
   <div class='ocr_carea' id='block_1_7' title="bbox 0 0 2289 6596">
    <p class='ocr_par' dir='ltr' id='par_1_10' title="bbox 0 0 2289 6596">
     <span class='ocr_line' id='line_1_41' title="bbox 0 0 2289 6596; baseline 0 0"><span class='ocrx_word' id='word_1_373' title='bbox 0 0 2289 6596; x_wconf 95' lang='lat' dir='ltr'> </span> 
     </span>
    </p>
   </div>
  </div>
 </body>
</html>
