4550 6600
1122 980 1391 1053 Snrnmrcnow.

578 1104 672 1177 Villa
697 1104 830 1174 habens
857 1102 1037 1174 ecclesiam
1064 1102 1298 1193 parochialem
1326 1103 1361 1173 in
1389 1120 1427 1171 se
1453 1100 1621 1192 ligneam,
1648 1101 1685 1171 in
1712 1101 1879 1172 honorem
1905 1099 2027 1171 Purifi-

477 1226 621 1297 cationis
649 1225 795 1296 Sanctae
823 1222 960 1295 Mariae
985 1224 1153 1313 dicatam,
1181 1224 1277 1294 cuins
1304 1224 1426 1295 haeres
1453 1221 1610 1314 Spythelr
1637 1214 1963 1311 Melstbinslry
1987 1220 2030 1293 de

477 1348 582 1419 armis
609 1347 789 1436 Lelywa.
815 1345 857 1416 Iu
885 1366 953 1436 qua
979 1350 1060 1417 sunt
1087 1346 1178 1415 lanei
1205 1344 1451 1433 emethonales,
1470 1344 1514 1415 de
1532 1340 1657 1434 quibus
1675 1344 1810 1415 decima
1826 1342 2027 1433 pecunialis,

477 1466 520 1539 de
548 1469 702 1559 quolibet
728 1468 827 1538 laneo
854 1488 917 1556 per
943 1466 1121 1558 fertonem,
1150 1466 1299 1538 solvitur
1325 1467 1487 1557 episcopo
1515 1464 1756 1555 Cracoviensi3
1783 1466 1867 1535 item
1884 1464 1929 1535 de
1947 1485 2031 1553 quo-

477 1590 564 1660 libet
590 1590 690 1659 laneo
717 1588 866 1659 solvitur
892 1610 987 1683 ossep
1013 1588 1173 1679 plebano,
1200 1608 1263 1679 per
1289 1608 1392 1659 unam
1411 1606 1606 1659 mensnram
1625 1587 1775 1676 siliginis
1793 1592 1831 1657 et
1848 1606 1912 1676 per
1929 1604 2031 1656 unam

478 1730 617 1803 avenae,
645 1709 772 1781 ibidem
800 1710 835 1781 in
863 1708 1164 1801 Szemychow.

1152 1831 1371 1903 Bszozown.

581 1952 674 2026 Villa
700 1953 833 2025 habens
860 1954 896 2025 in
915 1972 961 2039 se
988 1952 1167 2025 ecelesiam
1195 1953 1429 2044 parochialem
1447 1953 1607 2043 ligneam,
1625 1951 1753 2023 Sancto
1772 1950 1918 2021 Nicolao
1938 1948 2030 2021 dica-

477 2082 566 2165 tam,
594 2075 690 2145 cuins
726 2076 925 2146 haereditas
961 2075 1005 2147 ad
1032 2074 1188 2165 Spythek
1215 2074 1538 2166 Melsthinsky
1573 2074 1736 2163 pertinet.
1777 2072 1817 2143 In
1845 2092 1915 2162 qua
1940 2072 2032 2143 lanei

388 2176 391 2183 Δ
478 2196 711 2267 cnrethonales
749 2196 1009 2286 quatuordecim
1046 2201 1082 2266 et
1116 2217 1177 2267 ser
1205 2197 1340 2287 virgae,
1368 2198 1412 2268 de
1440 2196 1565 2287 quibus
1592 2195 1742 2266 solvitur
1768 2195 1902 2265 decima
1929 2212 2032 2283 pecn-

478 2319 670 2413 nialispro
700 2297 850 2407 capitulo
886 2316 1116 2407 cracoviensi,
1143 2316 1187 2389 de
1213 2318 1314 2389 laneo
1341 2318 1497 2409 quolibet
1522 2339 1612 2389 nnus
1638 2316 1729 2387 terto
1755 2316 1905 2387 latorum
1934 2334 2032 2404 gros-

479 2460 613 2527 sornm3
641 2440 723 2509 item
752 2445 805 2509 est
831 2439 880 2511 ibi
907 2458 976 2509 una
1003 2439 1163 2510 scoltetia
1187 2440 1320 2512 hahens
1347 2440 1514 2529 speciales
1541 2460 1652 2531 agros,
1680 2440 1724 2510 de
1743 2438 1869 2529 quibus
1886 2437 2034 2508 solvitur

480 2560 613 2632 decima
639 2560 865 2650 manipularis
892 2582 956 2650 pro
983 2560 1131 2649 plebano
1159 2562 1195 2631 in
1214 2562 1480 2651 Brzozowa,
1506 2562 1604 2632 cuins
1631 2561 1730 2633 valor
1755 2560 1964 2630 aestimatur
1990 2556 2033 2627 ad

479 2682 565 2753 duas
592 2703 736 2773 marceo,
763 2684 847 2753 item
875 2682 1019 2753 ecclesia
1047 2682 1094 2753 ibi
1123 2684 1291 2773 speciales
1316 2684 1424 2755 hahet
1449 2701 1553 2773 agros
1578 2689 1615 2754 et
1642 2689 1756 2773 prata,
1782 2702 1848 2771 pro
1866 2702 1931 2751 suo
1958 2700 2032 2767 usn,

457 2802 620 2892 ,praedio
648 2811 684 2875 et
710 2804 927 2875 necessitate.

477 2950 483 2967 ⁸
580 2924 797 3015 Ponrnnnn,
824 2925 908 2997 nilla
934 2928 998 2999 snb
1025 2926 1191 3017 parochia
1217 2926 1261 2998 de
1287 2926 1538 2999 Brzozowa
1564 2928 1643 3016 sita,
1670 2927 1768 2997 cuins
1794 2926 1921 2996 haeres
1939 2922 2031 2993 idern

476 3042 517 3115 M
526 3045 651 3117 elsth
660 3046 807 3139 ynslry
834 3044 877 3117 de
904 3047 1009 3117 armis
1036 3046 1225 3139 Lelywa
1251 3048 1292 3119 In
1319 3070 1388 3139 qna
1414 3055 1495 3120 snut
1521 3048 1590 3120 dno
1607 3049 1698 3120 lanei
1716 3046 1963 3133 emetbonales,
1982 3044 2027 3115 de

478 3166 602 3256 quibus
629 3167 777 3238 solvitur
803 3166 935 3238 decima
962 3169 1150 3257 pecunialis
1178 3170 1329 3261 capitulo
1356 3168 1597 3260 cracoviensi,
1624 3170 1668 3241 de
1694 3170 1796 3240 laneo
1822 3188 1887 3258 per
1914 3222 1921 3236 .
1950 3222 1958 3235 .
1988 3222 1995 3233 .
2023 3219 2032 3233 .

479 3286 566 3358 Item
594 3288 642 3361 ibi
669 3309 737 3359 non
765 3294 847 3362 snnt
875 3286 1105 3382 hortulaniae,
1132 3311 1245 3383 neque
1271 3292 1448 3365 tabernae.

1171 3413 1348 3486 Jnszrnn.

583 3528 678 3602 Villa
704 3531 836 3605 habens
864 3535 900 3604 in
927 3553 964 3606 se
991 3534 1171 3606 ecclesiam
1197 3535 1441 3627 parochialem,
1467 3535 1583 3626 lapide
1609 3535 1689 3607 albo
1719 3555 1783 3625 per
1799 3531 2033 3624 Spiczmerum

471 3651 523 3723 de
550 3647 775 3725 Melsthin
801 3653 1023 3746 fabricatam,
1051 3655 1261 3728 et-Sanctae
1288 3677 1329 3729 ac
1354 3656 1583 3730 Beatissimae
1608 3655 1766 3747 Virginis
1793 3654 2034 3744 assumptioni

480 3771 637 3844 dicatam.
664 3771 770 3846 Cuius
797 3777 920 3849 haeres
947 3776 1103 3869 Spythelr
1131 3776 1174 3849 de
1201 3776 1473 3870 Myelsthin‚
1499 3778 1626 3849 nobilis
1654 3776 1698 3849 de
1716 3776 1819 3850 domo
1837 3775 2034 3865 Lelywa.

479 3893 520 3964 ln
548 3915 615 3984 qua
642 3903 721 3968 sunt
756 3897 847 3970 lanei
882 3899 1134 3989 emetbonales,
1162 3901 1246 3971 item
1273 3899 1342 3971 dno
1368 3899 1462 3971 lanei
1488 3898 1717 3988 scoltetiales,
1745 3899 1828 3969 item
1855 3897 2032 3984 tahemae,

479 4015 563 4085 item
590 4015 817 4108 hortulaniae,
845 4020 887 4092 de
915 4020 1039 4110 quibus
1067 4021 1226 4094 omnibns
1253 4021 1400 4094 solvitur
1426 4026 1462 4093 et
1487 4021 1695 4094 conducitur
1720 4020 1857 4093 decima
1873 4019 2030 4108 manipn·
2083 4049 2086 4054 ·

480 4134 565 4205 laris
593 4143 628 4206 et
655 4139 830 4228 canapalis
857 4161 921 4232 pro
950 4197 957 4212 .
985 4199 992 4213 .
1021 4139 1064 4214 .'.
1100 4143 1189 4215 Item
1215 4141 1376 4234 plebanis
1403 4142 1517 4216 dictae
1544 4144 1710 4216 ecclesiae
1737 4142 1845 4214 habet
1872 4141 2033 4232 proprios

481 4277 594 4348 agros,
621 4279 685 4348 pro
713 4281 775 4332 suo
803 4260 947 4352 praedio
976 4271 1012 4337 et
1038 4266 1257 4338 necessitate.

584 4377 824 4473 Persuasum,
851 4385 935 4456 nilla
970 4387 1035 4459 snb
1071 4387 1239 4477 parocbia
1265 4387 1308 4458 de
1334 4386 1358 4461 J
1368 4407 1540 4479 aszyen
1567 4389 1653 4477 sita,
1679 4386 1778 4458 cuius
1805 4386 1930 4457 haeres
1957 4383 2033 4474 Spi-

481 4499 566 4572 thek
595 4500 637 4572 de
664 4502 925 4594 Myelsthin
961 4509 1004 4580 de
1041 4510 1143 4580 domo
1170 4505 1364 4601 Lelyma
1399 4509 1439 4580 In
1469 4531 1537 4600 qua
1562 4514 1645 4580 sunt
1670 4509 1763 4579 lanei
1790 4506 2035 4594 emethonales,

482 4621 525 4692 dc
552 4625 677 4712 quibus
714 4625 861 4698 solvitur
888 4635 923 4700 et
951 4630 1156 4702 conducitur
1182 4630 1317 4702 decima
1343 4631 1568 4721 manipularis
1595 4635 1633 4702 et
1657 4630 1835 4720 canapslis
1862 4649 1927 4718 pro
1956 4684 1963 4696 .
1991 4683 1999 4697 .
2027 4682 2036 4697 .

482 4741 570 4812 Item
598 4751 652 4816 est
678 4747 727 4818 ibi
753 4749 933 4838 praedium
960 4773 1066 4824 unum
1092 4752 1254 4841 militane,
1281 4752 1324 4823 de
1351 4753 1448 4824 cuins
1476 4754 1569 4843 agris
1596 4753 1743 4825 solvitur
1768 4751 1902 4823 decima
1927 4749 2036 4822 eccle-

482 4863 555 4934 siae
582 4865 618 4935 in
644 4865 668 4938 J
677 4889 854 4961 aszyen,
882 4879 917 4944 et
943 4873 1041 4945 valor
1067 4877 1273 4946 aestimatur
1299 4873 1344 4945 ad
1371 4881 1519 4966 quatuor
1546 4895 1688 4947 marcas.

1169 4995 1361 5068 Usscnnw.

586 5107 680 5181 Villa
706 5111 837 5184 habens
865 5115 900 5186 in
927 5135 965 5186 se
991 5117 1224 5206 parochialem
1250 5117 1430 5189 ecclesiam
1456 5117 1616 5208 ligneam,
1643 5116 1802 5191 Omnium
1830 5117 2036 5192 Sanctorum

482 5225 606 5300 honori
634 5231 797 5324 dicamm,
824 5235 921 5306 cuins
947 5238 1146 5328 proprietas
1173 5238 1217 5311 ud
1244 5240 1478 5330 episcopatum
1507 5237 1769 5310 Cracoviensem
1796 5242 1960 5330 pertinet.
1996 5241 2036 5312 ln

484 5369 553 5436 qua
586 5357 667 5422 sunt
703 5353 820 5426 decem
847 5359 884 5426 et
910 5361 988 5428 octo
1015 5357 1108 5430 lanei
1135 5360 1388 5450 emethonales,
1415 5359 1459 5431 de
1487 5360 1612 5449 quibus
1639 5360 1797 5432 omnibus
1824 5361 1974 5433 solvitur
2000 5368 2036 5433 et

484 5469 696 5564 conducitur,
724 5474 856 5549 decima
882 5479 1107 5570 manipularis
1135 5489 1171 5553 et
1198 5481 1373 5572 canapalis
1401 5503 1465 5572 pro
1492 5482 1654 5572 episcopo
1681 5479 1912 5573 Craeoriensi,
1939 5484 2035 5554 cuins

484 5585 582 5658 valor
608 5595 811 5667 aestimatur
837 5599 882 5670 ad
908 5600 1056 5673 sedecim
1083 5622 1237 5690 marcas;
1262 5604 1346 5672 item
1372 5609 1428 5674 est
1453 5603 1489 5674 iu
1508 5601 1629 5674 eadem
1647 5603 1730 5675 villa
1748 5603 1928 5694 praedium
1946 5605 2036 5695 opti-

484 5727 597 5801 mum,
624 5711 666 5783 de
693 5715 790 5788 cuius
825 5721 919 5810 agris
946 5722 1094 5794 solvitur
1120 5723 1253 5794 decima
1288 5723 1513 5815 manipularis
1539 5729 1575 5798 et
1600 5725 1775 5816 canapalis
1800 5747 1865 5817 pro
1892 5725 2036 5798 ecclesia
