4550 6600
467 746 541 815 224

465 951 510 1020 ad
537 949 791 1020 serenissimum
818 946 982 1017 Poloniac
1009 964 1127 1034 regem
1153 944 1315 1034 pertinet
1359 942 1400 1012 ln
1427 962 1495 1031 qua
1526 946 1607 1012 sunt
1640 941 1734 1012 lanei
1768 940 2003 1029 cmetbonales,

465 1070 508 1140 de
527 1070 650 1159 quibus
669 1068 817 1139 solvitur
831 1072 866 1137 et
881 1067 1083 1137 conducitur
1102 1065 1236 1135 decima
1256 1064 1482 1152 manipularis
1500 1084 1564 1152 pro
1587 1064 1832 1153 praepositura
1848 1059 2005 1134 Oszvan-

465 1190 634 1279 czimensi,
662 1190 759 1259 cuius
785 1188 884 1259 valor
911 1187 1114 1257 aestimatur
1142 1185 1186 1255 ad
1213 1204 1274 1257 sex
1300 1204 1443 1255 marcas.

567 1308 893 1399 Wuoszvnnvczn,
928 1308 1012 1378 villa
1044 1307 1178 1377 babens
1209 1305 1390 1375 ecclesiam
1416 1305 1585 1393 ligneam,
1620 1302 1781 1374 Omnium
1807 1302 2005 1374 Sanctorum

464 1432 589 1501 honori
616 1430 764 1501 dicatam
792 1430 828 1499 in
856 1450 902 1518 se,
930 1427 971 1497 de
1001 1428 1097 1497 cuins
1124 1427 1291 1515 parocbia
1309 1430 1345 1495 et
1361 1425 1589 1515 proventibus
1615 1423 1761 1495 fundata
1787 1429 1841 1494 est
1867 1425 2006 1494 ecclesia

464 1550 673 1641 parochialis
700 1552 735 1620 in
761 1549 1092 1636 Oszwanczim,
1130 1568 1218 1637 quae
1245 1547 1329 1617 villa
1364 1547 1432 1646 iam
1459 1547 1612 1637 pertinet
1646 1546 1722 1616 iure
1749 1544 1939 1634 parochiali
1957 1545 2006 1614 ad

466 1671 791 1759 Oszvancaim,
828 1670 924 1742 cuius
953 1668 1089 1757 quidem
1125 1666 1229 1737 villae
1264 1666 1458 1756 proprietas
1494 1667 1538 1736 ad
1564 1666 1799 1755 praepositum
1826 1663 2007 1754 01111111-

466 1793 668 1861 czimensem
695 1791 865 1880 pertinet,
902 1810 977 1859 cum
1014 1789 1173 1859 omnibns
1209 1787 1421 1857 utilitatibus
1449 1792 1485 1857 et
1511 1788 1596 1857 iure.
1639 1786 1680 1855 ln
1708 1807 1778 1875 qua
1812 1792 1895 1857 sunt
1920 1785 2007 1855 lanei

466 1911 719 2000 cmetbonaleS,
755 1912 838 1980 item
865 1930 934 1980 una
960 1908 1119 1979 scoltetia
1153 1907 1286 1977 habens
1321 1927 1425 1995 agros
1451 1907 1637 1997 speciales,
1673 1907 1757 1977 item
1791 1906 1899 1977 babet
1926 1905 2006 1975 duos

467 2033 664 2103 cmetbones
691 2032 859 2102 babentes
886 2051 949 2119 por
968 2083 1082 2099 .....
1109 2028 1249 2098 laneos·
1272 2028 1361 2098 Item
1388 2028 1479 2097 idem
1507 2028 1673 2097 scoltetus
1699 2027 1805 2119 babet
1830 2027 2007 2097 tabernam

466 2158 501 2221 et
527 2152 768 2241 hortulaniam,
795 2150 837 2221 de
865 2151 988 2239 quibus
1016 2149 1174 2219 omnibus
1201 2148 1349 2219 solvitur
1366 2148 1565 2237 praeposito
1592 2146 1763 2237 praefato,
1790 2148 1927 2218 ratione
1953 2146 2008 2217 de

466 2272 584 2361 cimae,
611 2293 802 2361 perunum
830 2291 1025 2341 mensuram
1053 2269 1199 2358 siliginis
1218 2272 1254 2338 et
1272 2269 1375 2339 aliam
1403 2289 1542 2357 avenae,
1571 2289 1654 2358 quas
1673 2268 1811 2357 quidem
1833 2288 2008 2339 mensuras

467 2392 613 2481 siliginis
641 2397 676 2461 ct
702 2412 849 2481 avenae,
885 2396 1048 2461 tenentur
1075 2390 1143 2478 ipsi
1179 2390 1376 2459 cmetlroncs
1412 2390 1581 2459 seminare
1616 2390 1651 2459 in
1678 2390 1788 2477 ipsius
1822 2389 2008 2478 praepositi

467 2514 578 2602 agris,
615 2533 678 2601 per
704 2513 842 2583 eosdem
870 2512 971 2581 cultis
998 2516 1035 2581 et
1061 2506 1259 2599 dispositis3
1294 2531 1358 2600 pro
1385 2531 1490 2581 censu
1516 2531 1621 2599 vero,
1655 2510 1761 2581 solvit
1798 2510 1945 2599 quilibet
1968 2508 2008 2577 de

466 2634 566 2703 laneo
592 2655 696 2705 unum
725 2634 891 2704 florenum
918 2632 1131 2722 praeposito,
1155 2632 1239 2702 item
1265 2632 1390 2721 gallos,
1426 2632 1508 2701 item
1536 2652 1616 2720 ova,
1651 2632 1786 2701 ratione
1811 2626 2009 2699 1111111111

466 2775 529 2843 pro
557 2754 645 2825 festo
672 2754 835 2842 Paschae,
862 2774 925 2843 per
953 2774 1012 2825 sex
1041 2753 1222 2839 denarios;
1247 2752 1332 2822 item
1359 2752 1525 2823 scoltetus
1552 2752 1614 2821 dat
1632 2752 1839 2842 praeposito
1867 2756 2010 2841 quatuor

466 2896 645 2945 mensuras
681 2875 828 2964 siliginis
855 2879 891 2944 et
918 2879 1067 2963 quatuor
1094 2894 1243 2961 avenae,
1281 2872 1342 2943 sed
1368 2893 1438 2943 non
1464 2877 1604 2945 tenetur
1634 2873 1822 2962 seminare,
1858 2872 1927 2941 nisi
1953 2892 2008 2941 eas

467 2996 502 3065 in
529 3016 638 3085 grano
666 2996 778 3083 solvit,
807 2994 1005 3064 cmetbones
1033 3015 1116 3064 vero
1144 2993 1281 3063 scolteti
1308 2998 1471 3063 tenentur
1489 2994 1659 3063 seminare
1686 3012 1789 3063 unam
1815 3012 2007 3063 mensuram

468 3116 613 3204 siliginis
641 3120 676 3184 et
703 3115 805 3184 aliam
834 3134 971 3203 avenae,
998 3114 1087 3184 sicut
1113 3120 1150 3183 ot
1176 3114 1374 3185 cmetbones
1395 3115 1601 3203 praepositi.
1636 3188 1640 3191 ,

572 3233 958 3324 Cznnnmrcnovvrczn,
994 3234 1078 3306 villa
1105 3236 1169 3306 sub
1196 3234 1361 3324 parocbia
1388 3234 1431 3306 de
1458 3233 1768 3306 Oszvanczim
1794 3235 1881 3326 sita,
1918 3234 2009 3306 cuius

467 3357 663 3445 proprietas
691 3355 734 3438 ad
763 3356 884 3425 ducem
910 3342 1155 3444 Plczynensem
1183 3357 1343 3444 pertinet.
1383 3356 1423 3426 ln
1451 3376 1518 3446 qua
1545 3361 1625 3426 sunt
1651 3356 1744 3426 lanei
1770 3357 2008 3444 cmetbonales

468 3477 511 3546 de
538 3477 662 3565 quibus
689 3476 847 3546 omnibus
874 3475 1021 3546 solvitur
1049 3475 1181 3546 decima
1207 3476 1396 3566 pecunialis
1423 3477 1583 3566 episcopo
1611 3475 1842 3566 cracoviensi,
1869 3477 1913 3548 dc
1931 3497 2009 3567 quo·

468 3597 554 3668 libet
580 3597 679 3667 laneo
707 3617 770 3687 per
788 3649 928 3666 ......
1385 3617 1389 3622 ·

570 3717 813 3808 annzvnnn,
841 3719 925 3788 villa
951 3717 1014 3789 snb
1041 3718 1208 3807 parocbia
1234 3717 1277 3788 de
1303 3715 1614 3790 Oszvanczim
1641 3718 1727 3808 sita,
1763 3719 1860 3790 cuius
1886 3719 2004 3790 haeres

468 3836 644 3940 Johapnes
663 3837 963 3929 Brzezynsky
982 3838 1025 3907 de
1044 3839 1187 3908 armis...
1212 3838 1252 3908 ln
1272 3859 1340 3928 qua
1358 3843 1439 3908 sunt
1456 3839 1549 3908 lanei
1566 3838 1809 3927 cmetbonaleS,
1828 3839 2008 3928 dequibus

467 3959 625 4028 omnibus
653 3958 799 4028 solvitur
826 3958 959 4028 decima
985 3959 1184 4047 pecunialis,
1211 3957 1254 4027 (11
1282 3959 1438 4048 quolibet
1463 3959 1563 4028 laneo
1590 3978 1654 4046 per
1672 4012 1808 4029 ......
1844 3958 1933 4030 Item
1959 3963 2009 4027 est

467 4079 516 4148 ibi
543 4099 648 4148 unum
675 4078 862 4168 praedium,
891 4077 982 4168 qnod
1009 4079 1094 4148 nulli
1122 4079 1277 4150 decimat

572 4195 787 4286 Crvnnnmzr,
822 4199 906 4268 villa
933 4197 996 4268 sub
1024 4200 1190 4287 parocbia
1216 4193 1259 4270 de
1286 4198 1606 4290 Oszvanczym
1643 4200 1728 4290 sita,
1765 4201 1863 4272 cuius
1890 4202 2008 4271 haeres

428 4335 435 4346 ·
467 4317 676 4389 Laurentius
704 4316 1015 4409 Charmaszlcy
1043 4319 1085 4389 de
1113 4320 1214 4390 domo
1234 4374 1347 4390 .....
1383 4321 1423 4390 ln
1452 4342 1521 4409 qua
1546 4325 1628 4391 sunt
1653 4321 1745 4391 lanei
1773 4321 2008 4409 cmetbonales,
2042 4303 2048 4308 ⁵

467 4439 510 4509 dc
538 4439 661 4528 quibus
689 4439 836 4510 solvitur
863 4439 995 4510 decima
1012 4441 1239 4530 manipularis
1257 4446 1293 4511 11
1311 4442 1484 4530 canapalis
1503 4443 1700 4531 praeposito
1715 4441 2008 4529 Oszvancimensi,

469 4561 565 4630 cuius
590 4560 689 4632 valor
716 4559 760 4630 ad
787 4566 858 4630 tres
885 4581 1017 4630 marcas
1045 4562 1259 4632 aestimatur.
1799 4551 1803 4557 ’

570 4680 787 4770 annszczn,
815 4681 898 4752 villa
916 4682 980 4752 sub
999 4683 1163 4771 parocbia
1181 4682 1224 4753 de
1251 4681 1562 4754 Oszvvanczim
1589 4683 1668 4772 sita,
1695 4684 1791 4754 cuius
1817 4685 2009 4774 proprietas

467 4800 511 4871 ad
537 4822 654 4891 regom
681 4802 841 4892 pertinet.
881 4801 921 4871 ln
949 4823 1016 4893 qua
1043 4809 1124 4874 sunt
1149 4803 1241 4874 lanei
1268 4805 1510 4895 cmetbonales,
1537 4804 1580 4873 de
1608 4805 1732 4894 quibus
1760 4806 1920 4876 omnibus
1946 4805 2009 4876 sol·

466 4923 560 4992 vitm·
586 4927 622 4992 ot
641 4922 847 4993 conducitur
872 4922 1003 4993 decima
1029 4925 1254 5014 manipularis
1273 4932 1309 4994 et
1332 4925 1506 5014 canapalis
1532 4926 1775 4996 mansionariis
1802 4923 2009 4998 Oszwanczi·

467 5037 651 5132 mensibus
680 5043 776 5114 cuius
803 5043 901 5114 valor
928 5044 971 5114 ad
999 5065 1119 5116 novem
1148 5065 1281 5116 marcas
1308 5047 1522 5116 aestimatur.
1548 5044 1732 5116 Praedium
1760 5046 1809 5116 ibi
1826 5067 1905 5116 non
1932 5041 2001 5117 est.⁴

570 5163 866 5253 Pnzncznscnvrv,
893 5165 977 5235 villa
1003 5167 1066 5236 sub
1094 5167 1259 5256 parocbia
1285 5166 1328 5237 de
1355 5165 1667 5237 Oszvanczim
1694 5165 1781 5256 sita,
1808 5167 1906 5237 cuius
1933 5168 2011 5236 bae·

465 5282 567 5352 re'des
603 5282 772 5371 blicbael,
808 5283 985 5356 Johannes
1022 5291 1057 5356 et
1092 5286 1233 5357 Marcus
1268 5287 1424 5376 germani
1459 5286 1544 5356 dicti
1580 5285 1936 5376 Szkedzensczy
1970 5285 2010 5355 de

467 5402 567 5472 domo
587 5457 700 5472 .....
727 5403 766 5474 In
795 5425 863 5494 qua
890 5411 970 5476 sunt
996 5407 1085 5476 lanei
1114 5408 1356 5498 cmetbonaleS,
1384 5407 1571 5497 dequibus
1598 5406 1744 5476 solvitur
1761 5406 1894 5478 decima
1912 5426 2010 5496 pecu-

467 5521 575 5590 nialis
595 5523 761 5613 episcopo
783 5524 1012 5616 Oraooviensi,
1040 5527 1082 5596 de
1109 5527 1265 5616 quolibet
1290 5528 1389 5598 laneo
1416 5547 1480 5617 per
1498 5581 1611 5597 .....

570 5641 776 5737 Snvnozmv,
804 5647 886 5718 villa
913 5647 976 5718 sub
1003 5647 1169 5737 parochia
1195 5647 1238 5717 de
1264 5645 1574 5718 Oszvvanczim
1603 5649 1685 5740 sita,
1720 5647 1818 5723 cuius
1845 5647 2009 5719 haeredes
