4550 6600
1693 792 1766 866 329

219 988 313 1066 coins
338 988 536 1085 proprietas
564 988 609 1065 ad
636 991 799 1067 abbatem
826 998 862 1067 et
887 992 1137 1068 monasterinm
1155 991 1303 1069 Sanctae
1329 993 1450 1069 Crucis
1477 996 1594 1071 Calvi
1621 1002 1769 1073 montis

217 1115 383 1213 pertinet,
419 1114 479 1206 qui
507 1118 589 1187 sunt
616 1114 709 1188 illius
746 1116 913 1189 ecclesiae
948 1116 1042 1189 unici
1069 1116 1253 1189 collatores
1281 1122 1317 1189 et
1341 1119 1492 1209 patroni.
1526 1118 1567 1190 In
1595 1141 1663 1210 qna
1690 1126 1771 1193 sunt

218 1242 292 1325 octo
318 1248 393 1307 cum
420 1235 535 1309 medio
561 1235 654 1308 lanei
681 1236 931 1329 cmethonalee,
957 1239 1040 1311 item
1059 1243 1133 1311 tres
1155 1240 1324 1311 tabernae
1349 1239 1518 1312 habentes
1544 1260 1658 1331 agras,
1684 1243 1769 1313 item
1811 1319 1836 1333 „.

217 1378 317 1430 unum
343 1356 524 1447 praedium
552 1357 770 1449 coenobiale,
798 1358 840 1430 de
868 1360 993 1449 quibus
1011 1358 1170 1432 omnibus
1188 1360 1337 1433 solvitur
1353 1364 1390 1431 et
1407 1360 1612 1432 conducitur
1637 1362 1770 1434 decima

216 1476 437 1569 manipularis
470 1484 507 1550 et
538 1477 715 1570 canapalis
745 1498 810 1571 pro
844 1478 989 1551 ecclesia
1019 1481 1056 1551 in
1091 1480 1465 1581 Mod'lpbozi'cze,
1497 1487 1534 1553 et
1564 1482 1664 1553 valor
1694 1484 1769 1555 eius

217 1599 430 1671 aestimatur
452 1599 497 1671 ad
524 1598 650 1671 decem·
667 1618 812 1672 marcas.
847 1598 936 1672 Item
973 1600 1142 1693 plebanus
1178 1602 1302 1673 habuit
1327 1602 1364 1672 in
1391 1602 1512 1673 eadem
1547 1602 1631 1673 villa
1665 1624 1770 1675 unam

217 1722 403 1793 tadernam‘
428 1721 606 1813 propriam
643 1740 719 1793 curn
747 1722 859 1813 agfis,
895 1720 956 1793 sed
983 1722 1150 1795 cambivit
1185 1744 1279 1814 eam,
1315 1722 1402 1795 dans
1429 1724 1524 1795 illam
1559 1725 1769 1795 monasterio

216 1842 361 1913 Sanctae
397 1838 534 1934 (tineis,
570 1863 635 1934 pro
662 1841 762 1916 alveo
789 1848 826 1915 et
851 1842 962 1933 pratis
990 1842 1038 1914 ad·
1061 1842 1252 1935 parandam
1286 1844 1464 1933 piscinam.
1508 1844 1597 1915 Item
1624 1845 1771 1917 ecclesia

217 1963 319 2036 habet
345 1964 396 2035 ibi
421 1984 486 2055 pro
512 1964 656 2056 praedio
693 1984 756 2037 suo
793 1984 915 2055 agros,
951 1963 995 2035 ad
1021 1968 1095 2036 tres
1129 1964 1248 2035 laneos
1284 1965 1496 2037 aestimatos.
1540 1964 1628 2037 Item
1664 1988 1770 2037 unum

216 2104 338 2156 arrum⁴
360 2084 500 2157 invilla
525 2082 875 2185 Pyszlrzimltem
893 2085 1001 2156 habet
1018 2084 1089 2157 tria
1106 2090 1229 2176 prata,
1255 2106 1361 2157 unum
1388 2086 1424 2157 in
1451 2086 1770 2178 Modlibozycze,
1792 2120 1795 2133 ·

213 2204 366 2279 aliudin
384 2204 618 2299 “Rudnyky
645 2212 681 2279 et
706 2207 850 2279 tertium
876 2206 913 2278 in
940 2205 1181 2299 Stohyecz.
1583 2201 1588 2210 '

316 2322 580 2400 Gonrscnrczn
606 2346 801 2417 muneror,
838 2327 923 2399 villa
949 2327 1014 2399 sub
1040 2326 1208 2417 parocllia
1234 2326 1277 2397 de
1303 2324 1660 2419 Modlybozicze
1687 2330 1766 2401 sita.
1856 2304 1861 2313 ’

215 2447 253 2518 In
279 2468 348 2538 qna
375 2442 457 2521 sunt
483 2448 576 2523 lanei
603 2447 855 2539 emethonaleS‚
892 2448 975 2519 item
1001 2446 1183 2539 praedium
1209 2467 1316 2519 unum
1342 2448 1514 2538 militare,
1540 2450 1624 2519 Item
1651 2450 1770 2521 taber-

197 2581 297 2659 nae,
317 2568 419 2641 item
452 2568 693 2662 hortulaniae‚
722 2568 770 2643 ‚de
798 2570 923 2661 quibus
958 2569 1118 2640 omnibus
1154 2568 1303 2641 solvitur
1333 2575 1370 2639 et
1397 2570 1602 2641 conducitur
1637 2570 1771 2641 decima

218 2690 442 2782 manipularis
469 2696 506 2762 et
532 2690 709 2783 canapalis
737 2667 808 2782 ¹pro
844 2690 990 2763 ecclesia
1016 2690 1057 2761 in
1079 2688 1463 2782 Modlylrozycze,
1499 2697 1536 2761 et
1562 2691 1662 2762 valor
1696 2692 1770 2762 eius

213 2810 415 2883 aestimatur
442 2810 513 2883 ad.
532 2867 539 2883 .
558 2866 566 2883 .
585 2866 593 2883 .

313 2930 560 3005 Gonrsznozn
588 2950 787 3023 snrnnron,
822 2930 907 3004 villa
932 2931 997 3003 sub
1032 2930 1200 3023 parochia
1226 2930 1268 3001 de
1294 2929 1665 3033 Modlybozpcze
1692 2933 1762 3002 sita

213 3054 309 3125 cuiun¹
330 3054 462 3125 lr'aeres
477 3107 593 3125 .....
628 3052 669 3123 In
697 3072 772 3143 qua
790 3058 849 3123 est·
870 3072 959 3123 unus
994 3051 1115 3124 laneus
1151 3050 1376 3122 cmetlronalis
1411 3051 1572 3141 specialis
1599 3057 1635 3123 et
1661 3051 1760 3141 liber,

216 3174 258 3246 acl
282 3174 536 3266 proprietatem
564 3174 741 3246 cantoriae
775 3172 1069 3265 Oppathoviensis
1095 3172 1290 3263 pertInens,
1318 3173 1377 3261 qui
1404 3173 1540 3243 cantori
1566 3179 1602 3242 et
1629 3192 1770 3243 censum

214 3296 314 3372 soltit
341 3303 387 3370 et
407 3296 583 3370 decimam·
601 3294 861 3388 manipularem.
888 3294 976 3366 ltcrn
1003 3294 1201 3386 proprietas
1227 3292 1389 3365 residuae
1415 3292 1519 3365 villae
1546 3293 1701 3384 pertInet
1727 3293 1772 3364 ad

198 3424 330 3491 'certos
363 3417 498 3491 nolliles
533 3417 607 3490 illic
639 3417 852 3509 residentes,
888 3417 948 3509 qui
983 3431 1087 3508 agros
1123 3414 1359 3487 emethonales
1394 3415 1521 3486 colunt.
1565 3414 1652 3486 Item
1686 3396 1773 3485 'sunt

214 3543 315 3612 etlam
341 3541 403 3612 iti*
421 3539 530 3631 aliqui
555 3540 646 3612 lanei
674 3539 926 3629 ometlronales‚
962 3543 999 3610 et
1025 3537 1185 3610 variatur
1218 3535 1397 3628 perceptio
1434 3524 1587 3608 decimae
1613 3536 1772 3626 manipu-
1886 3628 1889 3630 v

214 3661 312 3755 laris,
349 3681 432 3734 nam
458 3679 552 3753 pars·
568 3659 664 3734 cedit
695 3659 858 3752 episcopo
893 3657 1134 3750 maceriensi,
1171 3666 1207 3730 et
1241 3675 1324 3748 pars
1360 3657 1508 3746 plebano
1536 3657 1573 3728 in
1600 3655 1772 3746 Modly-

213 3783 423 3876 hozycze

201 3885 204 3891 ⁵
316 3906 511 3997 Zunmr,
537 3903 621 3976 villa
646 3904 710 3977 sub
737 3901 904 3994 parochia
930 3901 974 3974 de
1000 3899 1344 3973 Baczknwicze‘
1360 3899 1438 3989 sita,
1456 3898 1554 3971 cuius
1572 3897 1770 3988 proprietas

213 4025 256 4100 ad
282 4027 521 4121 episcopatum
547 4024 869 4097 wladislaviensem
896 4024 1056 4115 pertinet.
1095 4021 1136 4092 In
1164 4041 1234 4112 qua
1260 4027 1342 4092 sunt
1368 4020 1526 4091 undecim
1553 4040 1630 4090 cum
1657 4016 1771 4089 medio

213 4149 302 4222 lanei
330 4147 576 4238 emetllonales‚
602 4147 686 4218 item
711 4150 785 4218 tres
812 4147 979 4218 tabernae
1006 4143 1177 4216 habentes
1205 4162 1318 4233 agros,
1345 4143 1429 4213 item
1455 4146 1529 4212 tres
1547 4139 1770 4212 hortulaniae
1845 4199 1849 4215 .

214 4271 384 4372 habentes
410 4287 522 4360 agros,
549 4268 592 4339 de
620 4269 751 4359 quibus*
771 4267 930 4339 omnibus
957 4265 1106 4338 solvitur
1131 4270 1169 4336 et
1195 4263 1401 4337 conducitur
1426 4263 1560 4334 decima
1576 4261 1769 4350 manipula-

214 4394 262 4464 ris
290 4398 334 4465 et·
353 4389 537 4483 canapalis·
565 4408 629 4481 pro
657 4389 860 4480 epIscopatn
885 4380 1178 4459 Wladislauiensi.
1218 4385 1307 4457 Item
1333 4389 1390 4456 est
1415 4384 1466 4456 ibi
1491 4383 1672 4474 praedium
1695 4381 1770 4470 epi·
1805 4369 1808 4381 '

216 4514 362 4606 seopale,
389 4513 433 4585 de
460 4533 528 4604 qno
555 4510 759 4582 decimatur
775 4508 942 4580 ccclesiae
968 4509 1011 4578 in·
1031 4505 1409 4598 Modlybozycze.

320 4635 540 4724 Pramum,
566 4631 651 4704 nilla
677 4629 742 4703 sub
768 4629 934 4720 parochia
959 4627 1003 4700 de
1028 4627 1383 4720 Modlybozicze
1410 4624 1488 4695 sita
1524 4621 1565 4692 In
1592 4641 1660 4711 qua
1687 4626 1770 4691 sunt

215 4757 306 4828 lanei
333 4753 576 4844 cmethonales,
603 4753 688 4824 item
714 4752 891 4838 tallernae,
918 4750 1002 4821 item
1027 4747 1268 4836 hortulaniae,
1294 4747 1338 4817 de
1365 4745 1489 4834 quibus
1516 4742 1675 4814 omnibus
1701 4741 1771 4812 sol-

215 4880 319 4950 uitur*
337 4883 385 4949 ctw
401 4876 607 4948 conducitur
631 4874 769 4944 decima·
789 4871 1017 4962 manipularis
1043 4876 1079 4940 et
1106 4867 1281 4958 canapalis
1299 4887 1364 4957 pro
1382 4864 1528 4936 ecclesia
1545 4865 1581 4933 in
1599 4861 1773 4952 Modly-

216 4999 436 5091 tlonycze,
462 4999 546 5069 item
582 4993 811 5068 llortulaniae
837 4998 920 5064 sunt
955 4991 1012 5063 ibi·
1039 4989 1217 5062 habentes
1243 5007 1365 5078 agros,
1392 4985 1436 5057 de
1472 4985 1596 5076 quibus
1623 4982 1771 5055 solvitur

219 5119 358 5192 decima*
380 5117 617 5209 manipularis
634 5136 698 5208 pro
726 5115 928 5205 episcopatu
955 5110 1186 5184 Gracoviensi.

321 5240 524 5330 Sinnium,
551 5237 633 5311 villa
659 5237 727 5309 sub
750 5233 917 5326 parochia
943 5232 987 5304 de
1013 5229 1366 5304 Modlibozicze·
1383 5228 1462 5317 sita,
1489 5225 1587 5297 cuius
1604 5221 1772 5295 haeredes

218 5361 372 5435 Iacobus
397 5353 676 5450 Milkow‘sky
704 5357 757 5428 de·
773 5354 1008 5426 llabdank.
1035 5353 1076 5424 In
1103 5372 1172 5443 qua
1198 5356 1280 5423 sunt
1306 5349 1398 5420 lanei
1424 5345 1669 5434 cmethonales‚
1687 5345 1769 5423 item

219 5476 402 5574 tabernae,
429 5483 512 5554 Item
539 5479 776 5568 hortulaniae,
802 5478 886 5548 ilem
913 5475 1058 5566 praedIa
1083 5473 1269 5562 nobilium,
1295 5471 1339 5542 de
1366 5469 1491 5562 quibus
1518 5467 1676 5574 omnibus
1702 5464 1772 5536 sol-

219 5606 313 5677 vitur
349 5609 385 5675 et
420 5601 624 5674 conducitur
659 5599 792 5670 decima
828 5595 1052 5686 manipularis
1087 5597 1129 5665 et‘
1159 5591 1335 5683 canapalis
1361 5610 1427 5680 pro
1453 5587 1599 5660 ecelesIa
1625 5586 1661 5656 in
1686 5583 1773 5654 Mo-

220 5725 517 5816 dlylronycze·

323 5891 523 5934 maumam
1567 5857 1605 5906 42
