4550 6600
1681 755 1764 833 aaa

213 959 433 1061 scholastriae
461 956 710 1030 cracoviensis.
753 958 841 1029 Item
867 964 923 1031 est
949 958 998 1031 ibi
1025 961 1345 1033 scoltetia-habens
1370 962 1500 1050 laneos;
1526 962 1611 1033 item
1636 962 1755 1052 pleba-

213 1102 273 1153 nus
300 1085 335 1151 et
362 1078 508 1151 ecclesia
534 1079 642 1183 habet
669 1080 718 1151 ibi
745 1101 848 1169 agros
875 1080 1003 1153 liberos
1031 1087 1067 1154 et
1091 1087 1205 1179 prata,
1232 1102 1296 1172 pro
1323 1103 1386 1154 suo
1412 1083 1557 1172 praedio
1584 1088 1621 1154 et
1637 1103 1756 1157 neces-

213 1203 320 1275 sitate.

310 1321 515 1413 Pononszn,
542 1322 626 1394 villa
653 1323 717 1394 sub
744 1324 911 1413 parochia
937 1323 980 1395 de
1007 1323 1181 1396 Zathor
1207 1325 1289 1413 sita,
1317 1326 1415 1397 cuius
1440 1326 1565 1397 haeres
1592 1326 1758 1399 Nicolaus

212 1444 532 1537 Myschkows'k
543 1467 566 1535 y
593 1443 635 1514 de
663 1442 764 1515 domo
792 1443 1094 1534 Accipitrum.
1122 1446 1163 1515 In
1190 1467 1259 1536 qua
1286 1452 1367 1518 sunt
1393 1446 1485 1518 lanei
1512 1448 1761 1538 emethonales‚

212 1566 251 1637 de
283 1565 409 1655 quibus
444 1565 603 1638 omnibus
640 1564 787 1637 solvitur
822 1563 955 1637 decima
990 1566 1217 1656 manipularis
1252 1567 1481 1640 scholastriae
1517 1566 1759 1658 Oracoviensi3

214 1680 305 1758 cuius
340 1687 448 1757 etiam
484 1687 660 1776 perceptio
696 1686 732 1756 in
759 1686 944 1775 manipulis
971 1707 997 1757 a·
1019 1688 1227 1761 scholastria
1252 1688 1429 1762 abstracta
1455 1694 1527 1779 est,
1562 1694 1602 1760 et
1625 1690 1758 1763 incolae
1901 1735 1904 1739 <

212 1807 299 1879 illam
326 1806 392 1878 soli
418 1806 634 1899 percipiunt,
660 1815 697 1877 et
724 1807 922 1878 summatim
949 1808 1088 1880 solvunt
1123 1831 1188 1900 pro
1215 1809 1275 1879 illa
1301 1810 1510 1882 scholastico
1537 1809 1758 1882 Gracoviensi

211 1936 278 2001 tres
303 1948 439 2000 mareas
466 1927 616 2001 latorum
644 1948 857 2018 grossorum
883 1928 968 2001 item
994 1929 1225 2022 hortulaniae‚
1251 1931 1336 2003 item
1353 1932 1529 2022 tabernae,
1555 1918 1641 2005 item
1657 1913 1759 2024 prae·

213 2051 301 2123 dium
320 2104 435 2121 .....
1844 2148 1849 2154 ⁶

309 2170 657 2261 Taznsunuczrcnn‚
685 2170 768 2243 villa
794 2172 859 2243 sub
885 2172 1051 2262 parochia
1078 2172 1122 2244 de
1147 2172 1326 2245 Zathor
1351 2175 1437 2265 sita,
1465 2175 1562 2247 cuius
1589 2174 1759 2248 haeredes

214 2294 311 2365 duces
337 2292 593 2365 Zathorienses.
621 2292 661 2363 In
689 2314 758 2383 qua
780 2299 862 2363 sunt
888 2293 981 2365 lanei
1008 2295 1252 2385 amathonales
1279 2295 1322 2367 de
1340 2296 1466 2386 quibus
1484 2288 1760 2369 solviturfmani-
1866 2282 1895 2333 ·’

211 2414 337 2506 pularis
364 2414 498 2485 decima
525 2414 752 2486 scholastriae
779 2412 1019 2505 Graeoviensi3
1047 2416 1146 2487 cuius
1172 2416 1279 2489 etiam
1305 2419 1482 2508 perceptio
1509 2418 1546 2489 in
1571 2418 1759 2509 manipulis

214 2536 386 2637 abstracta
413 2541 469 2607 est
496 2556 517 2605 a
543 2535 768 2625 scholastria,
804 2540 841 2607 et
867 2536 1000 2608 incolae
1027 2537 1121 2608 illam
1148 2539 1361 2629 percipiunt,
1398 2544 1434 2611 et
1459 2540 1600 2611 solvunt
1626 2561 1692 2630 pro
1717 2561 1760 2610 ea

215 2657 407 2727 summatim
434 2643 646 2728 scholastico
667 2655 888 2728 cracoviensi
913 2678 1016 2729 unam
1043 2679 1121 2729 cum
1147 2658 1290 2731 dimidia
1316 2680 1469 2732 marcam
1494 2661 1646 2733 latorum
1663 2682 1762 2751 gros·

211 2800 320 2863 sorum
346 2777 586 2868 Pragensium3
613 2778 697 2849 item
723 2777 899 2868 tabernae,
925 2778 1010 2851 item
1036 2779 1224 2870 hortulani,
1251 2780 1335 2852 item
1362 2782 1595 2872 praedium..
1615 2836 1650 2852 ..

306 2898 540 2989 Szuonrczn,
561 2900 651 2977 ¹ailla
676 2900 741 2971 sub
754 2900 924 2990 parochia
950 2900 993 2971 de
1018 2899 1194 2973 Zethor
1220 2903 1303 2992 sita,
1329 2903 1427 2976 euius
1452 2902 1622 2975 haeredes
1649 2904 1754 2975 Nico·

212 3023 281 3093 laus
306 3020 632 3111 Szasehorsky
658 3020 821 3093 dedomo
849 3021 1099 3093 Fossorum
1125 3022 1570 3097 etJohannesRariwau
1597 3024 1760 3097 dedomo

213 3142 547 3215 Radwanorum.
588 3142 629 3213 In
649 3162 717 3233 qua
742 3147 824 3215 sunt
841 3142 933 3213 lanei
960 3143 1212 3234 emethonales‚
1239 3143 1426 3235 dequibus
1453 3146 1602 3218 solvitur
1628 3146 1761 3218 decima

213 3262 431 3355 manipularis
466 3284 530 3355 pro
567 3262 775 3338 scholastria
810 3261 1051 3354 Gracoviensi3
1093 3264 1155 3337 sed
1190 3265 1264 3338 eius
1300 3267 1478 3358 perceptio
1514 3268 1551 3338 iu
1585 3266 1760 3358 manipulo

214 3386 382 3458 abstracta
410 3391 465 3458 est
517 3407 540 3456 a
565 3385 790 3476 scholastria,
815 3390 853 3458 et
879 3385 1011 3458 incolae
1038 3386 1133 3457 illam
1160 3387 1376 3478 percipiunt,
1403 3387 1611 3479 solvuntque
1637 3410 1702 3479 pro
1720 3409 1763 3460 ea

212 3507 399 3580 summatim
429 3506 634 3580 scholastico
657 3505 879 3580 Graaoviensi
906 3528 1010 3581 unam
1028 3527 1105 3579 cum
1123 3508 1237 3581 media
1264 3529 1416 3582 marcam
1441 3510 1592 3582 latorum
1618 3529 1758 3601 grosso-

213 3649 282 3702 rum
306 3628 553 3720 Pragcnsinm3
580 3628 664 3700 item
690 3629 844 3720 taberna,
872 3629 956 3702 item
981 3629 1212 3721 hortulanus,
1239 3630 1322 3702 item
1349 3631 1530 3721 praedium

312 3751 549 3840 Larisaeus,
576 3750 659 3824 villa
685 3750 750 3822 sub
769 3751 935 3842 parocbia
961 3751 1004 3822 de
1022 3750 1197 3823 Zathor
1223 3751 1310 3842 sita,
1338 3753 1436 3824 cuius
1461 3753 1586 3824 haeres
1612 3752 1764 3824 Michael
1796 3794 1805 3803 -
1870 3849 1876 3858 ἱ
1964 3770 1971 3786 ’

214 3871 554 3964 Lyaszhowsky
581 3871 624 3944 de
650 3870 866 3963 Gornycz.
905 3872 946 3943 In
966 3892 1033 3964 qua
1060 3877 1143 3944 sunt
1168 3871 1261 3944 lanei
1287 3874 1539 3963 emethonales,
1566 3872 1610 3944 de
1637 3873 1763 3963 quibus

217 3995 366 4065 omnibus
395 3992 543 4064 solvitur
577 3992 711 4065 decima
736 3993 962 4083 manipularis
999 3992 1224 4066 scholastriae
1261 3992 1501 4068 Graeorieusi:
1528 3995 1631 4066 huius
1658 3995 1762 4065 etiam

214 4115 381 4206 perceptio
410 4115 447 4186 in
473 4115 657 4206 manipulis
685 4115 862 4188 abstracta
888 4120 959 4208 est,
987 4119 1023 4188 et
1048 4115 1183 4188 incolae
1210 4116 1278 4189 sibi
1303 4116 1399 4188 illam
1425 4116 1572 4207 quilibet
1597 4116 1641 4188 de
1667 4115 1762 4206 agris

216 4237 280 4308 suis
304 4236 520 4327 percipiunt,
556 4241 593 4308 et
629 4236 767 4309 solvunt
802 4237 998 4310 summatim
1033 4255 1098 4328 pro
1134 4257 1178 4310 ea
1211 4257 1318 4310 unum
1335 4237 1524 4311 ¹fertonem
1560 4227 1772 4311 scholastico

215 4354 430 4432 Gracoviensi
455 4358 606 4432 latomm
631 4379 831 4450 grossorum
857 4358 1093 4450 Pragensium.
1155 4431 1157 4433 ,

835 4600 1141 4695 Serranourczu.
1317 4678 1321 4690 ,

311 4723 407 4796 Villa
431 4723 563 4806 habens
589 4725 626 4796 iu
645 4743 682 4796 se
700 4723 933 4816 parochialem
960 4725 1158 4816 ecelesiam,
1185 4724 1332 4798 Sanctae
1360 4723 1570 4797 Gatberinae
1598 4723 1761 4816 dicatam,

219 4845 307 4918 ouius
333 4847 530 4937 proprietas
558 4847 603 4918 ad
621 4845 726 4919 duces
752 4846 999 4920 Zatborienses
1025 4847 1188 4938 pertinet.
1228 4847 1269 4917 In
1288 4867 1358 4937 qua
1384 4851 1466 4918 sunt
1492 4846 1584 4917 lanei
1610 4847 1764 4919 cmetho-

220 4965 317 5058 uoles,
344 4967 531 5059 dequibus
558 4947 706 5042 solvitur
733 4967 866 5040 decima
891 4967 1116 5060 manipularis
1144 4967 1374 5042 scholastriae
1401 4965 1642 5057 cracoviensi3
1668 4968 1766 5040 cuius

221 5089 389 5180 perceptio
426 5089 463 5160 in
498 5089 683 5181 manipulis
714 5109 735 5160 a
770 5088 975 5162 scholastria
1010 5089 1187 5161 abstracta
1222 5094 1294 5179 est,
1330 5093 1367 5161 et
1401 5089 1533 5161 incolae
1568 5085 1665 5160 illam
1699 5090 1766 5162 soli

220 5207 356 5298 quilibet
390 5210 434 5283 de
460 5231 545 5302 agro
572 5194 648 5284 suo'
661 5210 871 5303 percipiunt,
907 5215 944 5282 et
970 5210 1110 5284 solvunt
1146 5211 1343 5282 summatim
1377 5231 1442 5301 pro
1468 5208 1530 5281 illa
1556 5210 1763 5284 scholastico

224 5333 294 5402 octo
324 5351 457 5406 marcas
493 5333 644 5406 latorum
670 5351 871 5424 grossorum
897 5331 1143 5423 Prageusium:
1172 5331 1259 5404 item
1285 5333 1432 5405 taberna
1457 5351 1546 5422 una,
1571 5331 1657 5403 item
1682 5333 1765 5404 hor·

147 5525 154 5532 ,
218 5443 366 5524 vtulaniaa
401 5453 490 5527 duae
525 5453 569 5526 ad
595 5455 847 5546 proprietatem
883 5452 1023 5545 plebani
1057 5453 1291 5544 pertinentes,
1328 5453 1413 5525 item
1448 5451 1646 5545 praedium3
1680 5455 1766 5526 item

223 5569 427 5650 ecclesiast
451 5575 621 5667 plebanus
656 5576 763 5652 babet
797 5574 848 5648 ibi
883 5575 1044 5672 proprios
1079 5595 1183 5674 agros
1219 5579 1256 5647 et
1281 5580 1401 5674 prata,
1437 5595 1515 5674 pro,
1535 5595 1598 5652 suo
1629 5593 1696 5651 usu
1730 5580 1767 5648 et

227 5693 431 5776 immnuta.
