4550 6600
536 676 609 749 262

534 884 710 976 canapalis
738 883 902 955 ecclesiae
929 882 965 955 in
982 882 1225 972 Dambicza,
1244 882 1349 954 ¹cuim
1376 884 1476 955 valor
1501 883 1706 954 aestimatur
1732 882 1913 955 addacem
1941 904 2082 975 marcas,

533 1008 617 1079 item
644 1011 698 1077 est
716 1006 773 1089 ibi
799 1026 870 1075 una
896 1004 1043 1075 taberna
1060 1009 1097 1075 et
1115 1008 1263 1095 quatuor
1285 1004 1506 1075 hortulaniae
1523 1005 1692 1076 babentes
1719 1026 1845 1095 agree,
1871 1005 1957 1075 item
1984 1025 2083 1077 unum

532 1126 711 1217 praedium
747 1125 914 1215 militare,
950 1124 993 1197 de
1020 1124 1144 1216 quibus
1170 1125 1275 1197 etiam
1311 1126 1469 1197 omnibus
1505 1125 1653 1197 solvitur
1687 1125 1822 1199 decima
1857 1124 2083 1216 manipularis

533 1247 697 1319 ecclesiae
724 1248 760 1319 in
786 1247 1050 1336 Dambycza.

637 1368 871 1456 Kanazrsou,
907 1366 990 1439 villa
1017 1366 1080 1439 sub
1107 1368 1273 1456 parocbia
1307 1368 1473 1440 ecclesiae
1499 1368 1542 1439 (16
1568 1368 1829 1459 Dambycza
1863 1368 1952 1456 sita,
1991 1367 2084 1439 cuins

532 1490 655 1561 haeres
683 1488 875 1559 Stanislaus
894 1488 923 1559 L
932 1509 1108 1579 yganza
1134 1487 1178 1559 de
1204 1488 1306 1560 domo
1333 1494 1370 1559 et
1395 1490 1502 1559 armis
1527 1487 1806 1581 Polukozya
1832 1489 1874 1559 ln
1901 1509 1975 1577 qua
2001 1488 2085 1559 idem

533 1611 656 1684 haeres
682 1600 788 1681 habet
814 1608 993 1700 praedium
1029 1604 1157 1681 bonurb
1184 1609 1385 1681 distinctum
1412 1610 1548 1681 intres
1575 1630 1732 1700 campos,
1767 1609 1812 1681 de
1839 1610 1970 1701 quinus
1998 1608 2084 1680 dcci-

533 1736 604 1803 mat
630 1731 796 1803 ecclesiae
822 1731 866 1836 in,
885 1730 1155 1821 Dambycza
1190 1730 1232 1801 In
1260 1752 1328 1820 qua
1358 1736 1440 1829 sunt
1475 1731 1568 1801 lanei
1603 1730 1854 1819 memorales,
1890 1730 1937 1801 de
1967 1730 2086 1819 quibus

533 1852 679 1924 solvitur
705 1857 742 1924 et
768 1850 970 1923 conducitur
997 1850 1129 1921 decima
1155 1850 1382 1941 manipularis
1409 1856 1446 1922 et
1472 1851 1648 1941 canapalis
1681 1851 1848 1923 ecclesiae
1873 1855 1914 1921 et
1939 1849 2085 1940 plebano

533 1973 568 2043 in
595 1973 864 2061 Dambicza,
891 1976 927 2043 et
953 1971 1052 2043 valor
1078 1972 1153 2043 eius
1180 1972 1383 2043 aestimatur
1409 1971 1454 2043 ad
1473 1992 1534 2043 sex
1552 1992 1705 2060 marcas3
1732 1972 1815 2043 item
1841 1977 1898 2043 est
1925 1971 1980 2043 ibi
2006 1970 2087 2041 scol·

531 2094 636 2183 tatia,
662 2094 793 2165 habens
829 2113 937 2183 prope
963 2097 1035 2163 tres
1054 2093 1180 2163 laneos
1219 2092 1493 2182 amathonales,
1508 2090 1551 2162 de
1578 2092 1702 2184 quibus
1730 2092 1835 2164 solvit
1861 2113 1928 2182 pro
1957 2091 2087 2163 decima

531 2214 737 2305 manipulari
764 2204 881 2285 decem
907 2214 944 2285 e't
970 2220 1048 2285 octo
1074 2234 1215 2303 grossos
1242 2234 1457 2303 communes,
1484 2213 1650 2285 ecclesiae
1676 2213 1713 2283 in
1739 2214 2017 2304 Dambycza

636 2335 806 2425 Kosncm
833 2336 917 2407 villa
939 2334 1002 2407 sub
1021 2335 1187 2423 parochia
1213 2334 1376 2407 ecclesiae
1403 2334 1446 2407 de
1471 2334 1697 2409 Dambicza
1722 2335 1809 2425 sita,
1836 2335 1937 2406 cuius
1965 2334 2088 2405 haeres

534 2457 726 2529 Stanislaus
753 2431 1040 2549 Lyganza'de
1058 2456 1159 2529 domo
1185 2456 1317 2528 lamdia
1343 2460 1380 2529 et
1405 2456 1511 2527 armis
1538 2455 1816 2548 Polukozya
1843 2456 1884 2526 In
1913 2476 1986 2546 qua
2013 2460 2088 2526 sunt

534 2578 626 2649 lanei
653 2578 903 2669 cmethonaleS,
941 2577 984 2649 de
1012 2567 1136 2667 quibus
1164 2577 1312 2649 solvitur
1338 2583 1374 2649 et
1400 2577 1606 2649 conducitur
1642 2577 1775 2649 decima
1799 2576 2033 2667 manipularis
2056 2581 2088 2646 et

535 2699 709 2789 canapalis
736 2721 799 2789 pro
835 2699 982 2789 plebano
1010 2698 1046 2769 in
1072 2698 1338 2787 Dambicza,
1374 2704 1410 2769 et
1442 2697 1541 2769 valor
1575 2696 1720 2769 eiusad
1756 2702 1907 2788 quatuor
1943 2716 2085 2786 marcas,
2117 2772 2122 2777 ,

532 2820 716 2911 aliquando
743 2820 788 2892 ad
813 2798 892 2910 ses,
919 2818 1103 2911 aliquando
1130 2818 1176 2891 ad
1202 2819 1320 2891 decem
1347 2819 1560 2892 aestimatur.

637 2940 899 3032 Poneaonzrs,
926 2941 1009 3013 villa
1036 2960 1124 3031 quae
1151 2940 1187 3011 in
1210 2944 1367 3044 regestro
1394 2940 1618 3013 ecclesiarum
1635 2939 1896 3031 collegiatarum
1922 2938 2089 3010 dioecesis

534 3060 773 3135 Gracouicnsis
791 3082 854 3153 per
871 3082 952 3151 nos,
969 3080 1046 3133 cum
1065 3061 1136 3133 suis
1155 3060 1381 3151 proventibus
1399 3060 1611 3133 sufficienter
1627 3060 1819 3151 descripta,
1836 3060 1895 3132 hic
1907 3060 2089 3131 omittitur.
2153 3137 2157 3143 ,

535 3182 574 3253 ln
594 3202 662 3272 qna
687 3188 767 3272 post
792 3202 894 3273 agros
921 3181 1055 3273 praedii
1073 3178 1251 3272 militaris,
1270 3181 1362 3273 quod
1389 3186 1442 3254 est
1467 3182 1596 3254 bonum
1613 3182 1649 3253 in
1667 3180 1788 3253 eadem
1814 3181 1918 3270 villa,
1945 3180 2087 3253 ecclesia

535 3311 571 3376 et
596 3304 764 3394 plebanus
790 3304 826 3374 in
852 3303 1100 3375 Dambicza
1126 3303 1274 3394 percipit
1301 3304 1468 3376 decimam
1485 3303 1744 3394 manipularem,
1771 3304 1868 3376 cuius
1886 3303 1992 3375 valm
2010 3303 2087 3374 dna·

535 3447 612 3496 snm
639 3446 841 3497 marcarum.
872 3423 912 3496 In
940 3445 1008 3515 qua
1034 3419 1116 3496 sunt
1141 3425 1234 3496 lanei
1269 3425 1521 3516 cmethonales,
1557 3425 1753 3516 dequibus
1781 3426 1930 3498 solvitur
1959 3427 2087 3499 decima

534 3545 712 3619 lentonalis
739 3546 889 3618 latorum
914 3565 1114 3636 grossorum
1142 3544 1186 3618 de
1213 3545 1369 3636 quolibet
1394 3546 1503 3635 laneo,
1529 3566 1594 3636 pro
1621 3546 1783 3637 episcopo
1811 3545 2048 3620 cracoviensi.
2157 3631 2159 3636 .

638 3666 899 3757 hunrocus,
935 3666 1017 3739 villa
1044 3667 1107 3740 sub
1134 3667 1299 3758 parocbia
1333 3667 1498 3740 ecclesiae
1526 3667 1569 3739 de
1595 3667 1844 3740 Dambicza
1875 3669 1966 3759 sita,
1995 3670 2086 3740 cuius

534 3789 658 3862 haeres
685 3789 854 3881 Sbignens
881 3787 1253 3880 Kawanczinsky
1280 3779 1323 3860 de
1350 3787 1451 3860 domo
1473 3787 1725 3880 Wyenyawa
1751 3788 1792 3860 In
1819 3809 1888 3880 qua
1905 3795 1993 3862 sunt
2010 3791 2084 3862 hor·

533 3912 693 4002 tulaniae,
720 3912 888 3983 habentes
915 3931 1017 4000 agros
1044 3909 1080 3980 iu
1106 3908 1247 3983 modum
1272 3908 1547 3998 amethonalium,
1574 3909 1618 3980 de
1636 3907 1762 3999 quibui
1789 3910 1939 3982 solvitur
1957 3911 2085 3982 decima

533 4032 758 4121 manipularis
792 4033 952 4121 episcopo
988 4029 1227 4120 Cracoviensi,
1264 4029 1361 4101 cuius
1388 4029 1485 4102 valor
1511 4029 1557 4100 ad
1583 4012 1688 4102 unam
1722 4050 1894 4128 marcam—3
1922 4031 2008 4102 item
2036 4037 2085 4101 est

535 4151 571 4221 in
598 4149 718 4222 eadem
745 4150 826 4221 villa
852 4150 1031 4240 praedium
1058 4150 1227 4240 militare,
1254 4151 1298 4222 de
1324 4151 1541 4242 cuiusagris
1568 4151 1673 4223 datur
1699 4150 1832 4222 decima
1857 4151 2091 4243 manipularis

535 4271 698 4344 ecclesiae
726 4275 762 4342 et
788 4269 935 4360 plebano
961 4270 998 4340 in
1022 4270 1287 4362 Dambicza,
1323 4272 1420 4344 cuius
1447 4272 1545 4343 valor
1571 4271 1673 4344 unius
1709 4272 1915 4344 aestimatur
1942 4293 2086 4344 marcae·

636 4391 915 4480 Lunrnoscum,
943 4390 1026 4462 villa
1052 4392 1115 4464 sub
1143 4393 1308 4483 parochia
1334 4392 1377 4465 de
1403 4393 1676 4483 Dambycza,
1703 4393 1801 4466 cuius
1827 4394 1953 4466 haeres
1981 4391 2081 4466 Nico·

533 4514 609 4584 laus
652 4511 1029 4604 Lyathoszinsky
1065 4514 1190 4586 nobilis
1227 4513 1270 4585 de
1310 4513 1412 4586 domo
1449 4519 1485 4583 et
1519 4512 1651 4586 familia
1687 4509 1974 4605 Grifionum,
2010 4535 2082 4587 cum

533 4654 697 4725 germano
725 4654 788 4706 sno
815 4631 930 4706 Petro.
956 4633 997 4704 In
1024 4652 1092 4724 qua
1117 4640 1200 4706 sunt
1225 4634 1317 4706 lanei
1343 4633 1586 4724 cmetbonales,
1612 4635 1697 4707 item
1715 4635 1875 4724 taberna,
1900 4636 1988 4708 item
2006 4636 2081 4707 hor·

532 4755 702 4845 tulaniae,
739 4753 782 4826 de
809 4754 932 4846 quibus
960 4753 1216 4844 decimatur,....;
1242 4756 1279 4828 in
1305 4775 1374 4846 qna
1398 4754 1566 4845 plebanus
1591 4755 1636 4828 de
1662 4755 1912 4827 Dambicza
1938 4756 2081 4847 percipit

534 4875 700 4948 decimam
727 4873 977 4966 manipularem
1003 4875 1046 4947 de
1073 4896 1142 4947 uno
1170 4876 1270 4948 laneo
1298 4875 1433 4967 praedii
1460 4875 1641 4964 militaris;
1676 4875 1719 4947 de
1745 4875 1824 4948 aliis
1851 4880 1968 4948 autem
1994 4875 2081 4967 agris

533 4995 777 5087 praedialibua
804 4995 953 5086 percipit
979 4994 1146 5085 plebanus
1173 4996 1210 5067 in
1237 4993 1495 5088 Gnmnyska3
1521 4996 1606 5067 item
1633 5002 1714 5068 sunt
1739 4997 1791 5068 ibi
1816 4995 1909 5068 lanei
1936 4997 2082 5100 cmetbo·

532 5117 638 5208 nales,
665 5117 708 5190 de
736 5137 881 5208 quorum
907 5115 1092 5188 medietate
1118 5137 1189 5190 nna
1214 5117 1362 5190 solvitur
1388 5117 1550 5208 episcopo
1569 5114 1792 5190 cracoviensi
1817 5115 1961 5208 decima,
1988 5116 2079 5190 etde
2150 5132 2154 5142 ·

534 5237 646 5310 altera
672 5237 857 5309 medietate
885 5237 1051 5309 ecclesiae
1077 5237 1115 5309 in
1140 5237 1415 5310 Przeczlaw.

637 5357 886 5448 Pusunrurn,
923 5359 1006 5432 villa
1032 5359 1096 5432 sub
1122 5361 1289 5449 parochia
1323 5358 1491 5432 ecclesiae
1517 5360 1561 5431 de
1587 5357 1846 5449 Dambycza
1881 5360 1963 5449 sita,
1989 5357 2079 5429 onina

533 5477 702 5551 haeredes
739 5479 931 5552 Stanislaus
970 5479 1187 5571 Lyganza
1220 5479 1392 5552 dedomo
1428 5479 1664 5552 Polukoza
1698 5484 1736 5552 et
1760 5477 1930 5569 Hedvigis
1965 5477 2079 5550 relicta

535 5595 618 5669 olim
647 5597 811 5674 Stanislai
838 5577 1001 5676 dedomo
1029 5598 1136 5676 Gril
1142 5599 1159 5674 i
1165 5622 1301 5676 onum.
1327 5601 1369 5674 In
1386 5620 1455 5694 qna
1480 5605 1562 5674 sunt
1586 5600 1679 5674 lanei
1696 5599 1930 5676 omethooales
1955 5605 1994 5672 et
2018 5615 2079 5687 uua
