4550 6600
471 748 541 820 186

468 960 560 1031 lanei
587 951 831 1047 omethonaloS,
858 956 894 1027 et
921 951 964 1044 de
991 950 1150 1027 omnibus
1177 949 1326 1027 solvitur
1342 957 1388 1031 et
1414 950 1619 1025 conducitur
1643 951 1778 1025 dealma
1795 950 2020 1044 manipularis

466 1088 503 1154 et
529 1080 703 1170 canapalis
730 1099 801 1169 pro
821 1077 1033 1155 monasterio
1060 1074 1257 1167 Mogilensi,
1285 1076 1384 1147 cuius
1410 1076 1508 1148 valor
1535 1076 1741 1147 aestimatur
1762 1076 1808 1147 ad
1825 1075 2019 1165 quindecim

466 1222 608 1274 marcas.
645 1201 734 1271 Itcm
770 1199 988 1271 hortulauiae
1015 1178 1084 1269 non
1112 1203 1210 1288 suut,
1237 1218 1349 1287 neque
1375 1197 1565 1287 praedium.
1602 1197 1691 1269 Item
1718 1203 1773 1269 est
1798 1198 1849 1269 ibi
1875 1196 2021 1268 taberna

466 1324 621 1413 scolteti,
649 1344 736 1413 quae
764 1321 913 1391 decimat
940 1322 975 1390 in
1000 1317 1216 1415 peroptimam
1242 1341 1307 1410 pro
1333 1319 1554 1391 monasterio.
1589 1318 1679 1391 Item
1705 1319 1865 1391 scoltetia
1892 1323 1948 1389 est
1973 1318 2021 1389 ibi

465 1447 599 1519 babens
636 1444 722 1515 duos
757 1444 894 1531 Ianc0S,
923 1442 965 1512 de
994 1442 1117 1531 quibus
1145 1440 1292 1512 solvitur
1319 1439 1452 1511 decima
1478 1440 1705 1529 manipularis
1732 1441 1768 1511 in
1792 1437 2018 1534 pouytbwom,

465 1588 530 1658 pro
556 1564 768 1638 monasterio
795 1564 830 1634 in
858 1561 1054 1653 Mogyla.
1081 1562 1170 1633 Item
1198 1562 1345 1651 quilibet
1363 1561 1500 1633 cmetbo
1518 1562 1561 1631 de
1579 1562 1680 1632 laneo
1698 1566 1838 1632 tenetur
1854 1560 2020 1631 ecclesiae

465 1687 656 1778 parochiali
675 1688 711 1757 in
728 1684 999 1774 Dobszycze
1026 1690 1062 1753 et
1080 1684 1154 1753 eius
1171 1682 1329 1771 plebano,
1343 1682 1431 1753 duos
1444 1682 1569 1753 choros
1583 1682 1731 1772 siliginis
1745 1688 1782 1752 et
1793 1687 1867 1752 tres
1881 1700 2020 1752 avenae

1133 1802 1355 1875 Wlszurczn.

569 1926 664 2000 Villa
689 1926 822 1997 habens
848 1926 885 1995 iu
912 1944 949 1995 se
975 1924 1208 2014 parochialem
1235 1922 1414 1993 ecclesIam
1442 1922 1601 2012 ligneam,
1628 1922 1760 1995 Sauct.
1788 1978 1796 1993 .
1824 1979 1833 1993 .
1859 1924 2019 2011 dicatam,

467 2052 565 2124 cuius
590 2051 716 2123 haeres
742 2046 935 2119 Dobeslaus
962 2044 1159 2135 IImytha
1184 2044 1360 2134 palatinus
1385 2041 1676 2115 Sandomiriensia
1703 2043 1867 2115 dedomo
1896 2043 2019 2115 Srze

430 2244 434 2253 ,
466 2194 632 2264 nyawa.
659 2171 700 2241 Iu
728 2190 796 2259 qua
822 2172 904 2238 sunt
930 2167 1020 2237 lanei
1048 2164 1291 2254 cmetbouales,
1318 2166 1402 2237 item
1428 2165 1605 2254 tabernae,
1628 2166 1711 2235 item
1730 2165 1961 2253 bortulauiae,
1979 2165 2019 2235 de

467 2295 592 2387 quibus
619 2291 767 2366 solvitur
793 2294 829 2359 et
855 2288 1057 2361 conducitur
1085 2287 1218 2358 decima
1243 2286 1471 2376 manipularis
1497 2291 1534 2356 et
1559 2287 1735 2376 canapalis
1761 2308 1907 2377 pro...
1934 2286 2020 2356 Item

472 2422 528 2487 est
554 2414 603 2486 ibi
630 2410 808 2502 praedium
835 2409 985 2481 militare
1011 2430 1135 2498 uuum,
1163 2408 1207 2478 de
1230 2408 1327 2479 cuius
1354 2408 1449 2496 agris
1476 2407 1623 2479 solvitur
1645 2407 1779 2479 decima
1796 2408 2020 2497 manipularis

468 2535 632 2609 ecclesiae
660 2536 695 2603 in
723 2532 1016 2623 Wysznycze,
1045 2530 1143 2601 cuius
1170 2530 1269 2601 valor
1295 2529 1499 2599 aestimatur
1526 2529 1571 2599 ad
1589 2584 1623 2599 ..
1650 2584 1658 2599 .
1685 2530 1773 2600 Item
1799 2530 1969 2619 plebanus
1986 2533 2022 2597 et

293 2746 300 2755 .
367 2710 369 2715 -
467 2656 614 2729 ecclesia
639 2628 746 2726 babet
772 2654 821 2725 ibi
848 2653 1007 2743 proprios
1035 2672 1137 2741 agros
1164 2650 1293 2721 liberos
1320 2656 1358 2721 et
1374 2655 1486 2740 prata,
1504 2670 1568 2739 pro
1587 2670 1650 2720 suo
1668 2672 1734 2721 usu
1752 2656 1788 2721 et
1804 2651 2021 2721 necessitate.

571 2777 765 2865 Percurre,
792 2774 876 2847 villa
902 2774 967 2845 sub
994 2774 1162 2863 parochia
1179 2772 1222 2843 do
1240 2771 1523 2862 Wyszuycze
1549 2772 1627 2861 sita,
1648 2772 1744 2842 cuius
1762 2770 1887 2842 haeres
1905 2770 2019 2840 Dobe-

468 2900 563 2971 slaus
589 2896 789 2987 Kmytba
816 2896 858 2966 de
885 2894 986 2966 domo
1015 2899 1050 2965 et
1075 2893 1206 2965 familia
1233 2893 1517 2982 S·rzeuyawa.
1543 2892 1584 2963 lu
1611 2914 1680 2982 qua
1706 2898 1788 2963 sunt
1813 2893 1906 2963 lanei
1932 2912 2022 2962 crue-

467 3019 638 3107 tbonales,
665 3019 747 3089 item
774 3000 1067 3105 bortulauiue..'.,
1090 3016 1172 3085 item
1200 3012 1367 3085 tabernae
1393 3034 1463 3084 nou
1489 3018 1582 3103 suut,
1609 3013 1652 3083 de
1675 3013 1799 3103 quibus
1817 3014 1966 3085 solvitur
1984 3016 2020 3083 et

469 3140 673 3213 couducItur
698 3138 832 3210 decima
857 3136 1083 3226 manipularis
1110 3142 1148 3207 et
1174 3135 1350 3224 canapalis
1377 3155 1441 3223 pro
1469 3134 1574 3205 altari
1600 3134 1748 3205 Sanctae
1765 3135 1964 3205 Dorotheae
1987 3134 2023 3203 iu

404 3323 406 3326 .
469 3262 615 3335 ecclesia
628 3260 858 3334 Gracoviensi.
875 3257 985 3331 Valbr
999 3258 1144 3331 duarum
1159 3276 1362 3329 marcarum.
1380 3256 1468 3326 Item
1483 3255 1663 3346 praedium
1677 3256 1726 3328 ibi
1740 3276 1846 3328 unum
1863 3256 2024 3327 militare.

457 3435 463 3444 -
572 3383 720 3472 Louuu,
747 3381 841 3453 villa
856 3381 920 3453 sub
946 3379 1112 3470 parocbia
1138 3379 1182 3449 de
1200 3377 1466 3468 Wysznicze
1493 3377 1571 3466 sita,
1589 3377 1686 3447 cuius
1703 3377 1828 3448 haeres
1845 3375 2025 3466 praelatus

469 3505 664 3577 Dobeslaus
691 3503 895 3593 Kmytha.
923 3501 963 3572 In
992 3521 1060 3591 qua
1086 3505 1168 3570 suut
1193 3499 1285 3570 lanei
1312 3497 1556 3586 cmctbonales,
1582 3497 1668 3568 item
1693 3497 1922 3586 hortulauiae,
1939 3497 2024 3568 item

469 3627 636 3699 tabernae
662 3626 828 3698 babentes
864 3645 986 3715 agros,
1014 3623 1057 3694 de
1084 3622 1210 3712 quibus
1238 3620 1397 3691 omuibus
1424 3618 1572 3689 solvitur
1598 3623 1636 3689 et
1661 3617 1865 3690 conducitur
1892 3619 2025 3689 decima

469 3736 695 3838 manipularis
722 3751 759 3818 et
785 3747 959 3837 canapalis
985 3767 1049 3836 pro
1069 3743 1173 3816 altari
1191 3741 1337 3814 Sanctae
1355 3739 1555 3810 Dorotheae
1573 3739 1609 3809 in
1627 3731 1776 3810 ecclesia
1792 3737 2022 3828 cracoviensi,

470 3870 567 3942 cuius
602 3869 699 3942 valor
727 3869 771 3941 ad
798 3869 884 3940 duas
914 3887 1048 3940 marcas
1075 3865 1287 3937 aestimatur.
1322 3862 1410 3932 Item
1437 3865 1493 3931 est
1518 3860 1568 3930 ibi
1594 3881 1664 3931 uua
1689 3860 1866 3950 scoltetia,
1893 3861 2024 3932 babens

410 4033 415 4040 -
469 3991 557 4062 duos
590 3991 710 4060 laneos
746 4010 927 4078 agrorum,
954 3989 997 4060 do
1033 3988 1158 4077 quibus
1193 3985 1342 4057 solvitur
1377 3981 1511 4052 decima
1543 3982 1769 4073 manipularis
1796 3981 1963 4052 ecclesiae
1988 3982 2021 4050 iu

470 4111 749 4200 Wysznicze,
777 4114 813 4178 et
840 4109 938 4181 valor
964 4109 1039 4178 eius
1065 4108 1271 4178 aestimatur
1296 4105 1342 4176 ad
1367 4126 1471 4176 uuam
1498 4125 1659 4174 marcam.
1774 4147 1777 4159 ·

574 4229 722 4318 cmow,
748 4229 831 4300 villa
858 4230 922 4300 sub
949 4229 1116 4318 parochia
1133 4229 1299 4298 ecclesiae
1317 4227 1360 4297 de
1378 4225 1660 4316 Wyszuycze
1687 4225 1765 4315 sita,
1783 4227 1883 4296 cuius
1900 4225 2020 4297 baere-

471 4353 532 4424 des
559 4349 753 4422 Stauislaus
789 4355 825 4420 et
860 4349 1037 4422 Jobauues
1074 4349 1117 4420 de
1143 4349 1323 4440 Pylcza,
1351 4347 1394 4417 de
1420 4347 1526 4417 armis
1553 4346 1744 4437 Lelywa
1779 4347 1823 4418 Iu
1848 4367 1919 4437 qua
1943 4352 2021 4418 suut

471 4493 594 4546 nouem
620 4472 713 4543 lanei
740 4471 991 4561 cmethonales,
1019 4469 1061 4542 de
1089 4471 1213 4562 quibus
1240 4469 1399 4540 omuibus
1427 4468 1574 4540 solvitur
1600 4475 1636 4539 et
1663 4468 1866 4540 conducitur
1892 4469 2021 4540 decima

472 4593 697 4686 manipularis
724 4599 760 4664 et
786 4592 961 4683 canapolis
988 4612 1052 4682 pro
1078 4591 1278 4682 praebenda
1305 4589 1536 4678 cracoviensi,
1555 4610 1644 4680 quae
1662 4589 2018 4677 vocaturLazowslra,

472 4717 569 4788 culus
595 4716 693 4788 valor
720 4715 924 4787 aestimatur
951 4713 995 4786 ad
1022 4735 1082 4785 sex
1108 4734 1253 4784 marcas.
1278 4713 1369 4783 Item
1395 4716 1450 4781 est
1476 4711 1525 4782 ibi
1542 4732 1648 4781 uuum
1666 4711 1845 4800 praedium
1864 4712 2018 4799 militare,

472 4838 515 4909 dc
542 4839 640 4916 ouius
667 4838 760 4928 agris
788 4836 979 4909 decimatur
1007 4835 1173 4907 ecclesiae
1200 4835 1235 4904 iu
1262 4833 1307 4902 W
1315 4853 1552 4924 yszuyczo,
1579 4839 1616 4902 et
1633 4832 1732 4904 valor
1757 4834 1961 4903 aestiuatur
1977 4829 2019 4902 ad

472 4965 622 5050 quatuor
648 4979 791 5030 marcas.
827 4958 914 5030 Item
941 4959 1047 5029 babet
1072 4959 1178 5028 etiam
1205 4956 1373 5046 plebanus
1400 4954 1444 5025 de
1471 4954 1561 5024 Boc
1574 4954 1695 5044 hnya
1720 4953 1889 5024 decimam
1914 4953 2017 5025 maui-

470 5081 627 5172 pularem
654 5086 734 5170 post
761 5079 931 5170 quendam
958 5099 1114 5170 campum
1141 5079 1245 5150 villae
1271 5076 1478 5167 praedictae,
1496 5079 1659 5146 vocatum
1682 5074 1848 5165 Uyand,
1875 5076 1935 5164 qui
1951 5073 2022 5144 fer-J

471 5207 532 5274 tur
557 5201 662 5274 luisse
689 5203 860 5274 alienatus
887 5203 931 5274 ab
959 5201 1086 5292 oppido
1113 5199 1311 5272 Bochuensi
1338 5199 1430 5268 circa
1455 5197 1707 5268 limitationem.

1155 5321 1346 5393 Sonouow.
