4550 6600
508 736 580 807 306

463 968 470 983 ¹
508 944 627 1016 166666
654 940 824 1012 duntaxat
860 936 1006 1008 solvitur
1042 932 1174 1007 decima
1209 933 1410 1025 praeposito
1438 928 1700 1023 Woyniczensi,
1735 931 1778 1002 de
1805 930 2055 1021 reliquissem

510 1073 546 1138 et
572 1065 615 1135 de
641 1062 797 1149 taberna,
825 1059 1016 1130 decimatur
1042 1056 1228 1128 decanatui
1255 1054 1488 1126 Gracoviensi.

613 1183 995 1270 Scnnrmmuouuczu,
1016 1180 1105 1265 ‚uilla
1132 1179 1196 1249 sub
1213 1178 1388 1268 xparocbia
1415 1176 1458 1246 do
1484 1174 1703 1265 Woynicz
1731 1175 1817 1263 sita,
1854 1175 1955 1246 cuius
1980 1175 2058 1246 bae-

512 1328 571 1379 res
597 1304 776 1378 lebannes
802 1302 1180 1395 Wyelouyeszky
1209 1300 1252 1370 de
1279 1299 1385 1369 armis
1412 1297 1662 1368 Polulro'za.
1697 1297 1737 1367 Iu
1765 1319 1836 1389 qua
1862 1304 1947 1369 suut
1972 1297 2060 1369 lanei

509 1428 752 1515 cmethonaleS,
780 1427 863 1495 item
883 1424 1061 1513 praedium
1089 1422 1248 1509 militare,
1274 1420 1463 1509 dequibus
1490 1418 1638 1489 solvitur
1655 1424 1692 1488 et
1707 1419 1915 1490 conducitur
1932 1419 2061 1490 decima

509 1549 736 1639 manipularis
764 1553 799 1617 61
826 1546 1001 1635 canapalis
1029 1543 1194 1614 ecclesiae
1221 1548 1257 1612 61
1282 1540 1483 1631 praeposito
1510 1540 1546 1609 in
1573 1538 1801 1630 Woynicz.

614 1668 781 1759 Gnuuu0,
807 1668 891 1739 uilla
908 1668 972 1739 sub
991 1665 1158 1755 parocbia
1174 1664 1216 1735 de
1234 1662 1452 1754 Woynicz
1479 1661 1557 1750 sita,
1583 1660 1680 1733 66166
1706 1662 1869 1733 haeres...
1897 1659 2061 1769 011666-

513 1792 645 1865 66166
672 1789 714 1860 de
741 1788 1160 1880 Wyanczkowycze
1187 1785 1230 1855 de
1257 1785 1362 1855 armis
1390 1781 1700 1853 Gelitbonun.
1727 1783 1767 1851 ln
1786 1782 2062 1871 quasuntlanei

514 1911 756 2000 cmetbonales,
783 1910 864 1981 item
893 1908 1073 1999 praedium
1100 1907 1261 1995 militare,
1288 1905 1331 1977 de
1359 1905 1485 1995 quibus
1511 1892 1671 1974 omuibus
1702 1904 1850 1975 solvitur
1876 1910 1914 1975 et
1939 1904 2064 1975 condu-

514 2037 606 2108 citur
634 2032 766 2105 decima
795 2030 1020 2121 manipularis
1048 2034 1084 2100 et
1110 2028 1285 2117 canapalis
1312 2027 1510 2116 praeposito
1537 2026 1574 2094 in
1600 2024 1830 2115 Woyniez.

617 2156 1002 2241 Wunuczsuowuoaa,
1030 2150 1114 2223 uilla
1141 2150 1205 2221 sub
1231 2148 1398 2238 parocbia
1424 2147 1466 2219 de
1492 2146 1711 2237 Woynicz
1738 2148 1823 2237 sita,
1859 2148 1963 2219 cuius
1987 2149 2065 2220 bae·

512 2300 608 2352 rea...
635 2276 894 2365 Chorazina
921 2273 964 2344 de
984 2272 1088 2343 armis
1116 2268 1435 2359 Gelytbouum.
1461 2268 1501 2338 ln
1520 2288 1588 2359 qna
1605 2273 1687 2339 sunt
1712 2269 1803 2339 lanei
1822 2270 2067 2361 cmetbonales,

514 2402 557 2472 de
585 2400 709 2490 quibus
738 2374 884 2466 soluitur
912 2394 1043 2465 decima
1061 2391 1287 2481 manipularis
1306 2396 1343 2461 et
1360 2389 1534 2479 canapalis
1553 2390 1752 2480 praeposito
1780 2392 1816 2461 in
1833 2390 2066 2482 Woynicz,

512 2523 597 2593 item
625 2525 680 2591 est
706 2494 756 2589 ibi
781 2515 961 2606 praedium
988 2514 1149 2603 militare,
1177 2511 1221 2583 de
1247 2512 1344 2584 cuius
1371 2511 1467 2602 agris
1485 2510 1631 2583 soluitur
1657 2510 1791 2583 decima
1817 2532 1882 2602 pro
1910 2512 2067 2585 custodia

514 2644 550 2713 in
577 2640 805 2733 Woyuicz.
1799 2729 1801 2733 v

572 2834 578 2849 ,
618 2762 764 2849 anana,
791 2759 875 2831 61116
901 2758 964 2830 661
992 2757 1159 2847 parocbia
1185 2755 1228 2827 dc
1246 2754 1464 2843 Woynicz
1492 2752 1570 2842 sita,
1598 2754 1694 2825 cuius
1716 2755 1841 2827 haeres
1867 2756 2066 2827 Rudecz-

516 2886 599 2977 sky
627 2884 670 2955 de
697 2883 803 2953 armis
823 2934 990 2951 .......
1015 2878 1056 2949 16
1084 2898 1154 2969 qua
1180 2880 1261 2947 suut
1287 2876 1380 2947 lanei
1406 2874 1657 2964 cmctbonales,
1684 2874 1727 2947 de
1754 2876 1881 2965 quibus
1908 2878 2066 2949 omnibus

483 3004 664 3077 'solvitur
690 3008 726 3075 et
753 3001 956 3073 conducitur
983 2999 1117 3071 decima
1143 2997 1369 3088 manipularis
1396 3002 1433 3069 et
1458 2996 1634 3086 canapalis
1659 3017 1723 3086 pro
1741 2999 1944 3089 praeposito
1963 2998 2067 3089 Wop-

515 3125 678 3215 niczensi,
705 3128 741 3193 61
767 3123 865 3194 valor
892 3122 967 3193 eius
993 3122 1200 3192 aestimatur
1226 3118 1271 3190 ad
1290 3173 1405 3188 .....

618 3245 707 3316 Item
736 3242 853 3314 estin
880 3240 1000 3314 eadem
1026 3240 1172 3313 ccclesia
1197 3239 1464 3331 Woyniczpensi
1490 3239 1560 3312 alia
1586 3238 1788 3330 praelatura
1806 3239 1989 3346 custodia,
2016 3243 2068 3314 661

516 3371 553 3438 61
579 3366 653 3438 6166
680 3385 744 3454 pro
771 3368 926 3454 tempore
947 3362 1100 3452 66616611,
1141 3382 1226 3434 cura
1251 3362 1356 3434 ctiam
1382 3362 1575 3448 animarum
1602 3361 1784 3434 commissa
1810 3367 1847 3434 61
1874 3383 1964 3462 onus
1990 3383 2068 3436 can·

517 3486 615 3558 tandi
641 3488 747 3558 boras
774 3486 810 3556 in
838 3483 984 3556 66616616
1010 3483 1254 3575 Woyniczensi
1289 3505 1359 3556 uua
1393 3503 1471 3591 cum
1506 3483 1752 3555 mansionariis
1777 3484 1983 3575 impositum
2007 3491 2069 3577 est

394 3588 1524 3700 fflmmmmfflmwm:

620 3730 894 3818 Dnuunowun,
921 3728 1005 3800 villa
1031 3727 1096 3800 sub
1123 3727 1289 3818 parocbia
1315 3727 1358 3798 de
1384 3725 1600 3816 Woynicz
1627 3727 1715 3818 sita,
1749 3727 1847 3800 66166
1873 3729 2069 3820 proprietas

516 3858 552 3924 et
579 3851 768 3924 dominium
804 3849 848 3922 ad
876 3849 1053 3922 custodem
1089 3848 1255 3920 ecclesiae
1290 3847 1334 3918 dc
1359 3845 1581 3938 Woynicz
1618 3849 1780 3938 pertinet.
1822 3849 1864 3921 Iu
1896 3871 1968 3940 qua
1993 3854 2069 3922 sunl

514 3979 668 4065 quatuor
705 3972 816 4044 solum
851 3972 1069 4060 anaeticum,
1107 3975 1222 4042 certas
1257 3969 1426 4040 babentes
1462 3969 1659 4069 portiones,
1694 3971 1852 4044 sednon
1887 3972 1925 4042 16
1951 3971 2070 4044 laneos

519 4095 772 4166 dimensuratos
799 4114 973 4182 agrorum,
1001 4099 1036 4162 et
1062 4089 1210 4182 quilibet
1236 4090 1372 4162 emetha
1399 4089 1505 4162 solvit
1531 4091 1670 4164 custodi
1696 4091 1822 4182 uiginti
1847 4097 1983 4165 scottos
2008 4113 2070 4184 pro

520 4236 637 4304 corisu3
664 4214 748 4285 item
775 4213 920 4304 quilibet
947 4212 1008 4284 dat
1035 4213 1172 4285 custodi
1197 4232 1302 4284 unum
1338 4213 1490 4302 leporem
1517 4216 1554 4284 et
1581 4211 1668 4291 duos
1693 4233 1842 4303 capones
1868 4221 1905 4286 61
1932 4234 2071 4286 currum

517 4336 690 4426 lignorum
726 4333 868 4406 adducit
903 4355 967 4424 pro
1002 4333 1092 4405 fusto
1120 4333 1273 4422 Christi3
1309 4334 1393 4406 item
1420 4331 1464 4404 de
1490 4333 1586 4423 agiis
1621 4335 1897 4408 cmetboualibns
1924 4336 2071 4408 soluitur

519 4457 652 4530 decima
677 4455 903 4546 manipularis
930 4461 966 4536 et
993 4455 1168 4546 canapalis
1194 4475 1259 4545 pro
1286 4453 1457 4526 decanatu
1484 4452 1716 4545 Crotoniensi3
1742 4457 1827 4528 item
1853 4477 1924 4530 non
1950 4463 2009 4530 est
2024 4458 2070 4530 ibi

520 4557 710 4670 praedium.
846 4629 850 4634 -

523 4679 527 4686 ’
623 4697 983 4787 Wunuczuowrcza,
1010 4697 1094 4770 61116
1120 4718 1226 4788 supra
1243 4697 1279 4768 16
1297 4698 1522 4788 proventibus
1542 4698 1806 4788 praepositurae
1824 4700 1967 4791 scripta,
1993 4707 2070 4792 post

520 4821 616 4894 66166
643 4820 823 4911 praedium
851 4819 1000 4894 solvitur
1025 4819 1159 4894 decima
1184 4819 1410 4912 manipularis
1436 4819 1574 4894 custodi
1599 4821 1636 4892 in
1658 4819 1896 4912 Woynicz,
1922 4826 1959 4894 et
1976 4823 2070 4895 valor

521 4941 596 5014 eius
623 4941 829 5014 aestimatur
855 4941 899 5014 ad
918 4995 1032 5017 .....
1221 5024 1223 5031 ,

531 5095 537 5104 ,
620 5049 781 5155 Oaszmr,
807 5063 891 5136 uilla
907 5065 1038 5137 babens
1056 5063 1290 5155 parocldalem
1306 5061 1488 5136 ecclesiam
1504 5063 1653 5154 ligneam
1671 5064 1707 5134 in
1726 5084 1774 5155 66,
1799 5064 1925 5138 honori
1952 5064 2069 5140 Sancti

521 5185 673 5276 Spiritus
700 5185 867 5276 dicatam,
903 5187 1001 5258 cuius
1027 5186 1152 5258 baares
1179 5185 1344 5258 Nicolaus
1378 5185 1647 5276 Buczinsky
1683 5185 1727 5258 de
1745 5185 1860 5267 ‚armis
1887 5185 2071 5279 Streps-

520 5328 625 5379 rum.
669 5307 709 5378 16
738 5328 807 5400 qua
833 5311 914 5379 sunt
940 5306 1008 5379 duo
1045 5328 1122 5379 eum
1149 5307 1262 5380 medio
1289 5307 1382 5380 lanei
1415 5307 1667 5399 emetbonales,
1703 5307 1746 5382 de
1774 5307 1899 5399 quibus
1925 5309 2071 5382 solvitur

522 5427 656 5500 decima
681 5429 908 5521 manipularis
927 5434 962 5502 et
981 5429 1157 5521 canapalis
1175 5429 1359 5504 decanatui
1375 5428 1607 5504 cracoviensi,-
1633 5429 1732 5504 66166
1758 5429 1908 5505 adduas
1930 5449 2071 5524 sexage

521 5569 585 5620 nas
604 5551 818 5643 6661166166
835 5551 878 5626 de
893 5551 970 5626 aliis
989 5571 1072 5628 vero
1091 5552 1186 5645 agris
1205 5553 1479 5628 cmethonalibns
1496 5552 1721 5629 tabernarum
1737 5556 1775 5626 61
1786 5551 2072 5644 bortulauiarum,
