4550 6600
524 728 599 806 318

522 940 627 1015 solvit
652 940 777 1033 viginti
801 961 943 1032 grossos
969 940 1108 1017 usuales
1135 942 1312 1017 collectori
1338 942 1538 1037 apostolico.
1568 943 1657 1019 itam
1684 942 1843 1038 praetuta
1869 945 2057 1023 aalma

522 1061 858 1158 Samborzyccz
885 1068 1005 1137 taxata
1030 1065 1157 1139 estad
1183 1066 1378 1158 quindecim
1404 1086 1549 1141 marcas

1181 1186 1421 1260 Snormnurrr.
1624 1278 1632 1285 .

625 1303 721 1383 Villa
746 1306 879 1381 babens
905 1307 1085 1383 ecclesiam
1111 1308 1345 1399 parochialem
1371 1315 1545 1384 muratam
1570 1311 1608 1383 iu
1633 1330 1680 1403 ae,
1707 1312 1746 1383 in
1771 1312 1941 1383 bonorem
1958 1308 2060 1385 Sardi

521 1480 530 1497 .
628 1482 636 1497 .
663 1427 823 1501 dicatam.
851 1427 960 1519 Quum
988 1429 1127 1521 quddam
1154 1430 1333 1504 ecclesiam
1358 1431 1541 1517 darosltus
1558 1433 1764 1524 Bogoria
1789 1434 1835 1505 de
1862 1432 2061 1505 Skotbui
2140 1419 2141 1428 Ν

522 1548 578 1640 lry
605 1549 884 1641 archiepiscopus
912 1548 1126 1625 Gunzuensis
1157 1551 1268 1626 latare
1295 1554 1411 1625 coctili
1435 1554 1640 1644 lubricavit3
1665 1554 1764 1629 cuius
1789 1574 1886 1627 nuuc
1912 1553 2062 1645 muana

473 1703 476 1709 ·
522 1674 577 1741 est
612 1670 780 1761 magister
815 1670 965 1773 'llromas
1001 1672 1204 1764 presbyter,
1231 1674 1328 1746 cuius
1358 1674 1528 1747 haeredes
1553 1680 1590 1747 et
1615 1677 1756 1766 panum
1782 1679 1864 1749 aaut
1894 1673 2063 1766 Martium,

521 1788 698 1883 Derslaus,
725 1791 865 1884 Paulus,
890 1792 1053 1885 Jacobus,
1079 1793 1282 1886 ambraus,
1307 1798 1475 1887 germani,
1500 1794 1681 1869 Jobauues
1706 1795 1927 1887 Kamplrn,
1951 1795 2063 1869 Paulas

522 1908 632 1985 irater
658 1912 751 2005 eius,
776 1912 905 1987 Petrus
932 1912 1277 2008 Skothniczlry,
1303 1916 1483 1991 Jobanues
1514 1916 1846 2009 Koluuowsky‚
1874 1916 2007 1989 nubilos
2027 1917 2063 1989 de

478 2019 482 2028 ’
522 2032 624 2107 domo
650 2034 875 2127 Bogoria;
902 2036 1000 2109 cuius
1026 2034 1240 2128 infrascripti
1267 2044 1350 2111 sunt
1366 2044 1573 2130 proventus:
1598 2044 1636 2111 et
1651 2040 1764 2131 primo
1781 2038 1958 2130 plebanus
1973 2038 2064 2113 teba

458 2238 462 2247 p
522 2175 629 2227 uuum
656 2155 793 2229 laneum
820 2174 984 2248 agrorum
1010 2157 1186 2249 integrum
1212 2178 1291 2231 cum
1316 2160 1437 2252 pratis,
1463 2181 1528 2253 pro
1555 2180 1618 2233 suo
1644 2160 1791 2252 praedio
1816 2158 2064 2251 liberamina

521 2297 627 2349 uuam
651 2278 834 2379 tabernam
850 2278 1044 2353 habentem
1071 2298 1194 2371 agrum
1220 2301 1309 2373 quae
1334 2282 1484 2373 plebano
1510 2304 1577 2374 pro
1601 2302 1708 2356 censu
1734 2282 1844 2355 soluit
1871 2336 1880 2352 .
1908 2334 1917 2352 .
1944 2334 1970 2371 .‚
1993 2283 2063 2353 iton

522 2398 629 2471 habet
658 2399 771 2473 lacum
807 2400 937 2475 dictum
973 2400 1216 2479 Przcloszl
1250 2403 1416 2496 liberum,
1442 2404 1479 2476 in
1506 2424 1575 2495 qno
1601 2404 1717 2477 nullus
1743 2404 1853 2477 babet
1879 2403 2064 2475 libertatem

521 2519 697 2612 piscandi,
722 2521 790 2593 uisi
826 2510 1014 2613 plebanus}
1041 2524 1125 2595 item
1152 2529 1236 2597 sunt
1261 2525 1297 2597 in
1323 2522 1444 2597 eadem
1471 2525 1555 2597 villa
1580 2525 1673 2597 lanei
1707 2524 1968 2614 mathusalae,
1992 2524 2064 2595 itam
2101 2601 2104 2612 ,

522 2639 613 2712 duaa
645 2642 813 2715 tabernac
849 2643 1051 2717 militarium
1086 2644 1257 2719 habentes
1291 2646 1485 2738 agrando
1516 2647 1642 2738 quibus
1678 2646 1839 2719 ouruibus
1866 2646 2064 2720 solvimut

521 2760 725 2835 conducitur
751 2763 884 2839 decima
909 2765 1134 2857 manipularis
1161 2772 1199 2839 et
1223 2768 1401 2859 aauapulis
1426 2788 1490 2859 pro
1516 2768 1728 2841 monasterio
1745 2767 2066 2861 Goprzywuicacaai,

375 2918 378 2925 ·
504 2887 558 2955 ‘at
584 2883 684 2957 valor
710 2884 785 2959 aius
811 2886 1017 2961 aestimatur
1042 2886 1087 2961 ad
1113 2887 1280 2961 tredecim
1306 2908 1450 2963 marcas
1475 2888 1577 2962 Hanc
1604 2894 1722 2963 numm
1738 2888 1913 2963 decimam
1929 2888 2065 2961 oontmit

520 3006 732 3079 monasterio
759 3005 1079 3099 Gopraywnicaensi
1105 3009 1142 3083 iu
1168 3010 1245 3083 eius
1269 3008 1472 3085 fundatione
1488 3011 1596 3084 Falco
1613 3012 1798 3103 episeopus
1814 3010 2062 3098 Gramriaus’m

521 3127 605 3198 itam
632 3131 714 3201 snut
747 3128 796 3201 ibi
826 3128 897 3201 tria
922 3129 1066 3221 praedia
1091 3130 1276 3223 militaria,
1301 3131 1345 3212 dc
1371 3133 1496 3224 quibua
1531 3133 1693 3205 omnibus
1726 3133 1880 3224 percipit
1907 3132 2062 3208 decimam

485 3278 488 3285 ¹
520 3247 771 3340 manipularem
798 3255 835 3322 at
861 3250 1061 3343 canapalem
1088 3251 1233 3326 amieria
1258 3257 1296 3326 et
1321 3252 1492 3345 plebanus
1516 3255 1553 3328 iu
1579 3253 1857 3346 Skotbuilry.

625 3370 806 3462 Bonosus,
833 3372 916 3445 villa
942 3373 1006 3446 sub
1031 3373 1199 3466 parocbia
1224 3375 1391 3449 ecclesiae
1416 3377 1461 3450 do
1486 3375 1720 3450 Skotbuilr
1728 3399 1752 3469 y
1778 3377 1855 3468 sita
1874 3377 1976 3450 cuim
1991 3376 2062 3448 bec·
2138 3389 2141 3398 ·

520 3489 824 3584 codasblurtiuus
848 3497 887 3566 at
912 3493 1040 3570 Paulus
1066 3494 1110 3568 de
1127 3493 1395 3590 Skotbuilry
1421 3496 1466 3570 dc
1483 3499 1590 3572 armis
1607 3499 1823 3590 Bogoria
1848 3497 1892 3570 Iu
1911 3501 2065 3590 quasmt

524 3617 656 3704 septam
683 3613 775 3689 lanai
801 3615 1044 3716 matitunales,
1071 3617 1115 3690 de
1142 3617 1268 3710 quibus
1293 3619 1454 3692 omnibns
1479 3620 1628 3694 solvitur
1653 3625 1691 3692 et
1715 3619 1926 3694 conducitur
1946 3618 2066 3691 dacin

521 3733 748 3827 manipularis
775 3742 812 3810 et
838 3738 1013 3832 oanapulis
1038 3759 1104 3831 pro
1130 3739 1363 3814 moecantoria
1387 3739 1669 3834 Saudomirieusi,
1694 3747 1732 3814 et
1757 3741 1857 3814 valor
1873 3741 1954 3814 eiua
1970 3739 2062 3812 aaut·

520 3861 638 3928 matur
672 3857 717 3930 ad
752 3877 814 3934 sex
847 3879 992 3934 marcas.
1032 3859 1081 3934 Et
1112 3862 1194 3954 quia
1219 3861 1378 3954 praelatu
1412 3863 1497 3937 uilla
1521 3883 1586 3955 par
1611 3863 1819 3936 alluvionem
1846 3860 2061 3936 violacio

341 3931 344 3936 ’
405 3976 423 4043 7
520 3977 592 4050 aas
618 3979 714 4068 agra
740 3985 796 4052 aa
822 3981 1024 4056 noauuua
1050 3982 1231 4075 ormana,
1258 3983 1426 4057 aaran
1452 3985 1496 4057 oe
1522 3985 1596 4058 suu
1621 3984 1777 4076 prasus
1793 3983 1969 4056 uenerunt
1984 4000 2063 4055 aaa

460 4127 482 4144 -,
519 4098 685 4170 tbouibua
711 4099 891 4191 subpacies
918 4101 955 4174 iu
981 4121 1043 4176 sex
1071 4123 1175 4177 arros
1200 4104 1393 4198 mannas,
1419 4111 1456 4178 at
1480 4107 1621 4197 primus.
1639 4127 1745 4180 arnus
1775 4110 1924 4179 vocatur
1951 4103 2064 4176 lisze·

365 4271 368 4279 .
492 4219 743 4312 «uomicas,
778 4220 869 4294 alter
903 4221 1095 4326 Wyellra
1129 4226 1269 4324 nina,
1295 4228 1422 4302 tartius
1447 4226 1720 4320 Ocnircbly,
1745 4233 1891 4318 quartus
1918 4223 2061 4312 baeda,

521 4341 665 4450 quintus
689 4359 733 4416 ex
759 4343 919 4436 oppositu
946 4345 1167 4420 amathouum
1193 4369 1315 4423 versus
1340 4348 1616 4441 Slrotbuilrp,
1644 4354 1763 4422 sextus
1789 4346 1958 4440 Gorlrp,
1975 4351 2011 4418 et
2024 4343 2062 4416 dc

519 4462 716 4536 huiusmodi
741 4464 835 4538 arvis
862 4465 1010 4540 sumitur
1036 4466 1171 4540 decima
1195 4471 1422 4562 manipularis
1448 4471 1615 4544 ecclesiae
1632 4474 1671 4543 at
1686 4470 1836 4562 plebano
1854 4471 1892 4542 iu
1910 4465 2062 4542 stota

430 4597 434 4612 ·
519 4583 649 4676 uilry3
675 4585 759 4658 itam
785 4590 839 4660 est
863 4585 900 4662 iu
927 4586 1046 4662 eadcm
1073 4589 1157 4661 villa
1182 4591 1340 4684 taberna,
1367 4592 1429 4664 sed
1454 4613 1525 4664 nou
1551 4591 1659 4666 babet
1685 4611 1816 4683 agros:
1915 4629 1918 4633 f

622 4705 815 4800 Pontiam
836 4707 920 4787 uilla
945 4709 981 4812 iu
1008 4709 1110 4802 rippa
1136 4693 1218 4784 Vis
1229 4711 1310 4804 lae,
1327 4714 1393 4786 sub
1410 4713 1578 4805 parocbia
1593 4713 1761 4786 acclesiae
1777 4711 1822 4784 dc
1839 4707 2061 4798 Skotuiky

520 4827 597 4920 sita,
624 4828 721 4902 cuius
747 4828 838 4902 idem
864 4829 1033 4904 haeredes
1059 4830 1236 4906 Martinus
1262 4839 1300 4905 et
1324 4834 1454 4906 Pardus
1479 4835 1524 4906 de
1549 4833 1827 4924 Skmthnilry.
1852 4833 1894 4905 lu
1913 4852 1983 4924 qna
1997 4829 2080 4902 troo

520 4955 602 5022 suut
627 4949 719 5023 lanai
745 4937 990 5045 auctionales,
1017 4952 1062 5026 du
1089 4955 1214 5046 quibus
1240 4954 1374 5028 mima
1399 4955 1626 5047 manipularis
1652 4955 1802 5028 solvitur
1818 4951 2060 5026 vicacamoriao

519 5070 791 5146 Sauronisena
827 5078 864 5146 eu
898 5053 1037 5148 nonnisi
1073 5077 1298 5168 arnapam
1332 5062 1449 5150 orcae
1484 5077 1586 5151 vura
1621 5075 1874 5150 vicennariae
1905 5075 2063 5148 naama

518 5191 659 5266 Visla
693 5182 784 5267 euim
819 5193 946 5268 multos
982 5175 1102 5270 dictae*
1130 5197 1236 5276 rillue
1269 5198 1407 5272 sorbuit
1432 5219 1554 5291 agros,
1580 5203 1618 5270 et
1638 5198 1802 5272 continue
1828 5197 1958 5270 sorbet
1983 5194 2060 5266 lton

437 5293 444 5300 ’
520 5313 609 5404 duaa
636 5319 754 5416 partes
781 5315 885 5390 villae
911 5315 1088 5408 praelatae
1114 5323 1195 5408 post
1221 5339 1325 5408 agros
1352 5322 1581 5413 amathonnm,
1608 5321 1668 5412 qni
1686 5324 1768 5392 sunt
1785 5321 1877 5392 inter
1894 5319 1978 5408 vias
1994 5314 2062 5406 pti·

518 5437 585 5528 bus
611 5437 683 5508 itur
708 5436 752 5510 de
777 5436 1000 5514 Zakrzow
1027 5440 1062 5512 iu
1089 5439 1292 5513 Podlaze
1317 5448 1355 5514 at
1381 5443 1416 5513 iu
1443 5441 2060 5533 Mokrzcscbow,etagriprac

520 5555 656 5628 diorum
682 5558 885 5660 militarium
910 5562 946 5634 iu
973 5561 1127 5654 supatias
1153 5562 1393 5636 omctbouibus
1411 5563 1484 5636 dati
1501 5585 1545 5639 ox
1563 5563 1726 5655 praediis,
1743 5563 1882 5636 solvmt
1898 5561 2058 5635 doeinan

518 5675 961 5768 manipularem-ecclesiae
986 5684 1024 5756 in
1050 5681 1330 5778 Slrothuilrp,
1356 5690 1399 5757 at·
1423 5685 1522 5757 valor
1547 5686 1623 5757 eius
1648 5687 1855 5758 aestimatur
1879 5684 1961 5766 ud.
1986 5735 1995 5753 .
2019 5731 2058 5752 .-
