4550 6600
1718 780 1790 855 541
1838 855 1841 861 .

236 984 397 1077 dicatam
425 986 521 1059 onius
548 985 938 1064 haeredes·Stanislaus
964 986 1143 1061 lohannes
1171 987 1504 1079 Sczekoczshy.
1544 987 1585 1059 In
1613 1007 1681 1077 qua
1707 996 1789 1061 sunt
1902 1060 1911 1069 ,

235 1114 388 1198 quatuor
413 1108 505 1179 lanei
532 1109 777 1197 cmethonales,
816 1115 852 1180 et
879 1108 922 1181 de
948 1110 1062 1181 tribus
1088 1110 1199 1181 laneis
1228 1109 1375 1179 solvitur
1402 1109 1537 1193 decima
1563 1084 1791 1200 manipularis

234 1233 274 1298 et
300 1229 476 1319 canapalis
502 1249 566 1318 pro
593 1230 795 1319 episcopatu
822 1229 1062 1321 Oracoviensi,
1099 1232 1143 1301 de
1171 1236 1294 1321 quarto
1331 1236 1447 1301 autem
1484 1230 1630 1302 solvitur
1659 1230 1791 1303 decima

234 1350 402 1421 ecclesiae
429 1355 466 1422 et
491 1351 639 1440 plebano
666 1352 702 1421 in
730 1348 932 1440 Garbou;
959 1352 1057 1423 valor
1084 1352 1237 1423 decimae
1264 1352 1469 1423 aestimatur
1496 1351 1671 1423 adunam
1699 1372 1790 1423 mar·

233 1490 323 1545 cam.
362 1471 449 1543 Item
476 1477 531 1543 est
556 1473 607 1543 ibi
632 1474 779 1544 taberna
805 1494 875 1544 non
902 1474 1035 1545 habens
1063 1474 1197 1564 aliquos
1225 1494 1338 1563 agros,
1366 1473 1411 1543 ad
1437 1473 1690 1562 proprietatem
1716 1474 1790 1563 ple-

231 1592 319 1663 bani
337 1594 526 1684 pertinens,
537 1665 540 1676 ,
553 1593 596 1665 de
614 1614 682 1685 qua
698 1576 849 1665 solvitur
874 1595 1022 1684 plebano
1050 1616 1114 1685 pro
1132 1616 1247 1667 annuo
1266 1614 1371 1665 censu
1398 1615 1460 1684 per
1478 1594 1564 1665 duas
1592 1614 1790 1684 sexagenas.

231 1712 326 1785 Item
352 1722 408 1785 est
433 1716 483 1787 ibi
509 1736 580 1786 una
606 1716 815 1806 hortulanis,
842 1715 887 1787 ad
911 1718 1161 1806 proprietatem
1189 1717 1356 1787 ecclesiae
1383 1722 1420 1787 et
1437 1716 1577 1805 plebani
1605 1716 1790 1807 pertinens,
1827 1736 1831 1741 ·

235 1844 274 1905 ct
302 1837 407 1907 solvit
432 1837 600 1909 ecclesiae
625 1859 732 1909 unum
758 1837 938 1909 fertonem.
965 1838 1052 1919 Item
1079 1839 1192 1924 habet⁸
1212 1838 1379 1928 plebanus
1407 1837 1493 1915 duas
1519 1836 1681 1927 piscinas,
1704 1838 1787 1909 item

231 1942 344 2029 habet
369 1965 406 2029 et
432 1959 665 2031 molendinum
692 1981 813 2048 unum,
849 1960 934 2031 item
962 1958 1067 2031 nuum
1094 1966 1247 2031 sutorem
1275 1960 1333 2050 qui
1360 1960 1467 2031 habet
1492 1959 1632 2029 hortum
1659 1964 1695 2029 et
1722 1958 1790 2029 sol·
1819 2010 1825 2025 .
1918 2005 1921 2013 ·

231 2078 289 2149 vit
323 2080 471 2151 mediam
506 2101 657 2152 marcam
695 2080 860 2151 ecclesiae
896 2102 960 2171 pro
988 2102 1110 2169 consu,
1146 2082 1230 2152 item
1264 2102 1333 2152 non
1360 2082 1467 2153 habet
1493 2080 1660 2170 plebanus
1689 2100 1790 2169 prae-

234 2198 353 2291 dium,
390 2202 472 2291 quia
508 2202 707 2273 cmethones
739 2203 775 2271 in
790 2202 897 2292 ,agris
932 2201 1167 2292 praedialibus
1201 2209 1283 2275 sunt
1317 2202 1421 2272 locati
1455 2200 1603 2291 praelati
1640 2206 1789 2291 quatuor

232 2327 272 2391 et
299 2329 381 2393 sunt
407 2323 450 2394 de
476 2324 692 2414 proprietate
727 2323 911 2413 ecclesiae,
946 2330 983 2395 et
1011 2322 1157 2413 quilibet
1193 2322 1297 2395 solvit
1324 2322 1519 2414 quindecim
1554 2340 1695 2413 grossos
1723 2342 1786 2411 pro

232 2462 350 2533 censu,
377 2450 413 2516 et
441 2465 546 2515 unum
573 2444 665 2515 diem
691 2445 835 2535 proprio
861 2464 967 2516 curru
993 2451 1054 2514 aut
1081 2449 1200 2515 aratro
1227 2446 1263 2515 in
1290 2445 1484 2534 septimana
1509 2444 1657 2515 laborat.
1697 2442 1786 2514 Item

232 2570 318 2635 sunt
334 2565 384 2635 ibi
398 2571 531 2655 septem
558 2567 725 2638 tabernae
752 2566 913 2637 haeredis
931 2572 967 2637 et
986 2572 1154 2637 vocantur
1180 2565 1498 2657 Wangolszow
1525 2564 1789 2635 Xanszicze

230 2686 406 2759 habentes
433 2708 536 2778 agros
563 2695 600 2759 et
627 2688 801 2778 quaelibet
821 2667 925 2758 solvit
951 2687 1094 2759 haeredi
1112 2708 1217 2759 unam
1244 2696 1405 2778 marcam,
1431 2688 1545 2764 minus
1563 2706 1625 2759 sex
1647 2685 1788 2776 grossis,

231 2813 271 2878 et
297 2808 471 2880 decimant
498 2810 647 2899 plebano
674 2806 860 2898 manipulo.
991 2786 1000 2805 ’

339 2923 568 3020 Jascnuow,
584 2930 668 3001 villa
695 2930 759 3002 snb
785 2931 950 3020 parochia
972 2930 1015 3015 de
1032 2928 1227 3003 Garbow
1254 2931 1330 3021 sita,
1346 2931 1449 3002 ¹cuius
1468 2930 1636 3001 haeredes
1655 2927 1787 3000 Groth
1925 2978 1932 2988 ·

230 3048 423 3140 lohannes,
450 3050 614 3147 Nicolaus
641 3055 677 3122 et
691 3051 903 3123 Bernardus
932 3051 1093 3123 dedomo
1120 3050 1261 3123 Raua.
1287 3050 1328 3121 In
1347 3072 1416 3143 qua
1434 3056 1515 3123 suut
1533 3050 1625 3121 lanei
1642 3050 1789 3140 triginta

231 3172 479 3262 cmethonales,
505 3173 589 3245 item
615 3173 759 3263 praedia
785 3166 952 3243 militaria
980 3179 1137 3263 quatuor,
1166 3172 1208 3243 de
1237 3173 1360 3263 quibus
1388 3172 1535 3244 soluitur
1562 3179 1599 3242 et
1626 3169 1786 3242 conduci-

229 3299 293 3366 tur
314 3294 450 3367 decima
475 3294 700 3386 manipularis
727 3301 763 3368 et
789 3294 965 3386 canapalis
992 3294 1157 3368 ccclesiae
1185 3301 1221 3367 et
1247 3294 1394 3385 plebano
1413 3294 1453 3364 in
1468 3291 1672 3384 Garbou,
1691 3292 1787 3364 cuius

229 3415 333 3488 valor
358 3417 565 3490 aestimatur
590 3417 635 3488 ad
661 3417 787 3509 uiginti
813 3438 958 3508 marcas,
985 3417 1171 3508 aliquando
1199 3417 1243 3488 ad
1269 3417 1423 3506 triginta.

338 3537 539 3629 Bocuczrs,
565 3539 651 3611 uilla
677 3540 741 3610 sub
767 3539 1004 3630 parochiade
1023 3537 1214 3612 Garbcw
1242 3540 1317 3628 sita,
1338 3527 1434 3610 curius
1453 3539 1577 3610 haeres
1594 3535 1787 3608 Dobeslaus

229 3657 566 3752 Sczekoczsky.
592 3661 633 3732 In
661 3683 730 3754 qua
747 3667 838 3741 ,sunt
863 3661 1010 3751 triginta
1026 3661 1118 3732 lanei
1136 3661 1379 3750 cmethonaleS,
1399 3661 1482 3745 item
1500 3658 1679 3749 praedium
1698 3658 1788 3726 mili-

229 3787 311 3852 tare
337 3803 453 3873 unum,
481 3783 524 3855 de
551 3783 676 3873 quibus
704 3783 863 3856 omnibus
891 3782 1037 3854 solvitur
1064 3789 1100 3852 et
1127 3781 1331 3853 conducitur
1358 3781 1492 3853 decima
1510 3779 1734 3869 manipularis
1753 3783 1788 3848 et

230 3903 411 3994 canapalis
437 3904 603 3976 ecclesiae
628 3906 666 3976 in
693 3902 895 3995 Garbow,
922 3904 1020 3976 cuius
1047 3903 1147 3976 valor
1173 3903 1217 3974 ad
1245 3903 1361 3974 decem
1379 3923 1522 3992 marcas,
1542 3899 1725 3991 aliquando
1744 3899 1788 3970 ad

228 4025 380 4128 triginta
406 4027 620 4098 aestimatur.

337 4147 628 4240 Proraouucza,
655 4148 740 4221 villa
766 4149 829 4220 sub
856 4139 1022 4239 parochia
1049 4147 1091 4218 de
1119 4145 1312 4220 Garbou
1339 4149 1418 4238 sita,
1445 4148 1542 4218 cuius
1568 4146 1693 4217 haeres
1720 4143 1786 4214 Pe-

228 4275 310 4340 trus
337 4269 380 4340 de
407 4271 513 4342 armis
540 4271 744 4342 Nalaucz
772 4277 807 4343 et
833 4270 866 4341 N
875 4291 1129 4362 yemyerza.
1157 4271 1196 4340 ln
1225 4291 1293 4362 qua
1320 4277 1401 4342 sunt
1424 4270 1517 4345 lanei
1545 4267 1787 4355 cmethonaleS,

228 4391 317 4462 item
343 4392 411 4464 dno
438 4393 583 4483 praedia
608 4394 782 4484 militaria,
810 4394 853 4465 de
880 4394 1005 4484 quibus
1032 4394 1210 4484 perceptio
1238 4387 1391 4464 decimae
1419 4392 1595 4480 variatur;
1623 4410 1703 4460 nam
1722 4409 1785 4478 pro

227 4512 418 4589 medietate
445 4515 593 4586 solvitur
627 4515 761 4587 decima
794 4515 1021 4606 manipularis
1048 4521 1084 4586 et
1111 4514 1285 4605 canapalis
1313 4513 1526 4604 episcopatui
1554 4509 1785 4599 Gracovieusi,

227 4655 296 4726 pro
323 4635 435 4707 altera
460 4657 544 4732 vero
571 4619 736 4710 ecclesiae
763 4638 799 4708 in
827 4634 1029 4709 Garbow.
1600 4629 1604 4638 ’
1664 4727 1666 4745 Ι

337 4756 538 4848 Xuazrczn,
565 4758 649 4829 villa
675 4759 739 4830 sub
767 4758 932 4848 parochia
949 4758 992 4830 de
1019 4755 1214 4830 Garbow
1241 4757 1318 4848 sita,
1337 4757 1433 4828 cuius
1452 4757 1576 4826 haeres
1595 4751 1786 4826 Stanislaus

228 4877 564 4971 Scaekoczslry.
591 4880 632 4951 ln
659 4902 727 4970 qua
753 4886 833 4952 sunt
859 4879 986 4969 uiginti
1012 4880 1103 4950 lanei
1120 4879 1363 4968 cmethonales,
1381 4879 1465 4949 item
1483 4877 1663 4967 praedium
1682 4897 1787 4946 unum

228 4989 399 5091 militare,
427 5001 470 5072 de
507 5003 632 5092 quibus
668 5003 826 5076 omnibus
863 5002 1010 5077 solvitur
1047 5008 1081 5072 et
1107 5001 1311 5073 conducitur
1338 5000 1472 5071 decima
1498 4998 1723 5089 manipularis
1752 5003 1787 5066 et

228 5106 408 5213 canapalis
435 5123 601 5196 ecclesiae
627 5131 663 5195 et
689 5124 836 5214 plebano
863 5123 900 5194 in
927 5121 1130 5213 (harbon,
1159 5123 1255 5197 cuius
1268 5139 1269 5148 ¹
1284 5123 1381 5194 valor
1404 5121 1606 5192 aestimatur
1625 5119 1669 5190 ad
1688 5119 1786 5210 quiu-

228 5242 350 5336 decim,
379 5244 639 5336 aliquandoad
667 5245 791 5336 uiginti
817 5265 961 5316 marcas.
988 5244 1076 5316 Item
1105 5247 1248 5316 suntin
1276 5243 1397 5330 eadem
1425 5243 1508 5314 villa
1534 5242 1651 5312 decem
1670 5241 1786 5311 taber-
1882 5329 1885 5346 Ι

228 5386 306 5457 nae,
332 5367 502 5439 habentes
529 5367 664 5459 aliquas
690 5369 805 5459 pecies
834 5387 1007 5457 agrorum,
1033 5366 1077 5437 de
1102 5367 1226 5457 quibus
1245 5366 1391 5440 solvitur
1410 5365 1541 5437 decima
1559 5363 1786 5454 manipularis

229 5489 394 5578 episcopo
421 5487 651 5562 Oracoriensi.

335 5609 508 5702 Lussczu,
536 5611 619 5682 villa
645 5611 709 5683 sub
738 5611 903 5702 parochia
930 5613 974 5685 de
992 5611 1186 5685 Garbou
1214 5611 1290 5700 sita,
1310 5609 1406 5680 cuius
1424 5607 1609 5678 haeredes:
1637 5604 1784 5678 Groth
1840 5641 1845 5646 ·

229 5738 265 5804 et
292 5731 452 5805 Andreas
480 5734 523 5805 de
550 5735 655 5805 armis
681 5733 898 5806 Nalancz.
938 5736 978 5806 ln
1007 5755 1075 5826 qua
1102 5737 1183 5805 suut
1208 5733 1299 5803 lanei
1328 5730 1579 5820 emethonales,
1606 5730 1690 5837 item
1718 5729 1785 5798 duo
