4550 6600
1709 776 1783 853 563

223 983 283 1059 ina
309 984 476 1079 piscandi,
503 988 563 1079 qui
589 985 634 1061 ab
661 984 850 1061 Histulo
876 990 981 1063 fluvio
998 987 1227 1063 foecundatur
1252 990 1423 1084 piscibus,
1447 992 1515 1065 nisi
1543 992 1712 1083 plebanus
1739 995 1783 1067 de

226 1107 509 1199 Pyotrawin.

892 1230 1124 1306 Junoseuru.

335 1351 431 1423 Villa
466 1352 599 1424 habens
624 1353 661 1423 in
687 1372 726 1423 se
752 1354 987 1443 parochialem
1022 1354 1203 1427 ecclesiam
1238 1356 1406 1446 ligneam,
1439 1354 1566 1428 Sancto
1592 1356 1784 1435 Adalberto

228 1472 393 1544 dicatam.
428 1474 469 1544 ln
496 1479 674 1564 quaeunt
704 1474 796 1546 lanei
830 1475 1082 1566 cmethonales,
1110 1476 1154 1549 de
1183 1478 1307 1567 quibus
1344 1478 1491 1549 solvitur
1518 1484 1555 1549 et
1582 1478 1786 1574 conducitur

117 1636 120 1641 -
226 1594 368 1666 decima
393 1596 621 1686 manipularis
647 1601 685 1667 et
711 1597 905 1687 canapalis,
941 1618 1009 1688 pro
1041 1598 1187 1669 ecclesia
1213 1604 1250 1670 et
1277 1598 1425 1689 plebano
1460 1599 1497 1669 iu
1523 1599 1546 1671 J
1553 1602 1785 1685 aroschin.

227 1716 321 1788 Item
347 1717 516 1807 plebanus
543 1718 650 1790 habet
676 1718 725 1790 ilri
752 1719 914 1810 proprios
940 1740 1044 1810 agros
1070 1726 1107 1791 et
1128 1726 1248 1812 prata,
1269 1740 1333 1811 pro
1352 1742 1413 1792 suo
1432 1742 1497 1792 usu
1516 1727 1552 1793 et
1567 1722 1757 1793 uecessitat
1778 1776 1785 1791 .

336 1837 659 1929 Ornrnnowrczn
685 1838 770 1911 uilla
788 1840 852 1911 sub
870 1841 1036 1931 parochia
1053 1841 1221 1913 ecclesiae
1240 1841 1283 1913 de
1300 1840 1554 1914 Jaroschin
1582 1844 1659 1933 sita,
1687 1844 1786 1915 cuius

228 1962 431 2051 proprietas
457 1965 495 2034 et
522 1961 710 2032 dominium
741 1962 786 2032 ad
812 1962 1062 2034 monasterium
1098 1962 1407 2035 Szeczechoviense
1443 1964 1604 2055 pertinet.
1641 1964 1681 2035 In
1717 1984 1786 2055 qua

229 2090 317 2154 sunt
344 2089 494 2174 quatuor
528 2083 620 2155 lanei
656 2084 908 2175 cmethonales,
944 2084 1140 2176 dequibus
1176 2086 1325 2157 solvitur
1351 2090 1388 2157 et
1414 2086 1618 2158 conducitur
1654 2086 1787 2158 decima

228 2205 458 2295 manipularis
485 2210 521 2276 et
546 2225 610 2295 per
634 2226 739 2277 unam
765 2206 921 2297 ierugam
949 2206 1133 2297 canapalis,
1162 2226 1225 2297 pro
1248 2208 1457 2301 monasterio
1477 2206 1786 2297 Szeczechoviensi,

228 2327 333 2398 cuius
366 2326 465 2399 valor
491 2327 536 2398 ad
567 2333 718 2420 quatuor
751 2348 886 2426 marcas
923 2328 1139 2401 aestimatur.
1184 2328 1270 2401 Item
1307 2336 1361 2401 est
1387 2331 1437 2401 ibi
1463 2352 1570 2402 unum
1606 2330 1787 2421 praedium

229 2448 442 2538 coenobiale,
469 2448 513 2520 de
531 2449 629 2521 cuius
656 2450 750 2539 agris
777 2471 846 2521 nou
865 2449 1013 2523 solvitur
1039 2450 1142 2521 alicui
1161 2450 1302 2541 decima,
1330 2450 1391 2522 sed
1409 2452 1658 2525 monasterium
1676 2452 1787 2542 ipsam

228 2588 300 2658 pro
326 2588 364 2640 se
389 2570 491 2642 tollit.
518 2570 605 2649 Item
633 2576 715 2641 sunt
740 2571 788 2643 ibi
815 2572 904 2663 duae
931 2572 1161 2662 hortulaniae,
1189 2572 1250 2644 sed
1278 2572 1372 2643 nulla
1398 2570 1559 2645 taberna.¹

339 2689 653 2783 Sennwuowrczu,
679 2693 763 2763 uilla
780 2694 845 2764 sub
862 2693 1029 2783 parochia
1051 2693 1095 2765 de
1121 2692 1144 2764 J
1151 2694 1347 2765 aroschin
1367 2694 1443 2785 sita,
1472 2694 1570 2766 cuius
1588 2696 1785 2786 proprietas

227 2818 271 2882 et
297 2812 485 2885 dominium
512 2814 556 2885 ad
582 2815 831 2887 monasterium
867 2814 1198 2906 Szeczechouyense
1234 2816 1396 2906 pertinet.
1441 2815 1482 2886 ln
1510 2836 1578 2907 qua
1604 2824 1686 2888 sunt
1712 2824 1786 2888 tres

229 2934 327 3005 lanei
354 2936 605 3026 emethonales,
641 2937 684 3008 de
713 2937 837 3028 quibus
865 2931 1013 3009 solvitur
1039 2943 1075 3008 et
1101 2936 1306 3010 conducitur
1341 2936 1474 3008 decima
1499 2938 1724 3028 manipularis
1752 2946 1802 3011 et·

230 3057 411 3146 canapalis
447 3078 511 3147 pro
546 3059 758 3131 monasterio
793 3058 1111 3149 Saeczechoviensi‚
1149 3065 1184 3129 et
1220 3058 1318 3130 valor
1353 3038 1428 3131 eius
1465 3058 1512 3139 ad
1542 3049 1617 3133 tres
1652 3082 1787 3131 marcas
1817 3156 1819 3161 ,

231 3178 448 3249 aestimatur.
484 3180 571 3251 ltem
608 3186 690 3252 sunt
716 3180 765 3252 ibi
793 3186 942 3271 quatuor
977 3180 1197 3253 hortulaniae
1214 3276 1216 3281 Ι
1233 3181 1401 3253 habentes
1434 3202 1555 3274 agros,
1592 3183 1787 3272 dequibus

215 3284 369 3386 decima
387 3355 529 3372 ......

340 3422 582 3513 Nasszruow,
609 3423 691 3495 villa
719 3425 782 3495 sub
809 3423 976 3514 parochia
1002 3423 1045 3495 de
1071 3422 1095 3495 J
1104 3425 1326 3497 aroschin
1355 3425 1441 3515 sita,
1469 3427 1566 3497 cuius
1594 3427 1788 3517 proprietas
1818 3499 1819 3502 ,

231 3544 282 3616 ad
307 3547 554 3616 monasterium
590 3545 898 3618 Szeczechoviense
933 3547 1095 3636 pertinet.
1131 3547 1172 3618 Iu
1200 3567 1268 3637 qua
1296 3553 1377 3618 sunt
1404 3554 1553 3638 quatuor
1578 3549 1671 3620 lanei
1699 3569 1788 3620 cine-

229 3667 403 3757 tlronales,
431 3666 474 3738 de
501 3668 625 3758 quibus
652 3668 801 3740 solvitur
828 3674 864 3739 et
882 3653 1085 3738 conducitur
1111 3667 1244 3739 decima
1271 3667 1505 3759 manipularis,
1533 3675 1569 3739 ot
1595 3689 1658 3758 per
1684 3691 1788 3740 unam

229 3789 391 3877 ierugam
418 3789 613 3879 canapalis,
640 3808 704 3878 pro
730 3789 942 3860 monasterio
970 3788 1288 3878 Szeczechoviensi,
1316 3789 1412 3859 cuius
1441 3789 1539 3860 valor
1566 3790 1610 3859 ad
1638 3796 1788 3880 quatuor

231 3907 372 3982 marcas
399 3911 614 3982 aestimatur.
640 3911 728 3981 Item
755 3911 805 3982 ibi
831 3910 928 3981 nulla
946 3916 1000 3981 est
1018 3911 1175 3999 taberna3
1203 3915 1284 3982 smrt
1309 3915 1425 3982 tamen
1453 3911 1541 3982 duae
1567 3911 1786 3982 hortulaniae

231 4033 405 4103 habentes
432 4053 545 4124 agros,
572 4033 616 4104 de
643 4034 767 4123 quibus
795 4032 988 4104 decimatur
1014 4034 1049 4104 iu
1073 4029 1290 4128 pocillatorem.

327 4153 614 4246 Sonrauzrcze,
650 4153 737 4226 alias
773 4153 1008 4226 Kowrnszru
1051 4153 1137 4224 villa
1172 4154 1237 4226 sub
1264 4155 1428 4244 parochia
1450 4143 1557 4226 ¹ded
1567 4156 1786 4227 arosclrin

236 4275 327 4366 sita,
363 4276 459 4347 cuius
485 4276 656 4350 haeredes
682 4275 879 4365 lohannes,
906 4274 1141 4346 nicolaus...
1168 4275 1211 4346 de
1239 4275 1345 4347 armis
1370 4275 1510 4346 Baua.
1545 4276 1586 4346 ln
1614 4298 1683 4368 qua
1710 4281 1801 4348 sunt·

233 4396 396 4494 undecim
423 4396 513 4475 lanei
541 4397 784 4488 emethonales,
811 4397 896 4468 item
922 4395 1097 4487 tabernae,
1125 4397 1209 4468 item
1237 4396 1466 4486 hortulaniae,
1494 4395 1537 4468 de
1565 4397 1689 4488 quibus
1717 4399 1786 4468 sol·
1868 4471 1870 4484 ,

233 4518 333 4588 uitur
359 4517 493 4589 decima
517 4517 743 4608 manipularis
762 4524 799 4589 et
816 4517 992 4609 canapalis
1009 4539 1074 4608 pro
1096 4519 1309 4589 monasterio
1336 4517 1482 4588 Sanctae
1509 4515 1629 4588 Crucis
1657 4517 1790 4590 Galvi

235 4638 435 4730 Montis,
472 4647 508 4711 et
533 4641 633 4712 valor
659 4640 734 4712 eius
761 4639 806 4712 ad
832 4645 912 4712 octo
940 4659 1083 4712 marcas.
1119 4639 1207 4710 Item
1235 4637 1289 4710 est
1314 4639 1363 4711 ibi
1390 4639 1569 4728 praedium
1605 4661 1720 4729 unum,
1747 4639 1790 4710 de

236 4783 327 4852 quo·
344 4761 492 4833 solvitur
526 4761 658 4833 decima
688 4762 915 4852 manipularis
950 4762 1161 4834 monasterio
1197 4760 1345 4834 Sanctae
1381 4758 1588 4852 (inmisso,
1625 4761 1717 4852 quod
1745 4782 1788 4832 ex

236 4883 335 4972 agris
361 4883 633 4955 emethonalibus
659 4882 787 4955 factum
814 4890 878 4955 est.
1167 4881 1171 4886 ’

345 4999 617 5096 Banczanmuo,
652 5005 736 5076 villa
761 5005 827 5076 sub
862 5005 1028 5094 parochia
1054 5004 1098 5075 de
1124 5003 1149 5076 J
1159 5004 1382 5075 arosclriu
1419 5003 1495 5074 sita.
1541 5003 1579 5073 ln
1608 5022 1676 5094 qua
1710 5007 1791 5074 sunt

237 5125 333 5196 lanei
360 5126 601 5217 cmethonales,
629 5125 672 5198 de
700 5127 824 5218 quibus
851 5127 999 5198 solvitur
1024 5132 1061 5198 et
1084 5125 1288 5198 conducitur
1315 5125 1447 5197 decima
1475 5124 1700 5215 manipularis
1727 5145 1790 5216 pro

237 5249 453 5319 monasterio
478 5246 625 5320 Sanctae
651 5247 781 5339 Crucis,
808 5254 844 5320 et
871 5248 969 5319 valor
996 5247 1070 5319 eius
1097 5246 1142 5318 ad
1169 5250 1318 5338 quatuor
1344 5267 1488 5318 marcas.
1517 5335 1523 5342 ἱ

345 5367 650 5460 Waosrowrozn,
677 5369 760 5440 villa
787 5369 851 5440 sub
870 5369 1036 5459 parochia
1053 5368 1097 5439 de
1114 5366 1347 5463 Jaroschin.
1374 5367 1414 5438 ln
1443 5387 1511 5458 qua
1528 5367 1792 5439 est'oratorium

238 5487 410 5581 lignenm,
437 5490 604 5562 ecclesiae
630 5490 674 5562 de
700 5489 724 5563 J
729 5491 922 5562 arosclrin
949 5491 1156 5579 subiectum,
1185 5489 1276 5579 quod
1304 5489 1471 5578 plebanus
1499 5487 1541 5560 de
1569 5487 1592 5560 J
1597 5489 1792 5560 aroschin

239 5631 281 5682 re
307 5611 425 5682 diviua
452 5611 486 5682 in
514 5611 636 5684 diebus
663 5611 857 5684 celebribus
893 5611 1130 5700 administrat,
1167 5616 1312 5700 propter
1348 5609 1585 5682 difficultatem
1623 5611 1793 5681 transitus

239 5731 425 5820 Vislae3
453 5734 551 5805 cuins
568 5726 693 5805 haeres
720 5733 898 5804 lohannes
925 5731 1171 5821 Koninsky
1199 5731 1242 5802 de
1269 5730 1540 5854 armiisaua.
1567 5731 1606 5801 ln
1627 5753 1694 5822 qua
1713 5739 1795 5803 sunt
