4550 6600
1648 775 1719 845 121

184 987 408 1062 cracoviensis
435 983 610 1076 praelata,
646 984 689 1055 de
716 984 828 1055 altera
861 1003 944 1053 vcro
982 981 1167 1051 medietato
1203 979 1352 1070 percipit
1387 999 1464 1049 eam
1505 978 1649 1049 ecclesia
1683 980 1720 1051 in

186 1113 212 1184 B
219 1110 486 1203 ysknpyczc.
1256 1091 1259 1102 ¹

276 1229 495 1318 Sczusnow,
531 1227 615 1298 villa
642 1228 705 1298 sub
732 1225 897 1317 parocbia
931 1224 974 1295 de
1002 1224 1334 1314 Byszkupycze
1361 1224 1438 1312 sita,
1465 1223 1562 1293 cuius
1593 1224 1718 1295 haeres

183 1354 313 1425 ilreza
339 1350 382 1421 de
409 1350 510 1419 domo
530 1402 643 1417 .....
686 1347 727 1417 Iu
754 1367 823 1437 qua
850 1352 930 1417 suut
956 1346 1049 1415 lanei
1076 1344 1311 1415 cmethouales
1347 1344 1390 1413 de
1418 1345 1541 1433 quibus
1569 1344 1717 1415 solvitur

183 1474 311 1547 decima
355 1460 446 1541 item
472 1456 526 1541 est
552 1469 601 1539 ibi
628 1490 734 1539 unum
761 1467 939 1559 praedium
966 1467 1134 1555 militare,
1171 1466 1214 1536 de
1241 1487 1309 1555 quo
1336 1465 1528 1536 decimatur
1554 1465 1722 1536 ccclesiae

184 1600 215 1667 et
237 1594 308 1664 eius
335 1592 483 1681 plebano
511 1590 547 1660 in
574 1589 890 1680 Byskupycze.

653 1783 897 1864 praebenda
933 1786 971 1862 ln
1007 1782 1260 1887 ltobyerzin.

275 1955 374 2027 Haec
399 1952 599 2045 praebenda
625 1954 728 2025 altari
756 1954 792 2025 iu
819 1952 1044 2025 Oracoviensi
1071 1952 1216 2023 ecclesia
1242 1953 1340 2024 urrita
1366 1958 1431 2043 est,
1458 1954 1633 2025 attitulas
1651 1943 1726 2025 'eius

185 2078 357 2151 extinctae.

863 2195 1052 2267 Scaurus.

277 2319 451 2410 Oppidum
478 2319 610 2389 habens
637 2318 671 2387 iu
700 2338 736 2388 se
764 2317 995 2407 parochialem
1032 2317 1213 2389 ecclesiam
1239 2317 1354 2407 lapide
1381 2317 1460 2388 albo
1487 2324 1660 2389 muratam
1692 2324 1729 2389 et

184 2444 405 2513 inhonorem
431 2439 550 2511 Sancti
577 2438 727 2529 Spiritus
755 2420 922 2527 dicatam,
960 2438 1051 2528 quod
1078 2458 1141 2527 per
1168 2438 1374 2511 Casimirum
1410 2440 1598 2511 secundum
1624 2440 1726 2510 Polo-

185 2565 253 2634 uiae
279 2584 419 2652 regem,
455 2562 578 2651 quiet
604 2566 756 2632 castrum
785 2565 820 2631 ct
847 2560 1022 2630 civitatem
1055 2581 1145 2631 anuo
1172 2560 1311 2630 Domini
1343 2562 1450 2631 1364.
1477 2563 1646 2650 muravit,
1682 2583 1727 2633 ex

184 2686 286 2755 tribus
313 2684 409 2755 villis
435 2682 639 2753 monasterii
666 2680 889 2773 Tyuiczeusis
917 2681 1094 2752 videlicet:
1132 2688 1281 2770 utraque
1308 2682 1520 2772 Babycze
1555 2683 1667 2753 veteri
1693 2688 1729 2753 et

184 2827 265 2876 nova
291 2811 327 2875 et
357 2824 400 2875 ex
426 2803 630 2893 Ppssarp
656 2803 806 2873 locatum
835 2808 898 2873 cst.
930 2800 1035 2873 Cuius
1062 2803 1259 2891 proprietas
1286 2802 1331 2873 ad
1358 2804 1519 2874 abbatem
1546 2810 1582 2874 et
1608 2825 1728 2875 mona·

184 2926 317 2996 sterium
332 2924 572 3014 Thyncziense
598 2924 765 3013 pertinet,
792 2944 862 2994 una
889 2914 964 2993 cum
984 2924 1059 2994 iure
1086 2928 1293 3012 patronatus
1319 2924 1484 2995 ecclesiae
1511 2924 1665 2995 eiusdem
1692 2925 1728 2995 in
1831 2920 1841 2934 ⁸

184 3047 418 3138 Skawyna‚
446 3066 534 3136 quae
561 3065 638 3116 curu
665 3052 777 3115 matre
804 3066 867 3115 sna
895 3044 1039 3115 ecclesia
1065 3044 1101 3115 in
1121 3044 1303 3135 Thynyecz
1329 3046 1496 3134 regimine
1524 3054 1560 3117 ct
1587 3066 1671 3117 cura
1693 3054 1730 3117 et

184 3169 405 3258 proventibus
433 3168 530 3237 unita
558 3171 620 3237 est.
647 3165 735 3237 Sunt
763 3172 879 3238 autem
906 3166 942 3236 in
970 3164 1090 3237 eodem
1118 3165 1244 3255 oppido
1271 3186 1395 3237 novem
1422 3166 1514 3238 lanei
1541 3166 1730 3256 oppidano·
1845 3248 1850 3255 ,
1904 3208 1909 3216 -

185 3311 262 3381 rum,
288 3290 331 3361 de
364 3288 488 3380 quibus
512 3287 659 3362 solvitur
686 3286 819 3358 decima
845 3284 1035 3377 pecunialis
1062 3287 1098 3358 in
1125 3286 1207 3359 latis
1233 3288 1364 3377 grossis
1395 3287 1639 3380 Pragensibus,
1666 3311 1730 3380 per

186 3433 281 3482 unum
306 3411 483 3483 fertonem
502 3432 565 3501 pro
592 3408 791 3499 praebenda
811 3407 1032 3480 Oracoviensi
1060 3409 1153 3480 dicta
1177 3408 1376 3499 Zyrawska,
1403 3416 1440 3480 et
1457 3416 1623 3481 tenentur
1648 3430 1730 3480 cou-

185 3533 267 3604 sules
303 3532 428 3624 oppidi
463 3531 558 3602 illam
592 3529 796 3618 recolligere
832 3530 931 3600 anuis
964 3529 1126 3619 singulis,
1162 3536 1199 3600 ct
1225 3551 1289 3619 pro
1315 3529 1404 3602 festo
1439 3529 1558 3601 Sancti
1585 3531 1731 3602 Martini

186 3639 310 3724 soluere
337 3652 581 3724 Cracoviensis
609 3650 762 3722 eiusdem
789 3649 1007 3740 praebendae
1035 3651 1208 3724 canonico.
1235 3651 1323 3725 Item
1347 3651 1515 3740 plebanus
1534 3657 1570 3722 et
1588 3653 1733 3722 ecclesia

184 3774 282 3846 babet
307 3776 361 3846 ibi
387 3773 549 3864 proprios
576 3793 679 3862 agros
707 3777 754 3842 et
768 3778 878 3861 prata
904 3793 968 3861 pro
989 3793 1051 3842 suo
1080 3793 1145 3844 usu
1172 3778 1207 3842 et
1233 3772 1450 3844 necessitato.
1476 3772 1564 3842 Item
1584 3779 1665 3844 sunt
1682 3774 1733 3844 ibi

187 3898 256 3984 agri
274 3895 438 3967 advocati
464 3891 668 3984 praediales,
696 3892 881 3982 dequibus
909 3892 1057 3964 solvitur
1084 3892 1217 3963 decima
1246 3893 1473 3984 nranipularis
1505 3894 1670 3966 ecclcsiae
1696 3895 1733 3964 in

187 4013 425 4107 Skawyna‚
453 4015 550 4086 cuius
578 4013 675 4085 valor
702 4013 908 4084 aestimatur
935 4014 979 4086 ad
1007 4019 1156 4104 quatuor
1183 4034 1327 4087 marcas.

281 4136 536 4220 Scantiniam,
572 4134 656 4204 villa
682 4137 746 4206 sub
772 4136 940 4225 parocbia
967 4135 1008 4206 de
1036 4134 1249 4206 Skawiua
1285 4137 1371 4227 sita,
1407 4137 1504 4209 cuius
1534 4139 1732 4228 proprietas

187 4256 225 4327 ad
240 4257 499 4329 'monasterium
528 4257 750 4348 Thynczense
776 4255 938 4346 pertinet.
974 4253 1014 4326 Iu
1042 4278 1110 4346 qua
1136 4267 1218 4327 suut
1245 4279 1305 4329 sex
1331 4259 1552 4330 hortulaniae
1579 4261 1732 4332 cmetbo-

187 4379 293 4470 uales,
323 4379 384 4469 qui
412 4399 481 4468 uop
509 4379 671 4449 dicuntur
697 4377 807 4464 lanei,
836 4377 896 4448 sed
923 4377 1163 4466 hortulaniae,
1195 4378 1238 4449 de
1266 4381 1390 4469 quibus
1417 4381 1565 4452 solvitur
1591 4389 1626 4451 et
1653 4403 1734 4453 con-

188 4497 317 4571 ducitur
345 4500 481 4570 decima
506 4498 730 4588 manipularis
758 4504 794 4569 et
820 4519 889 4570 non
909 4497 1091 4587 ¹canapalis
1118 4521 1182 4588 pro
1209 4502 1419 4572 monasterio
1448 4501 1672 4594 Thynczensi‚
1699 4509 1736 4573 et

188 4620 279 4691 valor
305 4622 383 4692 cius
411 4620 614 4691 aestimatur
642 4619 686 4690 ad
714 4625 863 4709 quatuor
889 4640 1033 4690 marcas.
1059 4619 1149 4690 Item
1167 4626 1221 4691 est
1246 4622 1295 4692 ibi
1321 4623 1500 4718 praedium
1528 4625 1735 4715 coenobiale,

189 4746 221 4810 et
245 4763 313 4813 nou
341 4741 448 4812 solvit
474 4741 578 4812 alicui
605 4741 782 4829 decimam,
811 4739 872 4812 sed
900 4761 976 4812 eam
1003 4757 1067 4829 pro
1096 4761 1133 4811 se
1161 4741 1262 4813 tollit

286 4862 492 4952 Sarranum,
518 4863 602 4934 villa
628 4863 692 4934 sub
720 4862 885 4952 parochia
912 4861 954 4933 dc
982 4860 1195 4932 Skawina
1222 4863 1308 4953 sita,
1345 4865 1442 4935 cuius
1468 4866 1665 4954 proprietas
1691 4864 1737 4936 ad

189 4984 434 5055 monasterium
462 4983 683 5074 Thynczense
709 4984 871 5073 pertinet.
896 4983 937 5054 In
965 5003 1033 5073 qua
1061 4988 1143 5054 suut
1161 5003 1222 5054 sex
1239 4984 1346 5062 lanei
1359 4985 1594 5057 cmethouales
1612 4992 1649 5057 et
1666 5007 1737 5058 nna

189 5105 331 5176 taberna
357 5105 491 5177 babens
518 5125 630 5194 agros,
659 5103 701 5174 dc
730 5104 854 5194 quibus
881 5103 1059 5194 perceptio
1087 5102 1240 5175 decimae
1266 5105 1536 5194 diversificatum
1562 5128 1642 5176 nam
1668 5128 1736 5177 uno

191 5243 274 5297 anuo
301 5225 346 5296 dc
370 5230 450 5296 tota
476 5225 560 5296 uilla
594 5225 743 5316 percipit
777 5244 854 5295 eam
889 5223 1088 5314 praebenda
1115 5222 1355 5296 Gracovieusis
1381 5225 1588 5316 Zyrawslra‚
1624 5227 1737 5299 altero

190 5348 335 5436 percipit
372 5365 448 5416 earn
474 5345 692 5436 praebendas
719 5343 957 5416 cracoviensis
984 5345 1134 5434 vicaria,
1172 5366 1259 5434 quae
1286 5346 1414 5417 dicitur
1441 5347 1658 5437 Tbopolska‚
1694 5347 1738 5419 de

147 5557 152 5562 Ι
191 5465 360 5557 aliquibus
381 5472 495 5537 autem
514 5467 607 5556 agris
626 5466 775 5556 percipit
802 5487 877 5538 eam
904 5465 1103 5556 praebenda
1123 5463 1360 5538 Cracoviensis
1378 5467 1621 5539 Zakrzowska.
1649 5469 1737 5540 Item

191 5595 267 5659 suut
284 5588 322 5658 iu
341 5587 463 5658 eadem
489 5587 573 5658 villa
598 5587 698 5678 lanei,
726 5609 872 5677 quorum
889 5588 1087 5678 proprietas
1106 5587 1267 5689 pertinet!
1278 5588 1323 5659 ad
1341 5589 1590 5678 proprietatem
1609 5591 1739 5660 altaris,

289 5707 578 5798 Borauowrczrc
605 5708 687 5780 villa
714 5713 778 5784 sub
806 5712 971 5802 parocbia
997 5709 1041 5781 de
1069 5710 1283 5784 Skatrina
1309 5712 1392 5803 sita,
1418 5713 1516 5782 cuius
1542 5710 1739 5801 proprietas

289 5874 339 5916 hb.
354 5875 451 5916 Bcuctlo.
469 5877 498 5918 11.
843 5931 845 5936 Ι
1209 5876 1212 5881 ’
1539 5863 1574 5911 16
1663 5924 1668 5929 ¹
1797 5901 1801 5910 .
