4550 6600
1680 696 1688 703 ’
1743 729 1818 800 441

222 943 226 965 =
367 918 598 1011 Knmrrrczra
625 922 709 995 villa
735 907 799 995 sub
825 924 991 1015 parochia
1017 924 1060 997 de
1086 924 1445 1021 Olyeschnicza‚
1472 930 1570 1004 cuius
1596 933 1720 1005 haeres
1744 934 1818 1007 An-

260 1040 367 1113 dreas
393 1041 437 1113 de
463 1040 775 1136 Olyesznicza
814 1045 858 1117 de
874 1046 990 1119 armis
1017 1047 1250 1120 Dambno.'
1273 1049 1313 1121 In
1342 1049 1519 1141 quaeunt
1544 1053 1636 1125 lanei
1663 1057 1817 1130 cmetho·

260 1162 379 1254 males,
419 1163 462 1235 de
499 1165 623 1255 quibus
659 1166 808 1239 solvitur
834 1171 870 1238 et
896 1167 1101 1242 conducitur
1141 1168 1274 1241 decima
1308 1172 1534 1263 manipularis
1569 1181 1606 1247 et
1641 1178 1817 1269 cenapolis

260 1284 429 1359 ecclesiae
455 1285 490 1357 in
517 1284 874 1382 Olyeschnicza,
901 1296 938 1361 et
964 1290 1063 1363 valor
1089 1292 1164 1364 eius
1190 1292 1395 1365 aestimatur
1421 1294 1466 1366 ad
1493 1301 1643 1387 quatuor
1670 1320 1815 1372 marcas.
1883 1304 1886 1308 ’

937 1532 1158 1607 Sronnrczn.

366 1652 539 1746 Oppidum
566 1654 708 1746 regium,
735 1676 757 1725 a
783 1642 952 1729 Oasimiro
980 1656 1130 1729 secundo
1149 1656 1315 1730 Poloniae
1343 1679 1425 1749 rego
1450 1657 1642 1753 fundatum,
1682 1664 1718 1736 in
1746 1686 1814 1756 quo

216 1858 221 1867 Ι
261 1781 316 1847 est
343 1776 440 1849 curia
465 1776 580 1868 regia,
622 1796 724 1867 quem
759 1776 871 1848 locum
908 1777 982 1867 ipse
1010 1775 1199 1849 Oasimirus
1234 1799 1296 1851 rex
1334 1780 1503 1872 singulari
1537 1788 1815 1876 prosequebatur

261 1897 443 1969 charitate.
470 1896 510 1967 In
538 1918 606 1989 quo
634 1902 688 1969 est
714 1896 859 1969 ecclesia
885 1898 1110 1989 parochialis,
1138 1894 1275 1971 Sanctis
1303 1899 1481 1991 Apostolis
1508 1903 1613 1976 Petro
1641 1912 1678 1977 et
1703 1906 1816 1979 Paulo

262 2018 386 2109 dicata,
414 2039 516 2111 quam
543 2018 617 2109 ipse
645 2016 835 2091 Casimirus
862 2019 1033 2090 secundus
1047 2017 1213 2091 Poloniae
1230 2042 1293 2092 rex
1320 2021 1434 2112 lapide
1462 2025 1594 2115 quadro
1621 2025 1815 2118 fabricarit,

261 2146 297 2211 et
322 2121 436 2231 capite
462 2140 592 2212 Beatae
619 2138 754 2212 Mariae
781 2138 1029 2231 Maguaunaa
1057 2146 1203 2233 argento
1230 2146 1373 2234 omato‚
1400 2141 1617 2238 caeterisque
1647 2149 1813 2221 clenodiis

261 2262 407 2334 ornarit.
434 2260 540 2335 Cuius
567 2281 658 2333 nunc
683 2262 904 2355 praepositus
932 2266 968 2334 et
994 2267 1109 2334 rector
1135 2266 1190 2335 est
1203 2260 1386 2336 lohannes
1413 2266 1545 2357 primus
1572 2268 1616 2341 de
1642 2268 1814 2362 Orayow
1899 2238 1905 2243 ἱ

260 2383 386 2457 nobilis
413 2382 455 2454 de
483 2383 584 2456 domo
612 2381 871 2475 (lignorum.
897 2383 939 2453 In
967 2406 1033 2485 quo
1062 2383 1200 2476 quidem
1219 2385 1346 2477 oppido
1374 2392 1456 2459 sunt
1481 2388 1583 2480 lanei,
1609 2391 1693 2462 item
1711 2412 1813 2483 prae-

260 2506 353 2577 dium
380 2505 513 2596 regium
541 2504 752 2577 sufficientes
779 2494 882 2596 agros
909 2504 1056 2598 habene,
1083 2504 1127 2578 de
1154 2506 1279 2607 quibus
1307 2508 1467 2581 omnibus
1490 2510 1642 2584 solvitur
1668 2518 1705 2586 et
1731 2534 1813 2587 con-

260 2626 397 2699 ducitur
424 2625 557 2698 decima
583 2627 809 2717 manipularis
836 2625 873 2699 'et
900 2628 1075 2719 canapalis
1111 2649 1176 2720 pro
1202 2628 1510 2720 praeposituram
1537 2631 1812 2726 Stobuicra,

260 2749 357 2821 cuius
385 2748 481 2821 valor
495 2748 712 2831 ,aestimatur
739 2748 784 2820 ad
810 2748 956 2839 triginta
982 2770 1126 2821 marcas.
1152 2750 1240 2821 Item
1266 2751 1374 2823 habet
1399 2754 1619 2844 praepositus
1645 2757 1812 2849 speciales
1867 2766 1873 2773 ·

258 2891 363 2962 agros
390 2891 454 2962 pro
481 2890 544 2943 suo
571 2870 724 2961 praedio.
750 2870 839 2942 Item
867 2876 921 2943 est
947 2870 996 2942 ibi
1023 2872 1229 2944 suburbium
1253 2873 1317 2944 sub
1341 2872 1462 2975 eodem
1489 2875 1625 2967 oppido,
1652 2876 1697 2949 de
1713 2878 1812 2950 cuius

258 2994 352 3085 agris
380 2992 526 3065 solvitur
554 2992 686 3065 decima
712 3014 777 3085 pro
804 2993 1003 3085 praeposito
1031 2992 1067 3064 in
1095 2991 1367 3085 Stobnicza,
1402 2996 1501 3068 cuius
1527 2996 1626 3069 valor
1653 2998 1698 3071 ad
1725 3021 1810 3092 qua·
1958 3024 1960 3028 ·

258 3113 424 3207 draginta
446 3134 590 3186 marcas.
970 3192 975 3201 .

361 3232 597 3328 Bunudaozn
625 3236 708 3308 villa
733 3236 797 3309 sub
823 3236 989 3328 parochia
1015 3235 1059 3309 de
1086 3235 1339 3310 Stobnicza
1360 3237 1452 3329 ⁴sita,
1488 3239 1587 3313 cuius
1614 3242 1812 3333 proprietas

256 3359 302 3431 ad
330 3359 588 3431 serenissimum
614 3358 779 3436 Poloniae
805 3379 923 3451 regem
949 3359 1112 3450 pertinet.
1139 3358 1181 3431 In
1200 3379 1269 3450 qua
1286 3363 1368 3431 suut
1385 3361 1588 3453 octuaginta
1610 3363 1702 3434 lanei
1720 3385 1811 3436 cme-

255 3481 435 3572 thonales,
462 3481 505 3553 de
533 3481 656 3572 quibus
684 3481 842 3554 omnibus
880 3481 1028 3554 solvitur
1054 3468 1090 3554 et
1117 3481 1322 3554 conducitur
1355 3482 1488 3555 decima
1522 3484 1748 3576 manipularis
1775 3490 1812 3558 et

257 3603 432 3694 canapalis
458 3624 523 3694 pro
550 3603 751 3695 praeposito
778 3601 1024 3695 Stobniczensi‚
1052 3607 1088 3674 et
1110 3603 1209 3675 valor
1235 3603 1310 3675 eius
1337 3605 1543 3677 aestimatur
1570 3605 1614 3678 ad
1642 3607 1811 3699 quinqua-

255 3726 355 3816 ginta
381 3707 525 3796 marcas.
971 3791 976 3804 ,

362 3844 493 3918 Genua
519 3845 794 3936 Kurnmrrczn‚
827 3845 959 3918 ‘haeres
995 3842 1334 3936 Sroczlrowslry
1370 3844 1542 3918 dedomo
1577 3844 1810 3937 Kopaczo-
1954 3835 1957 3840 ’

256 3990 367 4062 wye,
401 3973 438 4041 et
463 3969 533 4040 ista
560 3967 643 4039 villa
666 3967 770 4039 etiam
807 3970 860 4039 est
887 3967 951 4039 sub
977 3967 1144 4058 parochia
1180 3965 1224 4038 de
1258 3964 1521 4038 Stobnicza.
1565 3967 1607 4038 In
1633 3987 1702 4058 qua
1727 3973 1810 4040 sunt

255 4091 348 4164 lanei
374 4091 634 4186 cmethonales„
666 4091 750 4161 item
778 4095 832 4162 est
858 4088 1038 4180 praedium
1065 4089 1218 4161 militare
1252 4089 1289 4159 in
1316 4088 1438 4161 eadem
1473 4087 1574 4180 villa,
1614 4087 1810 4181 dequibus

257 4214 415 4286 omnibus
443 4213 591 4287 solvitur
618 4217 654 4284 et
680 4210 885 4285 conducitur
920 4201 1053 4283 decima
1086 4207 1384 4302 manipularis'et
1411 4184 1586 4302 canapalis
1620 4232 1684 4303 pro
1710 4233 1811 4304 prae·

256 4336 371 4428 posito
398 4336 434 4406 in
461 4333 733 4424 Stobnicza,
761 4333 865 4404 cuius·
885 4333 983 4406 valor
1009 4333 1213 4405 aestimatur
1239 4331 1284 4404 ad
1310 4333 1456 4423 triginta
1481 4353 1629 4404 marcas.
1820 4353 1823 4357 ’

330 4455 617 4548 -Kurnmrrczr,
645 4455 726 4526 villa
753 4455 816 4527 sub
843 4453 1079 4546 parochia'de
1107 4453 1361 4527 Stobnicza
1388 4455 1464 4545 sita,
1491 4455 1588 4525 cuius
1614 4454 1811 4545 proprietas

256 4579 302 4652 cd
328 4579 586 4651 serenissimum
612 4575 778 4650 Poloniae
804 4597 922 4668 regem
957 4577 1120 4668 pertinet.
1153 4575 1205 4662 ¹ln
1233 4597 1302 4668 qua
1329 4581 1412 4647 sunt
1445 4574 1539 4647 lanei
1566 4574 1810 4666 emethonales,
1872 4631 1876 4636 ,

257 4701 300 4773 de
327 4701 451 4793 quibus
479 4700 638 4772 omnibus
675 4699 823 4772 solvitur
849 4703 885 4771 et
912 4699 1117 4771 conducitur
1153 4697 1288 4770 decima
1313 4695 1540 4788 manipularis
1571 4700 1608 4767 e't
1634 4695 1810 4787 canapalis

208 4855 213 4861 ·
256 4844 320 4915 pro
345 4822 547 4914 ,praeposito
575 4820 821 4911 Stobniczensi‚
849 4825 888 4891 et
913 4820 1010 4893 valor
1038 4813 1184 4891 eiusad
1209 4819 1357 4910 triginta
1381 4837 1517 4888 marcas
1544 4791 1760 4889 aestimatur.

266 4963 274 4970 ·
360 4943 507 5034 Marcu,
534 4933 619 5014 villa
645 4932 708 5014 sub
736 4941 903 5033 parochia
929 4940 972 5013 de
999 4939 1263 5013 Stobnicza.
1290 4939 1330 5009 In
1358 4957 1426 5030 qua
1452 4937 1621 5010 haeredes
1648 4943 1685 5009 et
1711 4937 1810 5009 nobi·

256 5067 307 5139 les
334 5066 376 5139 de
404 5065 505 5138 domo
546 5063 753 5156 Trzasky
793 5069 829 5135 et
855 5062 1109 5155 Ogonowye
1150 5082 1253 5153 agros
1281 5060 1515 5133 cmethonales
1542 5071 1730 5150 occupant,
1772 5063 1810 5130 et

256 5189 293 5260 iu
320 5188 370 5259 eis
398 5185 562 5278 resident
589 5191 626 5258 et
652 5186 792 5258 solvunt
819 5185 986 5257 decimam
1005 5184 1255 5275 manipularem
1282 5189 1319 5255 et
1346 5181 1545 5273 canapalem
1572 5201 1636 5272 pro
1662 5193 1810 5272 praepo-

169 5393 171 5397 ,
257 5310 324 5382 sito
351 5307 598 5398 Stobniczensi,
626 5313 662 5380 et
688 5307 787 5380 valor
813 5308 887 5379 eius
914 5307 1119 5402 aestimatur
1147 5306 1192 5378 ad
1218 5305 1344 5398 viginti
1369 5323 1513 5376 marcas.
1836 5385 1844 5394 ,

361 5430 587 5502 Muczuowa
614 5429 771 5520 Wourn,
799 5428 884 5501 villa
910 5429 974 5500 sub
1001 5423 1170 5519 parochia
1195 5427 1239 5498 de
1266 5426 1538 5515 Stobnicza‚
1566 5423 1664 5496 cuius
1686 5423 1811 5494 haeres

256 5551 434 5625 lohannes
462 5549 708 5623 Woischilr
734 5549 862 5623 nobilis
888 5548 932 5621 de
958 5547 1059 5621 domo
1086 5547 1311 5638 Powalya.
1337 5546 1390 5617 In'
1406 5567 1475 5637 qua
1501 5549 1583 5617 sunt
1609 5543 1703 5615 lanei
1721 5561 1812 5614 cmc-

256 5671 436 5763 thonales,
463 5671 506 5744 de
534 5673 658 5764 quibus
686 5671 834 5745 solvitur
860 5675 896 5743 et
917 5669 1127 5743 conducitur
1162 5668 1296 5741 decima
1322 5665 1548 5759 manipularis
1575 5670 1613 5738 et
1638 5663 1812 5756 canapalis

215 5885 225 5902 ,
286 5816 290 5828 ’
360 5839 563 5888 ruspensem
806 5817 808 5824 '
1041 5809 1046 5816 ⁸
1138 5876 1144 5888 ,
1608 5813 1645 5863 5⁶
