4550 6600
513 756 587 830 504

510 962 755 1055 omethonales,
794 962 839 1035 de
865 961 991 1055 quibus
1017 960 1164 1036 soluitur
1190 967 1227 1035 et
1254 962 1457 1039 conducitur
1483 964 1617 1039 decima
1642 964 1870 1059 manipularis
1898 970 1938 1039 et
1962 962 2060 1041 oana-

510 1084 609 1177 palis,
634 1104 699 1175 pro
725 1084 932 1157 scholastria
957 1082 1238 1177 Sandomiriensi,
1265 1087 1362 1159 cuius
1389 1086 1488 1159 valor
1515 1086 1725 1159 aestimatur
1741 1086 1787 1159 ad
1804 1086 1892 1159 duas
1919 1106 2060 1160 marcas

510 1204 600 1277 Item
625 1204 662 1277 in
690 1203 811 1278 eadem
837 1206 923 1278 ailla
948 1195 1029 1277 sunt
1054 1204 1122 1279 dud
1149 1207 1294 1298 praedia
1319 1204 1503 1299 militaria,
1532 1206 1575 1279 de
1603 1208 1729 1300 quibus
1755 1208 1906 1281 solatur
1934 1208 2063 1283 decim

512 1326 740 1419 manipularis
767 1326 932 1401 ccclesiae
957 1327 995 1399 in
1020 1327 1212 1402 Potbok.

1131 1448 1446 1525 anncnowrcnn.

548 1613 551 1617 -
614 1570 710 1643 Villa
734 1570 867 1643 babens
892 1569 1073 1642 ecclesiam
1098 1570 1333 1662 parochialem
1360 1573 1396 1644 in
1423 1592 1462 1645 se
1487 1573 1654 1664 ligneam,
1681 1571 1807 1645 Sancto
1826 1626 1945 1643 .....
1973 1574 2065 1645 dicr-

510 1698 592 1784 tam,
620 1692 717 1764 caios
743 1689 868 1764 haeres
892 1690 1383 1785 lohannestlzyzowsky
1409 1694 1453 1767 do
1480 1692 1587 1766 armis
1613 1692 1890 1785 Polukozye.
1927 1692 1970 1767 In
2000 1716 2067 1786 qua

510 1791 594 1887 sunt
627 1814 778 1905 quinque
807 1813 900 1885 lanei
934 1813 1185 1904 cmethonalea,
1221 1814 1416 1907 dequibus
1451 1814 1598 1888 eoldum
1625 1819 1661 1887 et
1687 1812 1894 1886 conducitur
1930 1816 2066 1889 decima

511 1933 737 2026 manipularis
763 1937 800 2006 et
814 1934 1001 2026 canapalis
1026 1952 1090 2024 pro
1116 1934 1323 2008 scholastico
1349 1934 1631 2025 Sandomiriensi,
1657 1934 1754 2007 cuins
1774 1934 1873 2008 valor
1900 1937 2067 2010 aestima-

439 2051 443 2057 ’
512 2060 572 2128 tur
598 2054 642 2127 ad
669 2074 731 2128 sex
756 2074 900 2128 marcas
939 2056 1029 2129 Item
1055 2061 1138 2129 sunt
1164 2057 1213 2129 ibi
1240 2054 1300 2129 alii
1325 2057 1427 2148 lanei,
1453 2056 1497 2129 de
1524 2057 1651 2149 quibus
1678 2056 1871 2129 decimatur
1898 2077 1966 2149 pro
1995 2060 2067 2149 epi-

481 2248 486 2259 ,
512 2195 616 2267 scopo
643 2173 873 2267 Oracorienai,
900 2177 997 2249 cuium
1015 2177 1113 2249 valor
1141 2176 1345 2251 aestimatur
1371 2176 1417 2250 ad
1434 2232 1442 2248 .
1461 2230 1469 2248 .
1488 2184 1495 2249 ζ
1514 2230 1548 2247 ..
1575 2177 1663 2249 Item
1690 2182 1773 2249 sunt
1797 2178 1847 2251 ibi
1874 2178 1937 2250 aiii
1965 2176 2066 2270 lanei,

513 2297 556 2369 de
584 2297 708 2389 quibus
734 2297 867 2370 docimo
893 2298 1041 2370 solvitur
1066 2302 1103 2370 ct
1130 2299 1335 2371 conducitur
1365 2318 1430 2391 pro
1457 2294 1664 2371 ecclesiast
1690 2298 1837 2390 plebano
1866 2300 1903 2371 in
1930 2299 2067 2373 Zdzo

513 2420 772 2512 cbonycze,
797 2419 958 2491 strator
985 2419 1059 2491 eins
1086 2420 1291 2522 aestimatur
1316 2418 1360 2492 ad
1379 2474 1387 2490 .
1406 2475 1413 2491 .
1432 2475 1439 2490 .
1458 2472 1467 2492 .
1485 2420 1574 2492 Item
1599 2422 1656 2492 est
1682 2420 1732 2493 ibi
1758 2420 1941 2511 praedium
1959 2442 2068 2493 unum

513 2531 681 2632 militare,
716 2542 803 2613 item
834 2542 905 2613 una
938 2540 1097 2614 scoltetia
1126 2540 1258 2615 habens
1294 2561 1417 2635 agros,
1451 2540 1646 2633 dequibus
1683 2541 1832 2614 soluitur
1868 2541 2068 2615 dccimain

513 2661 892 2753 Zdzechowycze.

1144 2778 1441 2856 Gosonraanorr.

618 2903 713 2977 Villa
737 2902 869 2977 habena
894 2902 1074 2977 molosiam
1100 2905 1335 2996 parochialem
1361 2906 1521 2997 ligneam,
1547 2902 1675 2977 Sancto
1701 2902 1855 2977 Johanni
1881 2903 2069 2996 Baptistae

513 3025 681 3117 matun,
720 3026 818 3099 cuius
845 3024 984 3098 collatio
1010 2998 1281 3118 adepiscopnm
1308 3024 1572 3099 Gracorionsem
1607 3026 1777 3119 pertinet,
1817 3026 1917 3125 enims
1944 3026 2070 3099 unicos

514 3152 593 3221 erat
617 3151 787 3240 patronus
822 3146 1062 3241 Troyanua
1098 3147 1142 3219 de
1169 3148 1275 3221 armis
1310 3146 1542 3239 Bogorya,
1582 3147 1660 3239 qui,
1699 3148 1781 3239 quia
1806 3167 1898 3219 anno
1926 3147 2070 3219 Domini

519 3268 628 3344 1456.
645 3268 831 3361 plebanum
856 3269 1035 3361 proprium
1057 3268 1200 3342 Petrum
1226 3266 1402 3363 (izarny
1427 3268 1472 3342 de
1496 3266 1666 3342 Radom
1693 3268 1828 3360 occidit,
1855 3270 1893 3342 et
1908 3268 1949 3340 in
1967 3266 2071 3342 ioeda

461 3471 464 3479 ,
514 3391 641 3483 palude
668 3390 852 3483 demersit,
888 3391 943 3464 ins
959 3394 1167 3482 patronatus
1194 3391 1326 3483 amisit,
1353 3396 1390 3464 et
1415 3389 1461 3463 od
1486 3389 1686 3482 episcopum
1720 3387 1991 3464 Gracouenaem
2028 3389 2072 3462 ab

380 3506 383 3512 ’
515 3511 575 3585 illo
600 3516 768 3604 tempore,
794 3513 858 3585 snb
885 3511 1090 3604 pontificatu
1126 3511 1278 3585 Thomae
1304 3511 1348 3584 de
1388 3509 1654 3603 Strampino
1690 3515 1744 3584 est
1770 3507 1986 3584 devolutum.
2030 3511 2072 3584 ln

515 3653 586 3706 una
611 3639 726 3740 antem
752 3639 853 3726 parte
878 3634 982 3707 villae
1008 3653 1131 3707 versus
1165 3633 1355 3725 Lublin,
1391 3637 1472 3706 sunt
1507 3634 1657 3725 quinque
1691 3631 1784 3704 lanei
1819 3633 2072 3724 cmetbonalea,

297 3733 303 3746 ¹
361 3815 364 3819 .
515 3755 661 3828 taberna
686 3755 830 3847 inclusa,
857 3755 900 3829 de
927 3755 1053 3848 quibus
1080 3755 1227 3828 solvitur
1254 3753 1387 3828 decima
1412 3753 1639 3846 manipularis
1665 3759 1702 3826 et
1728 3755 1905 3846 canapatis
1932 3753 2073 3828 schola·

515 3876 606 3950 stiae
642 3875 931 3968 Sandomirienei,
972 3883 1008 3948 et
1043 3876 1142 3950 valor
1177 3875 1252 3948 eius
1287 3876 1489 3950 aestimatur
1521 3859 1565 3946 'ad
1593 3879 1667 3948 tros
1692 3893 1846 3964 maroas;
1885 3875 1975 3948 item
2002 3876 2074 3948 alia

516 3997 630 4070 madia
655 4016 747 4088 pars,
773 3997 835 4070 aad
860 3998 971 4070 maior
997 3996 1110 4088 villae,
1136 3997 1173 4069 et
1198 3995 1378 4088 praedium
1404 3995 1542 4070 amcam
1570 3995 1737 4087 mititare,
1765 3995 1871 4068 solvit
1897 3995 2073 4068 decimam

516 4118 765 4209 manipularem
800 4117 966 4191 ecciesiae
1001 4119 1038 4190 in
1065 4115 1334 4210 Gosczyrad
1348 4139 1427 4209 ow,
1467 4122 1504 4190 et
1538 4116 1637 4190 valor
1671 4117 1747 4188 eius
1783 4117 1992 4189 aestimatur
2025 4117 2073 4189 ad

517 4239 669 4331 quinque
695 4259 840 4331 marcas3
866 4240 951 4312 item
977 4239 1085 4326 tertia
1110 4259 1193 4330 para
1220 4239 1324 4332 vittae
1341 4259 1463 4313 versus
1489 4237 1814 4330 Zawycboatb,
1841 4237 1947 4310 solvit
1974 4237 2072 4312 deci-

516 4380 607 4432 mam
633 4359 883 4451 manipularem
909 4361 1070 4452 episcopo
1097 4357 1326 4446 Oracoviensi.
1370 4345 1458 4431 Item
1481 4358 1531 4432 ibi
1557 4359 1726 4450 plebanus
1762 4357 1870 4431 habet
1904 4359 2072 4450 proprios

384 4574 391 4588 ,
481 4488 487 4498 “
518 4500 621 4575 agros
648 4485 684 4554 ct
709 4486 821 4574 prata,
847 4502 912 4574 pro
939 4502 1001 4554 suo
1027 4502 1094 4554 neu
1119 4486 1157 4554 at
1182 4480 1399 4554 necessitate.

1217 4721 1367 4795 Bonow.

439 4929 445 4936 ,
619 4846 715 4958 Villa
740 4846 871 4920 habens
898 4845 934 4916 in
962 4865 999 4918 sc
1025 4841 1261 4937 parochialem
1278 4841 1474 4932 ecclesiam,
1501 4840 1608 4914 fiham
1635 4839 1800 4920 ecclcsiae
1818 4837 1936 4912 Sancti
1964 4839 2075 4912 Mau·

514 4970 591 5042 'ritii
615 4969 653 5040 in
678 4966 1002 5059 Zawycbosth,
1038 4965 1177 5038 noviter
1202 4963 1399 5055 fundatam,
1425 4962 1552 5035 Sancto
1580 4960 1742 5034 Andreae
1769 4959 1940 5052 hetam,
1969 4962 2073 5033 cuins

516 5091 714 5183 proprietas
731 5089 769 5161 at
785 5089 840 5160 ina
858 5092 1065 5179 patronatus
1092 5086 1138 5158 ad
1164 5086 1377 5158 abbatissam
1405 5087 1442 5156 et
1469 5083 1748 5156 sanctimoniales
1766 5082 1886 5154 Sancti
1903 5079 2075 5155 Andreae

516 5213 553 5284 in
580 5210 808 5285 Gracoria
833 5209 996 5302 pertinet,
1023 5228 1127 5300 qaam
1153 5211 1298 5298 propter
1319 5185 1568 5278 exundationes
1593 5204 1776 5295 Vialac,
1803 5185 1973 5295 magister
1990 5201 2074 5275 bha-

451 5359 457 5366 ·
516 5335 641 5406 thaeus
666 5333 711 5405 dc
736 5331 945 5424 Odolyno
970 5331 1008 5401 in
1034 5330 1198 5402 Borow
1223 5313 1417 5420 transducti,
1444 5334 1481 5400 ct
1507 5325 1635 5399 Sancto
1654 5323 1817 5398 Andreae
1840 5324 1953 5396 dicari
1979 5307 2075 5398 obti-

517 5454 603 5550 nuit,
629 5454 726 5528 cuius
752 5452 934 5526 ecclesiam
960 5449 1141 5541 pulchram
1159 5469 1201 5522 ex
1217 5449 1313 5541 ligno
1339 5447 1432 5538 iecit3
1458 5448 1565 5522 babet
1591 5447 1641 5520 ibi
1667 5445 1812 5538 eccleua
1838 5447 1874 5517 et
1899 5445 2075 5536 plebanus

519 5574 669 5646 medinm
695 5575 833 5646 laneum
859 5574 1017 5663 liberum,
1043 5591 1120 5644 cum
1146 5571 1258 5662 pratis
1285 5570 1450 5642 donatum
1478 5590 1541 5660 por
1567 5567 1792 5642 Abbatlssam
1819 5571 1857 5638 et
1882 5568 2074 5639 sanctino

518 5695 628 5774 niuea
655 5695 699 5780 dc
725 5688 852 5781 Soneio
879 5692 1029 5779 Acuca
1073 5693 1114 5769 In
1141 5711 1210 5785 qna
1236 5696 1318 5765 aunt
1353 5697 1432 5766 octo
1458 5691 1551 5770 lanei
1576 5687 1830 5781 cmethoaates,
1860 5685 1913 5766 dc
1943 5687 2074 5783 quibus

1804 5973 2033 6306 *l
