4550 6600
1687 757 1760 850 aaa

219 1006 283 1077 quo
309 986 375 1056 etsi
409 984 478 1055 iam
510 983 639 1057 robora
673 1004 736 1074 per
763 980 1008 1073 negligentiam
1045 980 1201 1054 culturae
1229 988 1431 1072 creverant,
1469 1004 1534 1073 per
1559 985 1763 1059 modernum

218 1114 328 1177 tanen
355 1106 540 1197 plebanum
568 1105 798 1195 extirpantur,
826 1109 862 1175 et
887 1103 1095 1194 rediguntur
1122 1103 1166 1175 ad
1185 1103 1363 1174 culturam.
1389 1104 1479 1175 Item
1498 1106 1590 1177 cirea
1616 1107 1763 1179 eundem

219 1245 335 1316 agrum
362 1226 649 1317 Wangrzinow
673 1224 952 1297 habeteeelesia
978 1226 1014 1295 in
1041 1225 1322 1296 Raezlawieze
1348 1229 1488 1315 pratum
1514 1224 1670 1299 liberum.

316 1347 555 1439 hunuanus,
594 1347 678 1419 villa
713 1346 777 1433 sub
803 1346 969 1437 parochia
999 1344 1043 1418 de
1069 1346 1345 1418 Raczlawieze
1385 1347 1468 1437 sita,
1507 1349 1605 1421 euius
1640 1350 1763 1423 haeres

217 1468 395 1559 Philippus
422 1473 457 1539 et
482 1474 628 1559 nepotes
655 1469 723 1559 sui,
764 1467 936 1539 dedomo
964 1466 1373 1540 etfamiliaNalauez.
1415 1468 1458 1539 In
1486 1490 1554 1561 qua
1588 1476 1669 1543 sunt
1694 1473 1764 1545 duo
1838 1499 1841 1518 ¹

217 1590 305 1661 land
331 1590 575 1681 emethouales,
602 1590 685 1661 itam
711 1584 859 1676 taberna
885 1604 956 1661 una
981 1588 1113 1661 habens
1141 1608 1254 1680 agros,
1279 1589 1337 1660 de
1365 1590 1491 1680 quibus
1518 1592 1678 1665 omnibus
1705 1589 1780 1675 de?

219 1712 304 1783 eima
329 1711 557 1802 manipularis
584 1711 804 1801 integraliter
838 1712 986 1784 solvitur
1020 1730 1084 1801 pro
1111 1711 1257 1782 aeclesia
1283 1710 1320 1781 in
1346 1710 1632 1785 Raezlawieze.
1675 1714 1765 1807 Item

218 1838 297 1903 aunt
323 1832 374 1903 ibi
399 1831 543 1922 praedia
568 1832 752 1922 militaria,
785 1831 828 1903 de
855 1852 1000 1923 quorum
1028 1832 1123 1921 agris
1149 1832 1318 1903 medietas
1346 1831 1499 1904 decimae
1525 1836 1674 1908 solvitur
1701 1858 1766 1928 pro

140 2042 145 2045 ,
218 1954 362 2025 aeclesia
388 1956 424 2025 in
456 1948 748 2044 sommatore,
790 1959 826 2025 et
852 1954 1019 2026 medietas
1053 1962 1118 2043 pro
1145 1953 1291 2024 eeclesia
1325 1953 1361 2022 in
1397 1954 1570 2046 Byelini.
1615 1956 1702 2029 Item
1730 1959 1766 2029 in

218 2075 334 2147 eadent
360 2074 447 2147 uilla
472 2074 696 2166 Przeozyel
724 2079 778 2147 est
804 2094 909 2147 unum
937 2074 1085 2146 stadium
1114 2094 1286 2166 agrorum,
1313 2075 1349 2145 iu
1378 2096 1444 2165 quo
1471 2078 1603 2150 residet
1630 2081 1766 2152 emetha

220 2197 416 2289 Rybaltb,
443 2196 486 2268 de
514 2218 581 2288 quo
608 2196 801 2269 decimatur
829 2196 994 2268 ecelesiae
1021 2197 1057 2267 in
1084 2196 1372 2268 Raezlawieze.
1403 2196 1491 2268 item
1518 2205 1572 2270 est
1598 2199 1649 2271 ibi
1676 2200 1766 2272 aiter

219 2320 359 2409 campus
386 2338 588 2414 arnoyme,
628 2318 664 2390 in
691 2317 759 2389 fine
785 2318 890 2409 lanei,
930 2318 966 2389 in
995 2328 1062 2410 quo
1088 2318 1249 2390 Russek
1276 2318 1414 2390 emetbo
1440 2319 1586 2411 residet,
1627 2320 1766 2413 dequo

219 2441 320 2511 etiam
350 2458 414 2530 pro
441 2437 586 2510 ecelesia
612 2440 648 2509 in
674 2436 953 2511 Raezlawicze
981 2439 1181 2512 decimatur.

257 2584 269 2661 '.
320 2560 513 2651 Znszrezu‚
541 2560 624 2633 villa
651 2562 715 2632 sub
742 2561 908 2657 paroehla
934 2561 977 2632 de
1004 2561 1282 2633 Raczlawieze
1310 2561 1386 2656 sita.
1412 2561 1452 2632 In
1481 2582 1550 2652 qua
1572 2570 1654 2635 sunt
1680 2586 1769 2637 unus

220 2690 294 2755 tum
321 2662 437 2754 medio
463 2682 555 2753 lanei
582 2682 830 2773 emetbonales‚
869 2684 905 2753 in
933 2683 1056 2773 quibus
1083 2682 1239 2755 resident
1271 2682 1338 2753 duo
1366 2684 1580 2775 methonae,
1622 2707 1767 2776 quorum
1818 2663 1824 2685 ’

135 2804 139 2821 “
219 2805 365 2895 quilibet
390 2809 536 2877 vocatur
562 2802 798 2894 Wyeebecz,
839 2804 1033 2895 dequibus
1065 2804 1214 2876 solvitur
1245 2804 1379 2875 decima
1409 2805 1635 2895 manipularis
1661 2808 1769 2878 eecle-

220 2929 290 2999 siae
317 2928 356 2997 in
383 2925 671 2998 Raezlawieze.
697 2925 785 2998 Item
812 2932 867 2997 est
893 2926 942 2998 ibi
969 2947 1058 2998 rmus
1085 2926 1205 2997 laneus
1232 2924 1429 3017 praedialis,
1456 2926 1499 2996 de
1527 2948 1594 3017 quo
1621 2928 1791 3002 decima-¹

219 3056 279 3119 tur
304 3047 474 3119 ecelesiae
500 3047 537 3117 in
564 3046 889 3119 Raezlawicze.
929 3046 1016 3118 Item
1034 3044 1086 3117 'de
1114 3046 1191 3117 aliis
1218 3047 1312 3137 agris
1340 3046 1772 3140 emothonalibus,taber-

144 3160 149 3165 ’
218 3174 381 3241 uotorum
399 3173 435 3239 et
452 3166 682 3259 praediorum,
697 3167 857 3241 solvitur
875 3167 1008 3240 decima
1024 3168 1251 3262 manipularis
1268 3188 1332 3258 pro
1351 3168 1497 3239 ecclesia
1522 3168 1559 3239 in
1586 3156 1769 3263 Byelini'‚
1794 3147 1806 3156 ⁶

221 3296 299 3382 post
315 3296 393 3363 tres
419 3288 580 3363 videlieet
606 3288 726 3363 laneos
753 3290 994 3363 emethonalea
1533 3385 1550 3394 „
1728 3277 1734 3289 ⁸

323 3411 587 3503 Poneaouzrr„
614 3412 697 3484 uilla
716 3411 780 3484 sub
798 3412 964 3504 parocbia
982 3411 1024 3482 de
1042 3411 1317 3483 Raezlawicze
1345 3415 1421 3504 sita,
1442 3415 1539 3485 euius
1556 3411 1726 3488 haeredes
1728 3470 1773 3485 .....

222 3533 265 3608 de
291 3536 400 3606 armis
426 3533 615 3624 Ossorya.
641 3533 682 3604 In
701 3555 769 3624 qua
787 3539 868 3605 sunt
893 3532 986 3603 lanei
1014 3532 1255 3623 emethouales
1282 3533 1365 3603 item
1387 3535 1564 3625 tabernae,
1589 3534 1674 3605 item
1692 3535 1776 3607 bor·
1807 3587 1811 3593 -

221 3657 387 3747 tulaniae,
414 3655 457 3727 de
475 3656 609 3747 -quibus
637 3655 793 3726 omnibus
821 3654 969 3726 solvitur
996 3659 1032 3724 et
1059 3653 1264 3724 conducitur
1291 3653 1423 3723 decima
1450 3649 1775 3744 manipularis

221 3777 311 3850 Item
339 3783 395 3849 est
419 3778 469 3848 ibi
495 3777 675 3868 praedium
702 3776 861 3864 militare,
888 3773 931 3844 de
960 3773 1056 3844 cuius
1085 3775 1178 3863 agris
1198 3774 1356 3845 omnibus
1379 3774 1524 3847 solvitur
1552 3774 1685 3847 decIma
1704 3796 1783 3847 ma·

222 3899 395 3992 nipularis
422 3899 458 3970 in
485 3898 768 3985 Raezlapieze.
808 3931 809 3945 κ
1761 3955 1782 3982 ,.

329 4020 446 4094 Villae
471 4019 701 4112 parochiales:
741 4017 1030 4108 Raezlawieze‚
1071 4016 1308 4109 Przedzyel‚
1349 4013 1555 4109 Zostie'za
1595 4017 1773 4108 Podgro·
1865 4110 1870 4120 .

225 4137 342 4235 days,
367 4142 576 4216 Zarzeeze.
1564 4153 1569 4162 ’

916 4259 1094 4334 Bruurnr.
1491 4351 1501 4372 l
1704 4346 1708 4351 ¹

331 4383 428 4462 Villa
453 4387 584 4462 babens
612 4389 648 4459 in
675 4405 713 4459 se
739 4385 919 4458 ecelesiam
955 4382 1191 4475 parochialem
1227 4383 1392 4473 ligneam,
1433 4381 1558 4453 Sancto
1586 4381 1778 4453 Adalberto

227 4514 388 4604 dicatam,
416 4531 518 4605 quam
545 4516 580 4582 et
606 4510 775 4581 hactenus
801 4508 894 4596 regit
910 4512 947 4578 et
963 4506 1135 4596 gubemat
1162 4501 1358 4595 Kyeleius
1384 4503 1562 4594 plebanus,
1589 4502 1716 4573 nobilis
1734 4503 1778 4574 de

228 4635 332 4706 domo
359 4633 574 4723 Habdank,
602 4631 698 4702 euius
724 4630 849 4700 haeres
875 4627 1054 4700 Iohannes
1075 4631 1116 4698 et
1142 4624 1336 4696 Kel'equs
1363 4622 1711 4714 Jugosenorvszky
1737 4623 1781 4696 de

229 4756 337 4828 annis
363 4753 577 4826 Habdanh.
603 4752 644 4823 In
672 4769 740 4842 qua
766 4755 848 4822 sunt
874 4754 1006 4838 septem
1033 4747 1125 4819 lanei
1153 4745 1394 4834 emetbonales‚
1421 4746 1506 4816 item
1527 4765 1598 4816 uua
1624 4746 1779 4836 taberna,
1800 4746 1805 4761 ‘

228 4871 315 4948 item
342 4875 560 4947 hortulaniae
586 4893 655 4945 non
682 4878 773 4962 sunt,
800 4873 882 4942 item
909 4889 1014 4941 arnum
1041 4867 1221 4958 praedium
1248 4867 1415 4957 militare,
1451 4865 1646 4957 dequibus
1673 4867 1782 4938 omui-

229 5000 296 5072 bus
325 4997 471 5070 solvitur
498 5001 534 5068 et
559 4995 763 5068 conducitur
798 4993 931 5063 decima
957 4989 1183 5079 manipularis
1210 4994 1246 5060 et
1271 4987 1447 5078 eauapali's
1483 5007 1548 5078 pro
1574 4969 1721 5060 eeclesia
1747 4989 1782 5058 in

154 5172 158 5178 ,
231 5117 449 5212 Byelyn'i‚
477 5124 512 5190 et
538 5118 635 5190 valor
662 5100 966 5188 eius'aestimatm
993 5110 1037 5183 ad
1057 5165 1171 5181 .....
1197 5110 1286 5182 Item
1312 5110 1361 5182 ibi
1384 5109 1530 5182 ecelesia
1555 5115 1592 5181 et
1617 5109 1784 5199 plebanus

231 5242 365 5314 babent
391 5259 495 5331 agros
521 5205 584 5331 pro
603 5237 747 5330 praedio
775 5235 992 5323 sufficienter,
1020 5239 1057 5303 et
1074 5237 1188 5322 prata3
1215 5233 1298 5302 item
1324 5251 1414 5302 unus
1442 5250 1546 5302 arvus
1565 5249 1626 5302 seu
1644 5249 1785 5322 campus

218 5371 343 5454 'penes
368 5362 509 5435 fluvium
536 5361 671 5450 Suari,
698 5357 760 5429 sed
786 5377 855 5428 non
881 5349 1038 5445 magnus,
1065 5355 1149 5424 item
1174 5354 1246 5424 tria
1272 5358 1375 5443 prata
1400 5353 1436 5421 in
1464 5350 1786 5443 Szyedliszlra‚

235 5505 278 5556 ex
306 5485 442 5576 quibus
456 5504 561 5555 unum
588 5463 728 5573 pratum
755 5480 791 5552 in
818 5477 965 5567 Lawy,
996 5475 1093 5546 item
1120 5473 1228 5559 habet
1254 5477 1415 5564 quartum
1441 5477 1581 5563 pratum
1608 5453 1645 5544 in
1671 5472 1786 5544 Szan

235 5627 489 5698 praerosa,
529 5605 612 5676 item
638 5607 719 5694 post
745 5601 859 5672 Szau
882 5575 1035 5670 'fluvium
1064 5596 1220 5687 quintum
1246 5599 1384 5685 pratum
1410 5595 1447 5664 iu
1473 5593 1787 5666 Strozowieze

234 5727 395 5824 lanky3
431 5730 515 5800 item
540 5726 647 5798 babet
671 5725 854 5805 tabernam
880 5719 918 5792 in
945 5718 1157 5810 Byelini,
1191 5716 1234 5787 de
1261 5737 1330 5810 qua
1357 5717 1424 5788 sibi
1450 5737 1515 5808 pro
1541 5737 1648 5790 censu
1674 5737 1789 5789 annuo
