4550 6600
1703 744 1777 817 369

226 936 269 1009 ad
287 988 453 1009 .......
480 936 570 1014 Item
597 939 652 1010 est
676 938 727 1010 ibi
753 938 934 1047 praedium
960 940 1100 1013 unicum
1126 943 1288 1037 militare,
1313 945 1358 1018 de
1384 947 1483 1021 cuius
1508 949 1604 1041 agris
1630 951 1778 1027 solvitur

223 1058 354 1131 decima
379 1060 605 1150 manipularis
632 1082 696 1153 pro
725 1062 871 1135 ecclesia
897 1063 933 1135 in
960 1061 1166 1138 Wrzani.

324 1181 684 1274 Busrnznrowrezn,
712 1184 796 1256 uilla
811 1172 1063 1277 suh'parocbia
1080 1186 1123 1258 de
1151 1186 1444 1263 Chrobrzani
1470 1192 1548 1283 sita,
1576 1195 1674 1268 cuius
1692 1196 1775 1269 hac-

222 1322 278 1377 res
303 1300 455 1376 Jacobns
487 1303 786 1400 Lypniczsky
821 1308 948 1380 nobilis
975 1308 1018 1381 de
1046 1310 1153 1383 annis
1187 1310 1211 1383 J
1220 1312 1369 1383 anina.
1412 1313 1454 1385 In
1481 1335 1550 1405 qna
1574 1322 1658 1389 sunt
1683 1318 1776 1391 lanei

222 1425 463 1516 emethonales,
490 1426 574 1498 item
601 1428 777 1519 tabernac,
805 1429 891 1501 item
917 1430 1148 1522 hortrrlaniae,
1174 1432 1218 1505 de
1236 1433 1362 1524 quibus
1380 1435 1539 1509 omnibns
1565 1438 1713 1511 solvitur
1739 1447 1776 1513 et

221 1544 423 1619 conducitur
450 1546 583 1619 decima
610 1550 837 1640 manipularis
863 1555 901 1623 et
927 1552 1101 1643 canapalis
1132 1574 1198 1644 pro
1225 1554 1370 1627 ecclesia
1395 1554 1432 1627 in
1459 1554 1774 1652 Chrobrzani,

150 1660 153 1667 ’
220 1672 255 1739 61
280 1668 380 1740 valor
406 1669 481 1741 eius
509 1670 715 1743 aestimatur
741 1672 786 1744 ad
805 1726 972 1744 .......
999 1674 1087 1747 Item
1114 1681 1169 1749 cat
1194 1676 1244 1749 ibi
1270 1675 1450 1768 praedium
1477 1700 1584 1753 unum
1611 1682 1773 1775 militare,

221 1790 357 1901 dequo
385 1791 577 1865 decimatur
604 1794 770 1867 ecclcsiae
796 1794 834 1867 in
861 1794 1062 1869 Wrzawi.

322 1912 436 1985 Villae
454 1915 679 2005 parochiales:
698 1916 909 2009 Wrzawi,
929 1916 1333 2012 Goczalkowicze,
1360 1921 1622 2018 Szadowye,
1650 1924 1773 2018 Glyn-

187 2060 189 2068 ¹
220 2035 321 2126 nyk,
349 2034 639 2129 Oczyrchow,
665 2038 1014 2132 Byalkowicze,
1042 2040 1369 2136 Strachoczin,
1396 2044 1563 2119 Zabno.

320 2157 411 2231 Item
437 2160 610 2233 habentur
635 2161 820 2254 privilegia
845 2182 950 2255 super
976 2163 1121 2255 praedio
1148 2164 1187 2237 in
1213 2162 1446 2259 Glynnyh,
1473 2168 1602 2241 ibidem
1631 2170 1669 2242 in
1696 2173 1780 2285 the-⁶
1925 2252 1932 2263 ,

220 2298 321 2353 samo
349 2280 524 2355 ccclesiae.

890 2406 1095 2481 Rnnrzow.

317 2523 414 2599 Villa
439 2526 571 2601 hahens
598 2527 635 2599 in
662 2548 701 2600 se
727 2526 907 2627 ecelesiam
933 2529 1184 2621 parochialem,
1210 2528 1361 2604 Sanctae
1387 2529 1524 2605 Mariae
1550 2530 1690 2624 Virgini
1716 2533 1768 2607 di-

215 2652 341 2739 catam,
380 2648 539 2721 ultimam
573 2649 610 2721 in
637 2648 707 2722 fine
741 2636 910 2723 dioecesis
947 2648 1206 2743 Oraooviensis,
1246 2658 1284 2725 et
1314 2652 1466 2725 dioecesi
1501 2653 1770 2747 Przcmysliensi

216 2770 413 2843 immediate
442 2773 742 2845 conterminatam.
769 2770 876 2845 Gaius
902 2774 1100 2864 proprietas
1116 2774 1165 2845 ad
1183 2774 1441 2847 serenissimum
1467 2774 1634 2849 Poloniac
1651 2796 1770 2869 regern

217 2893 386 2983 pertinet,
429 2894 525 2967 cuius
562 2894 730 2986 plebanus
757 2894 922 2967 Nicolaus
954 2894 1136 2985 sacerdos,
1178 2896 1238 2988 qni
1263 2897 1374 2970 babet
1405 2896 1492 2969 duas
1528 2893 1768 2971 antummodo

218 3014 315 3087 villas
334 3016 400 3088 snb
419 3036 483 3089 sua
500 3016 674 3107 parochia,
693 3017 863 3091 videlicet:
890 3014 1129 3109 Ramyz'ow
1155 3022 1193 3089 et
1209 3018 1572 3111 Ramyzowszka
1597 3019 1761 3111 Wolya

218 3138 311 3208 cuins
338 3137 602 3229 iuspatronatus
629 3140 674 3213 ad
699 3158 817 3230 regem
843 3138 1009 3213 Poloniac
1035 3139 1199 3230 pertinet,
1227 3140 1287 3231 qni
1312 3140 1421 3213 habet
1440 3145 1638 3231 'proventus
1664 3140 1769 3214 inira-

218 3260 375 3352 scriptos:
403 3264 438 3332 et
464 3261 587 3353 primo,
614 3262 719 3334 habet
745 3280 849 3353 agros
876 3262 1003 3335 multos
1024 3266 1059 3334 ot
1076 3266 1180 3354 prata
1205 3246 1270 3354 pro
1297 3262 1441 3354 praedio
1468 3282 1531 3336 auo
1557 3262 1697 3355 liberos,
1724 3264 1768 3337 de

215 3383 339 3473 quibas
369 3382 462 3455 aolus
489 3383 584 3455 tollit
609 3383 786 3473 decimam;
813 3385 897 3456 item
914 3385 1021 3456 habet
1038 3384 1274 3457 molendinum
1291 3385 1327 3456 in
1345 3384 1481 3477 piscina
1506 3405 1615 3477 prope
1640 3385 1768 3477 uillam,
1879 3365 1888 3374 ⁵

142 3499 147 3506 '
215 3505 249 3577 in
275 3525 344 3597 qno
373 3525 489 3578 secum
516 3505 630 3578 nullus
656 3507 863 3598 participat,
899 3512 936 3579 et
962 3506 1066 3579 solvit
1091 3526 1156 3598 pro
1184 3506 1340 3597 quolibet
1378 3527 1468 3579 anno
1495 3507 1539 3580 de
1567 3528 1672 3580 censu
1698 3511 1771 3601 plc-

215 3627 303 3699 hano
330 3632 406 3699 tres
432 3647 579 3718 marcas
605 3629 690 3700 item
716 3629 823 3702 babet
849 3628 991 3700 borram
1017 3647 1094 3700 cum
1121 3627 1303 3700 melliliciis
1330 3628 1431 3702 honis
1457 3633 1495 3701 et
1521 3629 1646 3720 largis3
1682 3631 1767 3704 item

214 3749 328 3821 hahet
345 3749 382 3821 in
409 3749 529 3822 eadem
548 3749 630 3822 villa
648 3771 750 3823 unam
777 3750 968 3841 tabernam,
995 3750 1182 3822 habentem
1208 3769 1320 3840 agros,
1349 3770 1440 3839 quac
1466 3750 1572 3822 solvit
1587 3752 1765 3824 ecclcsiae

214 3875 249 3943 et
274 3871 425 3962 plebano
443 3891 595 3944 marcam
614 3892 691 3946 cum
717 3870 839 3944 media.
866 3871 955 3944 Item
973 3872 1079 3956 habet
1097 3871 1265 3943 decimam
1283 3870 1533 3962 manipularem
1560 3872 1596 3942 in
1623 3871 1768 3946 Rami-

214 4013 301 4066 zow
326 3998 409 4086 post
435 4013 553 4068 omnes
580 3995 794 4084 emethones3
820 3995 857 4065 in
885 4013 953 4086 qua
978 4014 1048 4066 non
1067 3993 1267 4066 suntlanci
1293 3992 1537 4083 emethonales,
1564 3992 1626 4064 scd
1643 4015 1768 4066 novem
1861 4070 1870 4077 ,

214 4115 435 4190 hortulaniac
461 4117 630 4190 habentes
658 4137 780 4208 agros,
818 4119 855 4188 ct
880 4121 1045 4189 tenentur
1072 4135 1149 4188 eam
1175 4114 1340 4188 inducero
1367 4113 1519 4206 propriis
1546 4115 1706 4188 curribus
1732 4117 1768 4188 in

214 4237 376 4310 horreum
404 4238 561 4329 plebani,
589 4243 626 4312 et
652 4239 750 4311 valor
776 4237 851 4310 eius
879 4239 1084 4312 aestimatur
1111 4238 1157 4310 ad
1184 4237 1269 4310 duas
1295 4257 1440 4310 marcas.
1484 4237 1572 4309 Item
1600 4237 1768 4310 decimam

214 4361 336 4451 canopi
363 4360 456 4433 tollit
481 4381 545 4452 pro
572 4382 609 4454 se
636 4361 814 4453 plebanus.
859 4360 1043 4433 Sciendum
1070 4364 1205 4450 autem,
1241 4359 1334 4451 quod
1360 4379 1424 4450 pro
1451 4357 1610 4450 praelata
1635 4359 1769 4432 decima

214 4483 249 4554 in
274 4483 500 4556 Ramizow
525 4481 765 4557 Graccviensis
793 4483 974 4575 episcopus
1001 4481 1181 4554 contendit
1207 4500 1284 4553 cnm
1310 4481 1458 4571 plebano
1486 4480 1529 4553 dc
1555 4480 1775 4573 Ramizow,

215 4611 250 4677 et
276 4611 424 4697 uterquc
451 4605 577 4678 asserit
602 4606 698 4678 illam
716 4605 760 4677 ad
779 4625 816 4678 se
834 4604 877 4677 de
895 4605 971 4678 iure
998 4605 1184 4696 pertinere,
1211 4603 1381 4696 plebanus
1407 4602 1547 4695 quidem
1573 4604 1650 4675 iure
1667 4623 1769 4695 paro-

215 4727 327 4819 chiali,
354 4729 537 4819 episcopus
566 4748 660 4819 vero,
688 4727 781 4819 quod
807 4727 891 4799 villa
915 4727 992 4818 ipsa
1019 4728 1055 4798 in
1083 4727 1192 4798 cruda
1218 4726 1336 4799 radice
1362 4725 1476 4798 locata
1502 4725 1558 4798 sit
1794 4805 1800 4811 ,

318 4850 609 4923 Rnnrzowszun
635 4849 794 4940 Wonun,
822 4850 905 4921 villa
923 4850 987 4922 sub
1005 4847 1172 4940 parochia
1189 4847 1355 4920 ccclesiae
1378 4846 1422 4918 de
1447 4846 1674 4918 Ramizou
1691 4846 1771 4937 sita,
1846 4831 1848 4836 ’

216 4971 311 5044 euius
337 4973 535 5065 proprietas
563 4973 608 5044 ad
636 4972 894 5044 serenissimum
912 4970 1078 5044 Poloniac
1105 4990 1223 5061 regern
1249 4969 1412 5061 pertinet.
1439 4968 1479 5039 lu
1497 4989 1567 5059 qua
1584 4973 1667 5041 sunt
1685 4989 1769 5059 qna-

215 5091 377 5185 draginta
402 5095 495 5167 lanei
522 5094 765 5185 emethonales,
793 5097 829 5166 et
855 5093 1001 5184 quilibet
1019 5092 1124 5166 solvit
1150 5091 1317 5166 ecclesiae
1343 5089 1536 5182 parochiali
1562 5091 1599 5162 in
1625 5089 1769 5162 Rami-

215 5237 301 5289 zou
328 5216 416 5289 duos
443 5217 568 5290 choros
595 5216 743 5307 siliginis
762 5221 797 5288 et
814 5215 901 5287 duos
920 5235 1060 5287 avenae.
1085 5215 1175 5286 Item
1192 5215 1300 5286 habet
1317 5212 1367 5285 ibi
1384 5212 1551 5304 plebanus
1569 5215 1605 5283 ct
1621 5211 1768 5284 ecclesia

214 5337 250 5408 in
275 5337 505 5410 Ramizow
530 5337 585 5410 ius
613 5342 649 5410 ct
674 5337 874 5410 facultatem
902 5335 1101 5428 extirpandi
1128 5357 1193 5427 pro
1212 5355 1249 5408 se
1273 5339 1424 5426 quatuor
1450 5333 1593 5424 laneos,
1606 5333 1642 5403 in
1660 5331 1768 5404 cruda
1896 5355 1900 5363 ·

215 5457 332 5532 radice
358 5457 506 5550 liberos,
544 5447 675 5551 absque
712 5459 804 5530 omni
830 5478 935 5531 censu
962 5463 998 5531 et
1025 5477 1130 5530 onere
1167 5477 1230 5548 per
1256 5457 1370 5548 ipsum
1396 5452 1634 5547 possidendos.
1677 5453 1766 5540 Item
1804 5468 1840 5558 Ἰ

215 5581 330 5652 estin
357 5581 477 5654 eadem
504 5582 589 5654 ville
616 5582 786 5672 scultetis,
813 5581 946 5654 habens
973 5580 1091 5652 laneos
1119 5579 1259 5669 liberos,
1286 5583 1365 5669 post
1392 5597 1539 5669 quornm
1565 5595 1669 5667 agros
1696 5575 1765 5648 sol-
1856 5588 1860 5602 ¹

171 5809 178 5816 ἱ
215 5703 308 5776 uitur
333 5702 465 5778 decima
491 5704 717 5797 manipularis
744 5701 908 5778 ecclesiae
934 5701 1128 5795 parochiali
1157 5701 1291 5774 eteius
1318 5699 1467 5791 plebano
1495 5699 1531 5770 in
1557 5697 1770 5772 Ramiaow·
1805 5781 1810 5788 ¹

317 5871 475 5918 monnone.
490 5872 523 5914 n.
1562 5849 1598 5896 ⁴²⁷
