4550 6600
1572 819 1576 825 -
1667 771 1740 843 2ῖ9

292 978 513 1066 erurozn,
542 978 625 1048 villa
641 979 705 1049 sub
723 977 888 1067 parochia
906 977 1069 1048 ec‘clesiae
1097 976 1141 1047 de
1168 978 1406 1069 Brzysska
1431 978 1518 1067 sita,
1545 978 1643 1051 ouius
1660 1000 1742 1069 pro·
1787 1016 1793 1031 ι

189 1100 319 1217 prietas
356 1099 399 1169 ad
427 1099 674 1170 monasterium
710 1104 746 1169 et
772 1100 932 1171 abbatem
969 1098 1239 1189 Thyncziensem
1276 1099 1437 1188 pertinet.
1478 1099 1519 1170 Iu
1556 1121 1625 1190 qua
1661 1106 1742 1171 sunt

189 1220 279 1290 lanei
307 1220 555 1309 cmethonales,
592 1220 634 1291 de
663 1220 787 1310 quibus
823 1220 970 1292 solvitur
1002 1219 1146 1295 decima·
1161 1220 1386 1310 manipularis
1413 1225 1449 1291 et
1476 1220 1650 1311 canapalis
1678 1242 1741 1311 pro

193 1341 404 1413 monasterio
432 1340 678 1433 Thyncziensi,
706 1341 802 1413 cuius
821 1341 919 1414 valor
939 1396 1051 1411 .....
1078 1342 1162 1412 item
1180 1346 1235 1411 est
1261 1341 1423 1412 scoltetia
1448 1342 1484 1411 iu
1503 1341 1621 1412 eadem
1649 1342 1741 1432 uilla,

190 1462 319 1533 habens
347 1482 459 1551 agros,
488 1462 681 1552 dequibus
709 1462 857 1533 decimat
883 1463 1029 1552 plebano
1058 1468 1093 1533 et
1121 1462 1287 1534 ecclesiae
1313 1462 1349 1533 in
1376 1462 1621 1553 Brzysska.

293 1582 506 1673 Cuoonun,
543 1583 625 1654 villa
662 1584 725 1655 sub
753 1583 918 1673 parochia
953 1584 995 1655 de
1023 1584 1262 1674 Brzysska
1288 1584 1376 1674 sita,
1412 1584 1508 1655 cuins
1545 1584 1742 1675 proprietas

192 1702 233 1775 ad
260 1705 510 1775 nionasterium
547 1710 582 1775 et
617 1704 778 1775 abbatem
813 1703 1084 1797 Thynoziensem
1120 1705 1282 1795 pertinet.
1331 1706 1372 1775 In
1409 1726 1477 1795 qua
1512 1705 1555 1776 do
1590 1706 1741 1795 quinque

193 1826 282 1915 agris
311 1826 386 1897 sive
413 1826 522 1896 laneis
550 1825 740 1897 decimatur
775 1824 941 1898 ecclesiae
968 1827 1004 1896 in
1031 1826 1282 1917 Brzysska,
1316 1827 1359 1897 dc
1384 1827 1498 1898 tribus
1524 1848 1607 1899 vero
1635 1827 1742 1897 eccle-

192 1947 260 2017 siae
287 1947 322 2017 iu
351 1946 623 2019 Golaczicze
650 1948 843 2038 manipulo,
871 1952 907 2018 el
924 1948 1021 2018 valor
1039 1947 1192 2018 decimae
1218 1948 1254 2017 in
1281 1948 1517 2038 Brzysslra
1536 1949 1742 2020 aestimatur

194 2068 234 2139 ad
261 2068 415 2159 quinque
442 2088 587 2159 marcae,
615 2068 766 2141 decimae
794 2088 876 2139 vero
904 2068 940 2139 in
968 2067 1247 2160 Golaczycze
1275 2069 1318 2141 ad
1345 2075 1418 2141 tres
1445 2090 1587 2141 marcas.

292 2189 548 2261 Dnnranoumn
574 2190 660 2261 alias
686 2189 925 2279 Dnnmuown,
952 2190 1036 2260 villa
1053 2191 1116 2261 sub
1145 2190 1310 2279 parocbia
1336 2190 1379 2261 de
1406 2191 1641 2281 Brzysska
1666 2192 1768 2291 sita,

193 2310 285 2382 cuius
311 2312 511 2400 proprietas
548 2311 592 2381 ad
620 2312 866 2382 monasterium
901 2310 1122 2402 Thynczensc
1158 2312 1320 2401 pertinet.
1361 2312 1401 2382 ln
1430 2333 1500 2402 qua
1536 2318 1617 2383 sunt
1651 2312 1744 2383 lanei

195 2432 444 2521 emethonales,
481 2432 523 2502 de
551 2433 675 2522 quibus
703 2433 850 2504 solvitur
877 2436 911 2503 et
938 2432 1142 2504 conducitur
1170 2432 1304 2504 decima
1330 2433 1555 2523 manipularis
1582 2438 1618 2504 et
1644 2454 1745 2505 cana-
1819 2498 1823 2505 ,

195 2552 278 2643 palis
304 2574 372 2643 pro
391 2553 600 2625 monasterio
619 2552 843 2649 Thynczensi.
883 2554 972 2626 Item
999 2554 1158 2625 scoltetia
1183 2559 1239 2625 est
1265 2554 1328 2644 ibi,
1355 2555 1486 2627 habens
1513 2554 1600 2627 duos
1618 2556 1745 2646 laneos,

195 2680 230 2747 et
253 2673 360 2747 solvit
386 2694 450 2765 pro
478 2674 610 2746 decima
636 2696 742 2747 unum
768 2674 936 2749 fertonem
963 2675 1109 2765 plebano
1137 2676 1174 2746 in
1201 2676 1421 2766 Brzyslra.

844 2897 1089 2971 Konnczrczn.

295 3037 470 3130 Oppidum
497 3038 628 3109 liabens
660 3037 696 3109 in
724 3059 761 3109 se
787 3038 1020 3129 parochialem
1047 3038 1241 3128 ecclesiam,
1268 3038 1418 3110 Sanctae
1445 3038 1579 3110 Mariae
1608 3039 1747 3130 Virgini
1842 3046 1846 3051 ’

197 3160 363 3251 gloriosae
392 3160 552 3251 dicatam,
580 3160 677 3231 cuius
704 3159 900 3250 proprietas
927 3164 963 3231 et
979 3160 1034 3231 ius
1061 3164 1267 3249 patronatus
1281 3160 1326 3230 ad
1344 3160 1590 3231 monasterinm
1617 3159 1746 3251 Thyni-

199 3282 326 3355 cziense
353 3282 525 3374 pertinet,
561 3282 657 3354 cuius
683 3281 851 3372 plebanus
886 3302 949 3373 pro
977 3303 1068 3354 nunc
1094 3280 1255 3353 Andreas
1282 3281 1325 3353 de
1352 3281 1659 3372 Kolaczycze,
1687 3282 1746 3372 qui

199 3425 257 3495 pro
283 3405 365 3476 dote
393 3426 457 3476 sua
484 3405 589 3476 babet
615 3422 719 3494 agros
746 3404 855 3475 bonos
882 3408 920 3475 et
936 3410 1056 3494 prata:
1084 3403 1167 3474 item
1194 3409 1249 3475 est
1276 3403 1313 3473 in
1341 3403 1461 3474 eodem
1488 3404 1615 3494 oppido
1642 3403 1747 3474 advo-

201 3528 302 3618 cotia,¹
328 3527 461 3598 habens
489 3526 575 3597 duos
602 3525 719 3597 laneos
746 3547 926 3616 agrorum,
963 3525 1005 3596 de
1033 3525 1158 3616 quibus
1186 3525 1333 3598 solvitur
1360 3526 1492 3596 decima
1519 3525 1683 3596 ecclesiae
1709 3525 1745 3595 in

201 3647 489 3736 Kolaczicze,
526 3647 610 3718 item
638 3645 802 3736 oppidani
828 3646 996 3717 habentes
1023 3667 1142 3736 agros,
1179 3646 1318 3717 solvunt
1344 3645 1508 3717 ccclesiae
1534 3646 1571 3716 iu
1589 3645 1617 3715 Z
1626 3667 1748 3716 rzan-

202 3791 308 3860 czyn
335 3771 437 3841 annis
464 3768 609 3858 singulis
637 3773 787 3858 quatuor
805 3787 937 3839 marcas
960 3787 1024 3857 pro
1044 3766 1176 3838 decima
1202 3767 1423 3856 manipulari,
1451 3767 1495 3836 ad
1515 3787 1617 3856 quam
1635 3765 1746 3837 eidem

203 3891 361 3963 ecclesiae
390 3891 426 3961 in
453 3890 696 3979 Itzanczyn
724 3889 986 3978 obligabantur3
1013 3888 1095 3959 item
1123 3887 1166 3958 de
1193 3887 1306 3963 tribus
1332 3887 1441 3958 laneis
1469 3941 1582 3956 .....

153 4005 161 4020 '
298 4011 582 4100 Kanrowrczu,
618 4009 700 4082 villa
736 4010 800 4081 sub
836 4009 1002 4099 parochia
1037 4009 1079 4079 do
1106 4008 1396 4099 Kolaczycze
1424 4008 1507 4097 sita,
1544 4007 1641 4079 cuins
1667 4029 1747 4098 pro-

122 4150 123 4155 ’
203 4133 325 4224 prietes
361 4133 406 4203 ad
442 4131 688 4203 monasterium
725 4134 760 4201 et
801 4130 963 4201 abbatem
1010 4129 1266 4220 Thynczensem
1302 4129 1463 4220 pertinet.
1505 4129 1546 4199 In
1573 4150 1642 4219 qua
1668 4135 1749 4200 sunt

203 4254 287 4326 lanei
314 4253 562 4341 emethonales,
588 4253 671 4323 item
698 4271 767 4326 uua
785 4252 932 4323 taberna
958 4251 1089 4322 habens
1117 4271 1230 4341 agros,
1257 4251 1340 4322 item
1360 4251 1510 4341 quinque
1528 4250 1747 4322 hortulaniae

204 4376 365 4446 habentes
402 4395 522 4465 agros,
556 4374 640 4444 item
667 4395 772 4478 unum
799 4373 979 4463 praedium
1007 4372 1224 4463 coenobiale,
1262 4372 1354 4462 quod
1380 4372 1466 4443 nulli
1493 4372 1659 4461 decimat,
1686 4371 1747 4442 sed

205 4496 243 4567 de
268 4497 425 4568 omnibus
452 4494 639 4586 praedictis
675 4495 767 4584 agris
795 4493 941 4565 solvitur
972 4498 1008 4564 et
1035 4493 1238 4565 conducitur
1274 4491 1665 4582 decimaomanipularis
1683 4513 1747 4582 pro

206 4617 406 4689 monasterio
435 4616 666 4707 'Phynczensi,
694 4621 729 4686 et
748 4615 846 4686 valor
873 4615 946 4686 eius
974 4615 1179 4686 aestimatur
1206 4613 1249 4686 ad
1270 4635 1330 4685 sex
1357 4635 1512 4701 marcas3
1538 4613 1621 4683 item
1640 4613 1748 4684 eccle-

206 4740 253 4810 sia
278 4740 319 4810 de
346 4738 622 4810 Kolaczicze
658 4737 764 4818 habet
797 4737 833 4806 in
860 4735 980 4807 eadem
1018 4736 1099 4807 villa
1126 4736 1433 4824 columbationem,
1470 4734 1684 4805 offertorium
1710 4739 1747 4806 et

206 4859 377 4932 denarium
404 4860 523 4931 Sancti
548 4859 664 4947 Petri3
700 4859 783 4930 item
810 4857 942 4930 decima
974 4858 1060 4928 haec
1086 4858 1122 4927 in
1148 4855 1462 4948 Krayowycze
1494 4857 1570 4926 iure
1596 4857 1749 4946 pertinet

206 4980 248 5052 ad
273 4981 453 5072 plebanum
477 4981 513 5051 in
540 4977 830 5070 Colaczicze,
858 4976 918 5050 sed
945 4977 1053 5050 abbas
1080 4977 1312 5070 Thpmczensis
1338 4977 1374 5048 vi
1401 4997 1477 5048 eam
1504 4977 1548 5048 ab
1566 4997 1607 5049 eo
1626 4976 1749 5068 aufert,

209 5108 241 5174 et
264 5123 324 5194 pro
352 5125 389 5175 se
414 5106 568 5194 usurpat.

302 5222 494 5313 Gocsscu,
522 5227 691 5313 castrum,
708 5221 820 5314 'quod
854 5226 1010 5312 tempore
1045 5219 1219 5293 Matthiae
1245 5219 1382 5292 abbatis
1410 5218 1643 5310 Thynczensis
1678 5219 1745 5292 luit

152 5413 154 5420 ,
210 5343 415 5436 demolitum,
441 5343 503 5418 sed
529 5344 593 5417 sub
620 5350 776 5435 tempore
803 5342 964 5428 Andreae
1000 5340 1150 5414 Oszka
1174 5340 1312 5413 abbatis
1339 5340 1537 5413 immediate
1565 5340 1749 5412 succeden-

209 5465 267 5556 tis,
291 5467 357 5539 luit
373 5469 621 5557 instauratum,
649 5466 745 5538 ouius
772 5465 967 5556 proprietas
994 5463 1038 5535 ad
1065 5463 1312 5536 monasterium
1339 5461 1561 5554 Thynczense
1587 5464 1748 5557 pertinet,

212 5589 244 5656 et
266 5589 427 5678 parocbia
451 5589 488 5659 iu
514 5588 794 5660 Kolaczicze
813 5639 843 5657 ..
862 5641 896 5656 ..

305 5708 563 5800 Zanrnnown,
582 5709 664 5782 uilla
681 5709 745 5782 sub
763 5708 930 5801 parochia
948 5707 990 5779 de
1009 5705 1292 5798 Golaozycae
1310 5705 1395 5798 sita,
1422 5703 1571 5798 deserta,
1589 5704 1633 5777 de
1651 5706 1748 5780 cuius
