<?xml version="1.0" encoding="UTF-8"?>
<!DOCTYPE html PUBLIC "-//W3C//DTD XHTML 1.0 Transitional//EN"
    "http://www.w3.org/TR/xhtml1/DTD/xhtml1-transitional.dtd">
<html xmlns="http://www.w3.org/1999/xhtml" xml:lang="en" lang="en">
 <head>
  <title>
</title>
<meta http-equiv="Content-Type" content="text/html;charset=utf-8" />
  <meta name='ocr-system' content='tesseract 3.04.00' />
  <meta name='ocr-capabilities' content='ocr_page ocr_carea ocr_par ocr_line ocrx_word'/>
</head>
<body>
  <div class='ocr_page' id='page_1' title='image "./operaomnia03paulgoog_0334.png"; bbox 0 0 4550 6600; ppageno 0'>
   <div class='ocr_carea' id='block_1_1' title="bbox 1719 796 1808 865">
    <p class='ocr_par' dir='ltr' id='par_1_1' title="bbox 1719 796 1808 865">
     <span class='ocr_line' id='line_1_1' title="bbox 1719 796 1808 865; baseline -0.011 -1"><span class='ocrx_word' id='word_1_1' title='bbox 1719 796 1808 865; x_wconf 71' lang='lat'>291</span> 
     </span>
    </p>
   </div>
   <div class='ocr_carea' id='block_1_2' title="bbox 258 990 1813 1696">
    <p class='ocr_par' dir='ltr' id='par_1_2' title="bbox 258 990 1813 1696">
     <span class='ocr_line' id='line_1_2' title="bbox 260 990 1808 1083; baseline 0.006 -21"><span class='ocrx_word' id='word_1_2' title='bbox 260 992 423 1083; x_wconf 85' lang='lat' dir='ltr'>quoniam</span> <span class='ocrx_word' id='word_1_3' title='bbox 450 990 590 1063; x_wconf 89' lang='lat' dir='ltr'>deserta</span> <span class='ocrx_word' id='word_1_4' title='bbox 616 996 680 1081; x_wconf 87' lang='lat' dir='ltr'>est,</span> <span class='ocrx_word' id='word_1_5' title='bbox 706 992 811 1062; x_wconf 90' lang='lat' dir='ltr'>unum</span> <span class='ocrx_word' id='word_1_6' title='bbox 838 990 1008 1063; x_wconf 82' lang='lat' dir='ltr'>fertonem</span> <span class='ocrx_word' id='word_1_7' title='bbox 1034 992 1186 1064; x_wconf 86' lang='lat' dir='ltr'>latorum</span> <span class='ocrx_word' id='word_1_8' title='bbox 1212 1014 1422 1082; x_wconf 85' lang='lat' dir='ltr'>grossorum.</span> <span class='ocrx_word' id='word_1_9' title='bbox 1448 994 1536 1065; x_wconf 86' lang='lat' dir='ltr'>Item</span> <span class='ocrx_word' id='word_1_10' title='bbox 1563 1001 1645 1066; x_wconf 92' lang='lat' dir='ltr'>sunt</span> <span class='ocrx_word' id='word_1_11' title='bbox 1672 997 1721 1069; x_wconf 86' lang='lat' dir='ltr'>ihi</span> <span class='ocrx_word' id='word_1_12' title='bbox 1739 998 1808 1071; x_wconf 91' lang='lat' dir='ltr'>duo</span> 
     </span>
     <span class='ocr_line' id='line_1_3' title="bbox 259 1112 1811 1208; baseline 0.005 -25"><span class='ocrx_word' id='word_1_13' title='bbox 259 1114 405 1203; x_wconf 88' lang='lat' dir='ltr'>praedia</span> <span class='ocrx_word' id='word_1_14' title='bbox 429 1113 605 1203; x_wconf 79' lang='lat' dir='ltr'>militaria,</span> <span class='ocrx_word' id='word_1_15' title='bbox 632 1112 675 1183; x_wconf 91' lang='lat' dir='ltr'>de</span> <span class='ocrx_word' id='word_1_16' title='bbox 702 1112 826 1202; x_wconf 89' lang='lat' dir='ltr'>quibus</span> <span class='ocrx_word' id='word_1_17' title='bbox 853 1113 1001 1185; x_wconf 91' lang='lat' dir='ltr'>solvitur</span> <span class='ocrx_word' id='word_1_18' title='bbox 1027 1113 1161 1187; x_wconf 88' lang='lat' dir='ltr'>decima</span> <span class='ocrx_word' id='word_1_19' title='bbox 1187 1114 1412 1204; x_wconf 78' lang='lat' dir='ltr'><strong>manipularis</strong></span> <span class='ocrx_word' id='word_1_20' title='bbox 1439 1116 1605 1187; x_wconf 88' lang='lat' dir='ltr'>ecclesiae</span> <span class='ocrx_word' id='word_1_21' title='bbox 1632 1122 1668 1189; x_wconf 93' lang='lat' dir='ltr'>et</span> <span class='ocrx_word' id='word_1_22' title='bbox 1693 1120 1811 1208; x_wconf 89' lang='lat' dir='ltr'>pleha-</span> 
     </span>
     <span class='ocr_line' id='line_1_4' title="bbox 258 1234 760 1325; baseline -0.004 -20"><span class='ocrx_word' id='word_1_23' title='bbox 258 1256 305 1305; x_wconf 93' lang='lat' dir='ltr'>no</span> <span class='ocrx_word' id='word_1_24' title='bbox 333 1236 369 1305; x_wconf 93' lang='lat' dir='ltr'>in</span> <span class='ocrx_word' id='word_1_25' title='bbox 397 1234 760 1325; x_wconf 83' lang='lat' dir='ltr'>Wythhowyeze.</span> 
     </span>
     <span class='ocr_line' id='line_1_5' title="bbox 936 1353 1142 1427; baseline -0.005 0"><span class='ocrx_word' id='word_1_26' title='bbox 936 1353 1142 1427; x_wconf 83' lang='lat' dir='ltr'>Cznnrnoz.</span> 
     </span>
     <span class='ocr_line' id='line_1_6' title="bbox 364 1475 1810 1569; baseline 0.006 -21"><span class='ocrx_word' id='word_1_27' title='bbox 364 1475 458 1548; x_wconf 88' lang='lat' dir='ltr'>Villa</span> <span class='ocrx_word' id='word_1_28' title='bbox 484 1476 614 1547; x_wconf 90' lang='lat' dir='ltr'>habens</span> <span class='ocrx_word' id='word_1_29' title='bbox 641 1476 677 1546; x_wconf 92' lang='lat' dir='ltr'>in</span> <span class='ocrx_word' id='word_1_30' title='bbox 706 1496 744 1547; x_wconf 93' lang='lat' dir='ltr'>se</span> <span class='ocrx_word' id='word_1_31' title='bbox 772 1476 950 1547; x_wconf 88' lang='lat' dir='ltr'>ecclesiam</span> <span class='ocrx_word' id='word_1_32' title='bbox 969 1477 1202 1567; x_wconf 80' lang='lat' dir='ltr'>parochialem</span> <span class='ocrx_word' id='word_1_33' title='bbox 1220 1476 1379 1569; x_wconf 82' lang='lat' dir='ltr'><strong>ligneam,</strong></span> <span class='ocrx_word' id='word_1_34' title='bbox 1397 1476 1523 1551; x_wconf 85' lang='lat' dir='ltr'>Sancto</span> <span class='ocrx_word' id='word_1_35' title='bbox 1542 1481 1810 1557; x_wconf 86' lang='lat' dir='ltr'>Bartholomaeo</span> 
     </span>
     <span class='ocr_line' id='line_1_7' title="bbox 258 1596 1813 1696; baseline 0.006 -29"><span class='ocrx_word' id='word_1_36' title='bbox 258 1596 428 1686; x_wconf 87' lang='lat' dir='ltr'>dicatam,</span> <span class='ocrx_word' id='word_1_37' title='bbox 456 1597 552 1669; x_wconf 91' lang='lat' dir='ltr'>cuius</span> <span class='ocrx_word' id='word_1_38' title='bbox 588 1596 757 1668; x_wconf 88' lang='lat' dir='ltr'>haeredes</span> <span class='ocrx_word' id='word_1_39' title='bbox 792 1596 957 1668; x_wconf 89' lang='lat' dir='ltr'>Nicolaus</span> <span class='ocrx_word' id='word_1_40' title='bbox 990 1602 1026 1669; x_wconf 92' lang='lat' dir='ltr'>et</span> <span class='ocrx_word' id='word_1_41' title='bbox 1052 1596 1204 1669; x_wconf 89' lang='lat' dir='ltr'>Michael</span> <span class='ocrx_word' id='word_1_42' title='bbox 1230 1599 1274 1669; x_wconf 88' lang='lat' dir='ltr'>de</span> <span class='ocrx_word' id='word_1_43' title='bbox 1301 1600 1402 1670; x_wconf 92' lang='lat' dir='ltr'>domo</span> <span class='ocrx_word' id='word_1_44' title='bbox 1431 1599 1639 1692; x_wconf 79' lang='lat' dir='ltr'>Cornycz.</span> <span class='ocrx_word' id='word_1_45' title='bbox 1675 1603 1716 1673; x_wconf 92' lang='lat' dir='ltr'>In</span> <span class='ocrx_word' id='word_1_46' title='bbox 1744 1627 1813 1696; x_wconf 89' lang='lat' dir='ltr'>qua</span> 
     </span>
    </p>
   </div>
   <div class='ocr_carea' id='block_1_3' title="bbox 258 1699 1956 1815">
    <p class='ocr_par' dir='ltr' id='par_1_3' title="bbox 258 1699 1956 1815">
     <span class='ocr_line' id='line_1_8' title="bbox 258 1699 1956 1815; baseline 0.006 -27"><span class='ocrx_word' id='word_1_47' title='bbox 258 1699 349 1789; x_wconf 79' lang='lat' dir='ltr'>sunt</span> <span class='ocrx_word' id='word_1_48' title='bbox 367 1712 465 1789; x_wconf 92' lang='lat' dir='ltr'>lanei</span> <span class='ocrx_word' id='word_1_49' title='bbox 487 1718 729 1808; x_wconf 87' lang='lat' dir='ltr'>emethonales,</span> <span class='ocrx_word' id='word_1_50' title='bbox 757 1718 800 1789; x_wconf 92' lang='lat' dir='ltr'>de</span> <span class='ocrx_word' id='word_1_51' title='bbox 828 1718 951 1809; x_wconf 91' lang='lat' dir='ltr'>quibus</span> <span class='ocrx_word' id='word_1_52' title='bbox 979 1718 1096 1809; x_wconf 80' lang='lat' dir='ltr'>datm,-</span> <span class='ocrx_word' id='word_1_53' title='bbox 1119 1719 1264 1811; x_wconf 87' lang='lat' dir='ltr'>dariqne</span> <span class='ocrx_word' id='word_1_54' title='bbox 1291 1719 1403 1807; x_wconf 86' lang='lat' dir='ltr'>debet,</span> <span class='ocrx_word' id='word_1_55' title='bbox 1431 1720 1564 1794; x_wconf 86' lang='lat' dir='ltr'>decima</span> <span class='ocrx_word' id='word_1_56' title='bbox 1588 1724 1813 1815; x_wconf 85' lang='lat' dir='ltr'>manipularis</span> <span class='ocrx_word' id='word_1_57' title='bbox 1949 1736 1956 1752; x_wconf 80' lang='grc'><strong>“</strong></span> 
     </span>
    </p>
   </div>
   <div class='ocr_carea' id='block_1_4' title="bbox 212 1838 1887 5814">
    <p class='ocr_par' dir='ltr' id='par_1_4' title="bbox 257 1838 1812 1932">
     <span class='ocr_line' id='line_1_9' title="bbox 257 1838 1812 1932; baseline 0.005 -22"><span class='ocrx_word' id='word_1_58' title='bbox 257 1858 323 1929; x_wconf 92' lang='lat' dir='ltr'>pro</span> <span class='ocrx_word' id='word_1_59' title='bbox 351 1838 555 1911; x_wconf 75' lang='lat' dir='ltr'>scholastria</span> <span class='ocrx_word' id='word_1_60' title='bbox 582 1838 822 1930; x_wconf 83' lang='lat' dir='ltr'>Gracoviensi3</span> <span class='ocrx_word' id='word_1_61' title='bbox 847 1860 910 1930; x_wconf 90' lang='lat' dir='ltr'>per</span> <span class='ocrx_word' id='word_1_62' title='bbox 937 1840 1084 1912; x_wconf 88' lang='lat' dir='ltr'>abusum</span> <span class='ocrx_word' id='word_1_63' title='bbox 1110 1846 1226 1912; x_wconf 88' lang='lat' dir='ltr'>tamen</span> <span class='ocrx_word' id='word_1_64' title='bbox 1254 1847 1290 1913; x_wconf 91' lang='lat' dir='ltr'>et</span> <span class='ocrx_word' id='word_1_65' title='bbox 1315 1842 1562 1932; x_wconf 82' lang='lat' dir='ltr'>negligentiam</span> <span class='ocrx_word' id='word_1_66' title='bbox 1589 1846 1812 1919; x_wconf 85' lang='lat' dir='ltr'>scholastico-</span> 
     </span>
    </p>

    <p class='ocr_par' dir='ltr' id='par_1_5' title="bbox 257 1962 1812 2053">
     <span class='ocr_line' id='line_1_10' title="bbox 257 1962 1812 2053; baseline 0.006 -22"><span class='ocrx_word' id='word_1_67' title='bbox 257 1982 348 2051; x_wconf 85' lang='lat' dir='ltr'>rum,</span> <span class='ocrx_word' id='word_1_68' title='bbox 375 1981 542 2033; x_wconf 88' lang='lat' dir='ltr'>conversa</span> <span class='ocrx_word' id='word_1_69' title='bbox 568 1968 623 2033; x_wconf 90' lang='lat' dir='ltr'>est</span> <span class='ocrx_word' id='word_1_70' title='bbox 648 1962 685 2032; x_wconf 92' lang='lat' dir='ltr'>in</span> <span class='ocrx_word' id='word_1_71' title='bbox 712 1962 935 2053; x_wconf 86' lang='lat' dir='ltr'>pecuniolam,</span> <span class='ocrx_word' id='word_1_72' title='bbox 963 1967 999 2033; x_wconf 91' lang='lat' dir='ltr'>et</span> <span class='ocrx_word' id='word_1_73' title='bbox 1026 1962 1130 2035; x_wconf 88' lang='lat' dir='ltr'>solvit</span> <span class='ocrx_word' id='word_1_74' title='bbox 1148 1964 1248 2034; x_wconf 89' lang='lat' dir='ltr'>annis</span> <span class='ocrx_word' id='word_1_75' title='bbox 1266 1964 1412 2053; x_wconf 89' lang='lat' dir='ltr'>singulis</span> <span class='ocrx_word' id='word_1_76' title='bbox 1429 1986 1554 2036; x_wconf 86' lang='lat' dir='ltr'>novem</span> <span class='ocrx_word' id='word_1_77' title='bbox 1572 1973 1704 2038; x_wconf 90' lang='lat' dir='ltr'>scottos</span> <span class='ocrx_word' id='word_1_78' title='bbox 1723 1968 1812 2040; x_wconf 87' lang='lat' dir='ltr'>lato-</span> 
     </span>
    </p>

    <p class='ocr_par' dir='ltr' id='par_1_6' title="bbox 257 2082 1813 2175">
     <span class='ocr_line' id='line_1_11' title="bbox 257 2082 1813 2175; baseline 0.006 -24"><span class='ocrx_word' id='word_1_79' title='bbox 257 2102 335 2152; x_wconf 90' lang='lat' dir='ltr'>rum</span> <span class='ocrx_word' id='word_1_80' title='bbox 362 2102 571 2173; x_wconf 89' lang='lat' dir='ltr'>grossorum.</span> <span class='ocrx_word' id='word_1_81' title='bbox 597 2082 683 2154; x_wconf 87' lang='lat' dir='ltr'>ltem</span> <span class='ocrx_word' id='word_1_82' title='bbox 710 2084 759 2155; x_wconf 92' lang='lat' dir='ltr'>ibi</span> <span class='ocrx_word' id='word_1_83' title='bbox 786 2089 840 2155; x_wconf 90' lang='lat' dir='ltr'>est</span> <span class='ocrx_word' id='word_1_84' title='bbox 866 2084 1046 2175; x_wconf 86' lang='lat' dir='ltr'>praedium</span> <span class='ocrx_word' id='word_1_85' title='bbox 1073 2139 1081 2153; x_wconf 93' lang='lat'><strong>.</strong></span> <span class='ocrx_word' id='word_1_86' title='bbox 1109 2138 1116 2154; x_wconf 95' lang='lat'><strong>.</strong></span> <span class='ocrx_word' id='word_1_87' title='bbox 1144 2138 1152 2154; x_wconf 91' lang='lat'><strong>.</strong></span> <span class='ocrx_word' id='word_1_88' title='bbox 1179 2083 1268 2155; x_wconf 86' lang='lat' dir='ltr'>Item</span> <span class='ocrx_word' id='word_1_89' title='bbox 1294 2084 1464 2174; x_wconf 89' lang='lat' dir='ltr'>plebanus</span> <span class='ocrx_word' id='word_1_90' title='bbox 1491 2092 1527 2158; x_wconf 92' lang='lat' dir='ltr'>et</span> <span class='ocrx_word' id='word_1_91' title='bbox 1544 2088 1690 2160; x_wconf 88' lang='lat' dir='ltr'>ccclesia</span> <span class='ocrx_word' id='word_1_92' title='bbox 1706 2089 1813 2161; x_wconf 89' lang='lat' dir='ltr'>hahet</span> 
     </span>
    </p>

    <p class='ocr_par' dir='ltr' id='par_1_7' title="bbox 257 2188 1699 2398">
     <span class='ocr_line' id='line_1_12' title="bbox 257 2188 1699 2296; baseline 0.001 -23"><span class='ocrx_word' id='word_1_93' title='bbox 257 2202 309 2275; x_wconf 93' lang='lat' dir='ltr'>ibi</span> <span class='ocrx_word' id='word_1_94' title='bbox 336 2204 506 2295; x_wconf 91' lang='lat' dir='ltr'>proprios.</span> <span class='ocrx_word' id='word_1_95' title='bbox 522 2224 625 2294; x_wconf 87' lang='lat' dir='ltr'>agros</span> <span class='ocrx_word' id='word_1_96' title='bbox 651 2204 780 2277; x_wconf 92' lang='lat' dir='ltr'>liberos</span> <span class='ocrx_word' id='word_1_97' title='bbox 808 2188 982 2296; x_wconf 76' lang='lat' dir='ltr'>elpram,</span> <span class='ocrx_word' id='word_1_98' title='bbox 1010 2224 1073 2295; x_wconf 90' lang='lat' dir='ltr'>pro</span> <span class='ocrx_word' id='word_1_99' title='bbox 1100 2225 1164 2277; x_wconf 90' lang='lat' dir='ltr'>suo</span> <span class='ocrx_word' id='word_1_100' title='bbox 1191 2226 1257 2276; x_wconf 92' lang='lat' dir='ltr'>usu</span> <span class='ocrx_word' id='word_1_101' title='bbox 1283 2210 1320 2276; x_wconf 91' lang='lat' dir='ltr'>et</span> <span class='ocrx_word' id='word_1_102' title='bbox 1345 2206 1563 2280; x_wconf 79' lang='lat' dir='ltr'>necessitate.</span> <span class='ocrx_word' id='word_1_103' title='bbox 1692 2262 1699 2275; x_wconf 92' lang='lat'><strong>.</strong></span> 
     </span>
     <span class='ocr_line' id='line_1_13' title="bbox 917 2326 1167 2398; baseline -0.008 -1"><span class='ocrx_word' id='word_1_104' title='bbox 917 2326 1035 2398; x_wconf 83' lang='lat' dir='ltr'>Dwra</span> <span class='ocrx_word' id='word_1_105' title='bbox 1061 2347 1167 2398; x_wconf 80' lang='lat' dir='ltr'>nour.</span> 
     </span>
    </p>

    <p class='ocr_par' dir='ltr' id='par_1_8' title="bbox 212 2445 1814 3268">
     <span class='ocr_line' id='line_1_14' title="bbox 364 2445 1813 2541; baseline 0.003 -22"><span class='ocrx_word' id='word_1_106' title='bbox 364 2445 458 2519; x_wconf 89' lang='lat' dir='ltr'>Villa</span> <span class='ocrx_word' id='word_1_107' title='bbox 483 2446 613 2519; x_wconf 89' lang='lat' dir='ltr'>habens</span> <span class='ocrx_word' id='word_1_108' title='bbox 641 2446 676 2517; x_wconf 90' lang='lat' dir='ltr'>in</span> <span class='ocrx_word' id='word_1_109' title='bbox 705 2466 742 2517; x_wconf 92' lang='lat' dir='ltr'>se</span> <span class='ocrx_word' id='word_1_110' title='bbox 768 2447 1000 2537; x_wconf 84' lang='lat' dir='ltr'>parochialem</span> <span class='ocrx_word' id='word_1_111' title='bbox 1029 2448 1218 2538; x_wconf 88' lang='lat' dir='ltr'>ecclesiam,</span> <span class='ocrx_word' id='word_1_112' title='bbox 1245 2447 1352 2520; x_wconf 86' lang='lat' dir='ltr'>Sanct</span> <span class='ocrx_word' id='word_1_113' title='bbox 1370 2502 1538 2541; x_wconf 88' lang='lat'><strong>......</strong></span> <span class='ocrx_word' id='word_1_114' title='bbox 1560 2452 1662 2523; x_wconf 85' lang='lat' dir='ltr'>cuius</span> <span class='ocrx_word' id='word_1_115' title='bbox 1687 2453 1813 2523; x_wconf 87' lang='lat' dir='ltr'>haeres</span> 
     </span>
     <span class='ocr_line' id='line_1_15' title="bbox 258 2566 1812 2664; baseline 0.002 -24"><span class='ocrx_word' id='word_1_116' title='bbox 258 2566 423 2641; x_wconf 89' lang='lat' dir='ltr'>Nicolaus</span> <span class='ocrx_word' id='word_1_117' title='bbox 451 2568 559 2659; x_wconf 92' lang='lat' dir='ltr'>Slop</span> <span class='ocrx_word' id='word_1_118' title='bbox 586 2569 629 2639; x_wconf 92' lang='lat' dir='ltr'>de</span> <span class='ocrx_word' id='word_1_119' title='bbox 656 2569 757 2664; x_wconf 90' lang='lat' dir='ltr'>domo</span> <span class='ocrx_word' id='word_1_120' title='bbox 786 2568 1003 2661; x_wconf 83' lang='lat' dir='ltr'>Gornycz.</span> <span class='ocrx_word' id='word_1_121' title='bbox 1030 2570 1070 2639; x_wconf 93' lang='lat' dir='ltr'>In</span> <span class='ocrx_word' id='word_1_122' title='bbox 1098 2590 1168 2659; x_wconf 87' lang='lat' dir='ltr'>qua</span> <span class='ocrx_word' id='word_1_123' title='bbox 1195 2576 1276 2641; x_wconf 91' lang='lat' dir='ltr'>sunt</span> <span class='ocrx_word' id='word_1_124' title='bbox 1301 2570 1393 2642; x_wconf 90' lang='lat' dir='ltr'>lanei</span> <span class='ocrx_word' id='word_1_125' title='bbox 1412 2572 1656 2663; x_wconf 89' lang='lat' dir='ltr'>emethonales,</span> <span class='ocrx_word' id='word_1_126' title='bbox 1675 2573 1718 2645; x_wconf 92' lang='lat' dir='ltr'>de</span> <span class='ocrx_word' id='word_1_127' title='bbox 1737 2576 1812 2663; x_wconf 89' lang='lat' dir='ltr'>qui-</span> 
     </span>
     <span class='ocr_line' id='line_1_16' title="bbox 255 2690 1810 2782; baseline 0.003 -21"><span class='ocrx_word' id='word_1_128' title='bbox 255 2692 323 2761; x_wconf 88' lang='lat' dir='ltr'>bus</span> <span class='ocrx_word' id='word_1_129' title='bbox 350 2690 508 2761; x_wconf 92' lang='lat' dir='ltr'>omnihus</span> <span class='ocrx_word' id='word_1_130' title='bbox 531 2690 647 2781; x_wconf 85' lang='lat' dir='ltr'>¹datur,</span> <span class='ocrx_word' id='word_1_131' title='bbox 675 2690 819 2781; x_wconf 90' lang='lat' dir='ltr'>darique</span> <span class='ocrx_word' id='word_1_132' title='bbox 847 2690 958 2779; x_wconf 90' lang='lat' dir='ltr'>debet,</span> <span class='ocrx_word' id='word_1_133' title='bbox 986 2690 1119 2761; x_wconf 90' lang='lat' dir='ltr'>decima</span> <span class='ocrx_word' id='word_1_134' title='bbox 1145 2690 1372 2780; x_wconf 88' lang='lat' dir='ltr'>manipularis</span> <span class='ocrx_word' id='word_1_135' title='bbox 1398 2714 1464 2782; x_wconf 87' lang='lat' dir='ltr'>pro</span> <span class='ocrx_word' id='word_1_136' title='bbox 1487 2694 1698 2771; x_wconf 64' lang='lat' dir='ltr'>,scholastria</span> <span class='ocrx_word' id='word_1_137' title='bbox 1724 2693 1810 2766; x_wconf 81' lang='lat' dir='ltr'>Ora-</span> 
     </span>
     <span class='ocr_line' id='line_1_17' title="bbox 212 2810 1814 2903; baseline 0.002 -21"><span class='ocrx_word' id='word_1_138' title='bbox 212 2816 219 2827; x_wconf 82' lang='lat'>&#39;</span> <span class='ocrx_word' id='word_1_139' title='bbox 258 2810 431 2900; x_wconf 84' lang='lat' dir='ltr'>curiensi3</span> <span class='ocrx_word' id='word_1_140' title='bbox 466 2832 530 2901; x_wconf 91' lang='lat' dir='ltr'>per</span> <span class='ocrx_word' id='word_1_141' title='bbox 564 2811 709 2882; x_wconf 90' lang='lat' dir='ltr'>abusum</span> <span class='ocrx_word' id='word_1_142' title='bbox 745 2816 861 2882; x_wconf 91' lang='lat' dir='ltr'>tamen</span> <span class='ocrx_word' id='word_1_143' title='bbox 893 2818 930 2882; x_wconf 90' lang='lat' dir='ltr'>et</span> <span class='ocrx_word' id='word_1_144' title='bbox 965 2811 1209 2901; x_wconf 88' lang='lat' dir='ltr'>negligentiam</span> <span class='ocrx_word' id='word_1_145' title='bbox 1236 2812 1735 2903; x_wconf 70' lang='lat' dir='ltr'>scholasticorum,‘conversa</span> <span class='ocrx_word' id='word_1_146' title='bbox 1760 2820 1814 2886; x_wconf 88' lang='lat' dir='ltr'>est</span> 
     </span>
     <span class='ocr_line' id='line_1_18' title="bbox 256 2930 1811 3025; baseline 0.001 -22"><span class='ocrx_word' id='word_1_147' title='bbox 256 2933 296 3003; x_wconf 91' lang='lat' dir='ltr'>in</span> <span class='ocrx_word' id='word_1_148' title='bbox 323 2932 545 3022; x_wconf 83' lang='lat' dir='ltr'>pecuniolam,</span> <span class='ocrx_word' id='word_1_149' title='bbox 572 2936 608 3004; x_wconf 91' lang='lat' dir='ltr'>et</span> <span class='ocrx_word' id='word_1_150' title='bbox 635 2932 738 3003; x_wconf 90' lang='lat' dir='ltr'>solvit</span> <span class='ocrx_word' id='word_1_151' title='bbox 765 2932 866 3003; x_wconf 92' lang='lat' dir='ltr'>annis</span> <span class='ocrx_word' id='word_1_152' title='bbox 893 2930 1038 3021; x_wconf 88' lang='lat' dir='ltr'>singulis</span> <span class='ocrx_word' id='word_1_153' title='bbox 1066 2932 1217 3022; x_wconf 88' lang='lat' dir='ltr'>quinque</span> <span class='ocrx_word' id='word_1_154' title='bbox 1242 2932 1396 3005; x_wconf 84' lang='lat' dir='ltr'>fertones</span> <span class='ocrx_word' id='word_1_155' title='bbox 1423 2935 1573 3006; x_wconf 86' lang='lat' dir='ltr'>latorum</span> <span class='ocrx_word' id='word_1_156' title='bbox 1591 2957 1811 3025; x_wconf 65' lang='lat' dir='ltr'>grossorum</span> 
     </span>
     <span class='ocr_line' id='line_1_19' title="bbox 258 3053 1810 3147; baseline 0.003 -24"><span class='ocrx_word' id='word_1_157' title='bbox 258 3054 345 3124; x_wconf 89' lang='lat' dir='ltr'>item</span> <span class='ocrx_word' id='word_1_158' title='bbox 371 3055 589 3145; x_wconf 87' lang='lat' dir='ltr'>taberna...,</span> <span class='ocrx_word' id='word_1_159' title='bbox 617 3054 698 3124; x_wconf 81' lang='lat' dir='ltr'>item</span> <span class='ocrx_word' id='word_1_160' title='bbox 717 3053 1009 3141; x_wconf 87' lang='lat' dir='ltr'>hortulaniae...,</span> <span class='ocrx_word' id='word_1_161' title='bbox 1037 3054 1120 3123; x_wconf 90' lang='lat' dir='ltr'>item</span> <span class='ocrx_word' id='word_1_162' title='bbox 1138 3054 1392 3144; x_wconf 85' lang='lat' dir='ltr'>praedium...,</span> <span class='ocrx_word' id='word_1_163' title='bbox 1419 3057 1502 3127; x_wconf 89' lang='lat' dir='ltr'>item</span> <span class='ocrx_word' id='word_1_164' title='bbox 1520 3057 1666 3130; x_wconf 87' lang='lat' dir='ltr'>ecclesia</span> <span class='ocrx_word' id='word_1_165' title='bbox 1683 3063 1719 3129; x_wconf 91' lang='lat' dir='ltr'>et</span> <span class='ocrx_word' id='word_1_166' title='bbox 1737 3058 1810 3147; x_wconf 89' lang='lat' dir='ltr'>ple-</span> 
     </span>
     <span class='ocr_line' id='line_1_20' title="bbox 257 3174 1811 3268; baseline 0.001 -21"><span class='ocrx_word' id='word_1_167' title='bbox 257 3176 370 3247; x_wconf 90' lang='lat' dir='ltr'>banus</span> <span class='ocrx_word' id='word_1_168' title='bbox 387 3175 494 3247; x_wconf 92' lang='lat' dir='ltr'>habet</span> <span class='ocrx_word' id='word_1_169' title='bbox 520 3175 570 3247; x_wconf 91' lang='lat' dir='ltr'>ibi</span> <span class='ocrx_word' id='word_1_170' title='bbox 596 3174 757 3266; x_wconf 89' lang='lat' dir='ltr'>proprios</span> <span class='ocrx_word' id='word_1_171' title='bbox 783 3194 886 3264; x_wconf 85' lang='lat' dir='ltr'>agros</span> <span class='ocrx_word' id='word_1_172' title='bbox 914 3180 950 3245; x_wconf 92' lang='lat' dir='ltr'>et</span> <span class='ocrx_word' id='word_1_173' title='bbox 976 3180 1087 3265; x_wconf 86' lang='lat' dir='ltr'>prata,</span> <span class='ocrx_word' id='word_1_174' title='bbox 1115 3194 1180 3265; x_wconf 90' lang='lat' dir='ltr'>pro</span> <span class='ocrx_word' id='word_1_175' title='bbox 1207 3196 1269 3246; x_wconf 92' lang='lat' dir='ltr'>suo</span> <span class='ocrx_word' id='word_1_176' title='bbox 1287 3196 1362 3268; x_wconf 85' lang='lat' dir='ltr'>usu,</span> <span class='ocrx_word' id='word_1_177' title='bbox 1380 3178 1523 3267; x_wconf 85' lang='lat' dir='ltr'>praedio</span> <span class='ocrx_word' id='word_1_178' title='bbox 1541 3184 1579 3251; x_wconf 90' lang='lat' dir='ltr'>et</span> <span class='ocrx_word' id='word_1_179' title='bbox 1596 3180 1811 3251; x_wconf 88' lang='lat' dir='ltr'>necessitate.</span> 
     </span>
    </p>

    <p class='ocr_par' dir='ltr' id='par_1_9' title="bbox 956 3294 1123 3367">
     <span class='ocr_line' id='line_1_21' title="bbox 956 3294 1123 3367; baseline 0 -1"><span class='ocrx_word' id='word_1_180' title='bbox 956 3294 1123 3367; x_wconf 82' lang='lat' dir='ltr'>ernrn.</span> 
     </span>
    </p>

    <p class='ocr_par' dir='ltr' id='par_1_10' title="bbox 257 3415 1850 4238">
     <span class='ocr_line' id='line_1_22' title="bbox 364 3415 1814 3512; baseline 0.001 -21"><span class='ocrx_word' id='word_1_181' title='bbox 364 3415 459 3492; x_wconf 86' lang='lat' dir='ltr'>Villa</span> <span class='ocrx_word' id='word_1_182' title='bbox 484 3417 616 3490; x_wconf 89' lang='lat' dir='ltr'>hahens</span> <span class='ocrx_word' id='word_1_183' title='bbox 643 3417 679 3489; x_wconf 90' lang='lat' dir='ltr'>in</span> <span class='ocrx_word' id='word_1_184' title='bbox 707 3437 743 3488; x_wconf 91' lang='lat' dir='ltr'>se</span> <span class='ocrx_word' id='word_1_185' title='bbox 769 3417 1004 3507; x_wconf 90' lang='lat' dir='ltr'>parochialem</span> <span class='ocrx_word' id='word_1_186' title='bbox 1031 3418 1210 3489; x_wconf 88' lang='lat' dir='ltr'>ecclesiam</span> <span class='ocrx_word' id='word_1_187' title='bbox 1238 3471 1246 3487; x_wconf 87' lang='lat'><strong>.</strong></span> <span class='ocrx_word' id='word_1_188' title='bbox 1274 3472 1281 3488; x_wconf 92' lang='lat'>.</span> <span class='ocrx_word' id='word_1_189' title='bbox 1309 3473 1335 3509; x_wconf 89' lang='lat'>.‚</span> <span class='ocrx_word' id='word_1_190' title='bbox 1361 3417 1467 3491; x_wconf 87' lang='lat' dir='ltr'>Sanet</span> <span class='ocrx_word' id='word_1_191' title='bbox 1494 3476 1501 3490; x_wconf 91' lang='lat'><strong>.</strong></span> <span class='ocrx_word' id='word_1_192' title='bbox 1529 3474 1537 3490; x_wconf 93' lang='lat'><strong>.</strong></span> <span class='ocrx_word' id='word_1_193' title='bbox 1564 3475 1590 3512; x_wconf 87' lang='lat'>.,</span> <span class='ocrx_word' id='word_1_194' title='bbox 1617 3421 1715 3494; x_wconf 85' lang='lat' dir='ltr'>cuius</span> <span class='ocrx_word' id='word_1_195' title='bbox 1732 3442 1814 3511; x_wconf 91' lang='lat' dir='ltr'>pro-</span> 
     </span>
     <span class='ocr_line' id='line_1_23' title="bbox 257 3537 1814 3630; baseline 0.002 -20"><span class='ocrx_word' id='word_1_196' title='bbox 257 3537 391 3630; x_wconf 87' lang='lat' dir='ltr'>prietas</span> <span class='ocrx_word' id='word_1_197' title='bbox 419 3539 463 3610; x_wconf 92' lang='lat' dir='ltr'>ad</span> <span class='ocrx_word' id='word_1_198' title='bbox 490 3539 746 3611; x_wconf 86' lang='lat' dir='ltr'>serenissimum</span> <span class='ocrx_word' id='word_1_199' title='bbox 782 3537 947 3610; x_wconf 90' lang='lat' dir='ltr'>Poloniae</span> <span class='ocrx_word' id='word_1_200' title='bbox 983 3559 1100 3628; x_wconf 85' lang='lat' dir='ltr'>regem</span> <span class='ocrx_word' id='word_1_201' title='bbox 1138 3539 1299 3628; x_wconf 90' lang='lat' dir='ltr'>pertinet.</span> <span class='ocrx_word' id='word_1_202' title='bbox 1335 3539 1375 3610; x_wconf 90' lang='lat' dir='ltr'>In</span> <span class='ocrx_word' id='word_1_203' title='bbox 1403 3562 1472 3630; x_wconf 90' lang='lat' dir='ltr'>qua</span> <span class='ocrx_word' id='word_1_204' title='bbox 1497 3547 1579 3612; x_wconf 90' lang='lat' dir='ltr'>sunt</span> <span class='ocrx_word' id='word_1_205' title='bbox 1604 3543 1697 3612; x_wconf 89' lang='lat' dir='ltr'>lanei</span> <span class='ocrx_word' id='word_1_206' title='bbox 1723 3562 1814 3614; x_wconf 89' lang='lat' dir='ltr'>eme-</span> 
     </span>
     <span class='ocr_line' id='line_1_24' title="bbox 257 3655 1850 3752; baseline 0.001 -20"><span class='ocrx_word' id='word_1_207' title='bbox 257 3660 428 3750; x_wconf 88' lang='lat' dir='ltr'>thonales,</span> <span class='ocrx_word' id='word_1_208' title='bbox 454 3660 497 3732; x_wconf 90' lang='lat' dir='ltr'>de</span> <span class='ocrx_word' id='word_1_209' title='bbox 524 3661 649 3750; x_wconf 88' lang='lat' dir='ltr'>quibus</span> <span class='ocrx_word' id='word_1_210' title='bbox 677 3658 834 3732; x_wconf 90' lang='lat' dir='ltr'>omnibus</span> <span class='ocrx_word' id='word_1_211' title='bbox 861 3659 1017 3750; x_wconf 84' lang='lat' dir='ltr'>solvitur,</span> <span class='ocrx_word' id='word_1_212' title='bbox 1044 3660 1200 3750; x_wconf 86' lang='lat' dir='ltr'>solvique</span> <span class='ocrx_word' id='word_1_213' title='bbox 1227 3660 1331 3732; x_wconf 91' lang='lat' dir='ltr'>debet</span> <span class='ocrx_word' id='word_1_214' title='bbox 1356 3661 1582 3752; x_wconf 85' lang='lat' dir='ltr'>manipularis</span> <span class='ocrx_word' id='word_1_215' title='bbox 1600 3663 1733 3734; x_wconf 90' lang='lat' dir='ltr'>decima</span> <span class='ocrx_word' id='word_1_216' title='bbox 1749 3683 1814 3752; x_wconf 92' lang='lat' dir='ltr'>pro</span> <span class='ocrx_word' id='word_1_217' title='bbox 1845 3655 1850 3662; x_wconf 76' lang='grc'>’</span> 
     </span>
     <span class='ocr_line' id='line_1_25' title="bbox 260 3779 1814 3874; baseline -0.001 -21"><span class='ocrx_word' id='word_1_218' title='bbox 260 3783 468 3855; x_wconf 82' lang='lat' dir='ltr'>scholastm&#39;a</span> <span class='ocrx_word' id='word_1_219' title='bbox 501 3779 741 3870; x_wconf 82' lang='lat' dir='ltr'>Gracoviens&#39;i3</span> <span class='ocrx_word' id='word_1_220' title='bbox 777 3801 841 3871; x_wconf 88' lang='lat' dir='ltr'>per</span> <span class='ocrx_word' id='word_1_221' title='bbox 867 3783 1012 3852; x_wconf 84' lang='lat' dir='ltr'>abusum</span> <span class='ocrx_word' id='word_1_222' title='bbox 1039 3787 1156 3852; x_wconf 90' lang='lat' dir='ltr'>tamen</span> <span class='ocrx_word' id='word_1_223' title='bbox 1183 3788 1220 3852; x_wconf 90' lang='lat' dir='ltr'>et</span> <span class='ocrx_word' id='word_1_224' title='bbox 1245 3781 1491 3871; x_wconf 83' lang='lat' dir='ltr'>negligentiam</span> <span class='ocrx_word' id='word_1_225' title='bbox 1518 3784 1814 3874; x_wconf 86' lang='lat' dir='ltr'>scholasticorum,</span> 
     </span>
     <span class='ocr_line' id='line_1_26' title="bbox 258 3900 1811 3994; baseline 0.001 -20"><span class='ocrx_word' id='word_1_226' title='bbox 258 3924 428 3976; x_wconf 90' lang='lat' dir='ltr'>conversa</span> <span class='ocrx_word' id='word_1_227' title='bbox 462 3907 516 3975; x_wconf 85' lang='lat' dir='ltr'>est</span> <span class='ocrx_word' id='word_1_228' title='bbox 549 3904 585 3979; x_wconf 83' lang='lat' dir='ltr'>in</span> <span class='ocrx_word' id='word_1_229' title='bbox 621 3900 854 3994; x_wconf 80' lang='lat' dir='ltr'>pecuniolam,</span> <span class='ocrx_word' id='word_1_230' title='bbox 890 3908 926 3973; x_wconf 91' lang='lat' dir='ltr'>et</span> <span class='ocrx_word' id='word_1_231' title='bbox 961 3901 1066 3973; x_wconf 85' lang='lat' dir='ltr'>solvit</span> <span class='ocrx_word' id='word_1_232' title='bbox 1101 3903 1202 3972; x_wconf 91' lang='lat' dir='ltr'>annis</span> <span class='ocrx_word' id='word_1_233' title='bbox 1239 3902 1384 3992; x_wconf 89' lang='lat' dir='ltr'>singulis</span> <span class='ocrx_word' id='word_1_234' title='bbox 1411 3923 1472 3974; x_wconf 85' lang='lat' dir='ltr'>sen</span> <span class='ocrx_word' id='word_1_235' title='bbox 1499 3925 1634 3976; x_wconf 86' lang='lat' dir='ltr'>marcas</span> <span class='ocrx_word' id='word_1_236' title='bbox 1660 3905 1811 3975; x_wconf 89' lang='lat' dir='ltr'>latorum</span> 
     </span>
     <span class='ocr_line' id='line_1_27' title="bbox 257 4024 1812 4126; baseline 0 -30"><span class='ocrx_word' id='word_1_237' title='bbox 257 4045 476 4116; x_wconf 68' lang='lat' dir='ltr'>grossorum</span> <span class='ocrx_word' id='word_1_238' title='bbox 493 4027 577 4126; x_wconf 90' lang='lat' dir='ltr'>item</span> <span class='ocrx_word' id='word_1_239' title='bbox 595 4026 810 4114; x_wconf 87' lang='lat' dir='ltr'>taberna...,</span> <span class='ocrx_word' id='word_1_240' title='bbox 828 4024 912 4095; x_wconf 90' lang='lat' dir='ltr'>item</span> <span class='ocrx_word' id='word_1_241' title='bbox 930 4024 1176 4114; x_wconf 90' lang='lat' dir='ltr'>hortulani...,</span> <span class='ocrx_word' id='word_1_242' title='bbox 1194 4024 1277 4094; x_wconf 89' lang='lat' dir='ltr'>item</span> <span class='ocrx_word' id='word_1_243' title='bbox 1295 4025 1474 4115; x_wconf 89' lang='lat' dir='ltr'>praedium</span> <span class='ocrx_word' id='word_1_244' title='bbox 1485 4081 1492 4095; x_wconf 93' lang='lat'><strong>.</strong></span> <span class='ocrx_word' id='word_1_245' title='bbox 1503 4080 1511 4095; x_wconf 90' lang='lat'><strong>.</strong></span> <span class='ocrx_word' id='word_1_246' title='bbox 1522 4049 1545 4115; x_wconf 88' lang='lat'>.;</span> <span class='ocrx_word' id='word_1_247' title='bbox 1563 4027 1646 4097; x_wconf 91' lang='lat' dir='ltr'>item</span> <span class='ocrx_word' id='word_1_248' title='bbox 1665 4025 1812 4097; x_wconf 90' lang='lat' dir='ltr'>ecclesia</span> 
     </span>
     <span class='ocr_line' id='line_1_28' title="bbox 258 4145 1811 4238; baseline -0.001 -21"><span class='ocrx_word' id='word_1_249' title='bbox 258 4152 297 4217; x_wconf 87' lang='lat' dir='ltr'>et</span> <span class='ocrx_word' id='word_1_250' title='bbox 315 4145 482 4238; x_wconf 89' lang='lat' dir='ltr'>plebanus</span> <span class='ocrx_word' id='word_1_251' title='bbox 506 4146 613 4217; x_wconf 90' lang='lat' dir='ltr'>hahet</span> <span class='ocrx_word' id='word_1_252' title='bbox 639 4145 689 4217; x_wconf 91' lang='lat' dir='ltr'>ibi</span> <span class='ocrx_word' id='word_1_253' title='bbox 714 4147 876 4237; x_wconf 86' lang='lat' dir='ltr'>proprios</span> <span class='ocrx_word' id='word_1_254' title='bbox 903 4165 1006 4236; x_wconf 86' lang='lat' dir='ltr'>agros</span> <span class='ocrx_word' id='word_1_255' title='bbox 1033 4145 1171 4236; x_wconf 85' lang='lat' dir='ltr'>liberos,</span> <span class='ocrx_word' id='word_1_256' title='bbox 1198 4167 1262 4237; x_wconf 87' lang='lat' dir='ltr'>pro</span> <span class='ocrx_word' id='word_1_257' title='bbox 1290 4167 1353 4219; x_wconf 89' lang='lat' dir='ltr'>suo</span> <span class='ocrx_word' id='word_1_258' title='bbox 1379 4147 1524 4237; x_wconf 86' lang='lat' dir='ltr'>praedio</span> <span class='ocrx_word' id='word_1_259' title='bbox 1542 4152 1579 4218; x_wconf 92' lang='lat' dir='ltr'>et</span> <span class='ocrx_word' id='word_1_260' title='bbox 1595 4148 1811 4220; x_wconf 84' lang='lat' dir='ltr'>necessitate.</span> 
     </span>
    </p>

    <p class='ocr_par' dir='ltr' id='par_1_11' title="bbox 885 4266 1425 4339">
     <span class='ocr_line' id='line_1_29' title="bbox 885 4266 1425 4339; baseline 0.002 -3"><span class='ocrx_word' id='word_1_261' title='bbox 885 4266 1201 4339; x_wconf 76' lang='lat' dir='ltr'>Wrnamownczn.</span> <span class='ocrx_word' id='word_1_262' title='bbox 1422 4266 1425 4272; x_wconf 83' lang='lat'>&#39;</span> 
     </span>
    </p>

    <p class='ocr_par' dir='ltr' id='par_1_12' title="bbox 259 4387 1887 5327">
     <span class='ocr_line' id='line_1_30' title="bbox 366 4387 1812 4480; baseline -0.001 -20"><span class='ocrx_word' id='word_1_263' title='bbox 366 4387 460 4461; x_wconf 91' lang='lat' dir='ltr'>Villa</span> <span class='ocrx_word' id='word_1_264' title='bbox 485 4389 617 4462; x_wconf 86' lang='lat' dir='ltr'>habens</span> <span class='ocrx_word' id='word_1_265' title='bbox 644 4390 680 4459; x_wconf 93' lang='lat' dir='ltr'>in</span> <span class='ocrx_word' id='word_1_266' title='bbox 708 4409 745 4460; x_wconf 87' lang='lat' dir='ltr'>se</span> <span class='ocrx_word' id='word_1_267' title='bbox 772 4388 1004 4478; x_wconf 88' lang='lat' dir='ltr'>parochialem</span> <span class='ocrx_word' id='word_1_268' title='bbox 1032 4387 1363 4479; x_wconf 88' lang='lat' dir='ltr'>ecclesiam‚·Sanct</span> <span class='ocrx_word' id='word_1_269' title='bbox 1390 4444 1398 4459; x_wconf 90' lang='lat'><strong>.</strong></span> <span class='ocrx_word' id='word_1_270' title='bbox 1426 4445 1433 4459; x_wconf 93' lang='lat'><strong>.</strong></span> <span class='ocrx_word' id='word_1_271' title='bbox 1461 4446 1484 4480; x_wconf 87' lang='lat'>.‚</span> <span class='ocrx_word' id='word_1_272' title='bbox 1521 4391 1618 4461; x_wconf 83' lang='lat' dir='ltr'>cuius</span> <span class='ocrx_word' id='word_1_273' title='bbox 1644 4389 1812 4461; x_wconf 89' lang='lat' dir='ltr'>haeredes</span> 
     </span>
     <span class='ocr_line' id='line_1_31' title="bbox 259 4508 1813 4600; baseline -0.001 -18"><span class='ocrx_word' id='word_1_274' title='bbox 259 4509 439 4582; x_wconf 87' lang='lat' dir='ltr'>Jchannes</span> <span class='ocrx_word' id='word_1_275' title='bbox 474 4516 511 4581; x_wconf 91' lang='lat' dir='ltr'>et</span> <span class='ocrx_word' id='word_1_276' title='bbox 536 4509 770 4599; x_wconf 86' lang='lat' dir='ltr'>Nicolausde</span> <span class='ocrx_word' id='word_1_277' title='bbox 797 4509 899 4580; x_wconf 90' lang='lat' dir='ltr'>domo</span> <span class='ocrx_word' id='word_1_278' title='bbox 927 4508 1143 4600; x_wconf 82' lang='lat' dir='ltr'>Cornycz.</span> <span class='ocrx_word' id='word_1_279' title='bbox 1178 4510 1220 4580; x_wconf 93' lang='lat' dir='ltr'>In</span> <span class='ocrx_word' id='word_1_280' title='bbox 1248 4530 1316 4600; x_wconf 88' lang='lat' dir='ltr'>qua</span> <span class='ocrx_word' id='word_1_281' title='bbox 1343 4514 1425 4581; x_wconf 86' lang='lat' dir='ltr'>sunt</span> <span class='ocrx_word' id='word_1_282' title='bbox 1451 4511 1543 4581; x_wconf 89' lang='lat' dir='ltr'>lanei</span> <span class='ocrx_word' id='word_1_283' title='bbox 1570 4511 1813 4600; x_wconf 89' lang='lat' dir='ltr'>emethonales,</span> 
     </span>
     <span class='ocr_line' id='line_1_32' title="bbox 259 4620 1813 4722; baseline -0.001 -20"><span class='ocrx_word' id='word_1_284' title='bbox 259 4631 305 4703; x_wconf 91' lang='lat' dir='ltr'>de</span> <span class='ocrx_word' id='word_1_285' title='bbox 332 4632 456 4722; x_wconf 90' lang='lat' dir='ltr'>quibus</span> <span class='ocrx_word' id='word_1_286' title='bbox 483 4631 646 4722; x_wconf 84' lang='lat' dir='ltr'>solvitur,</span> <span class='ocrx_word' id='word_1_287' title='bbox 675 4630 831 4722; x_wconf 85' lang='lat' dir='ltr'>solvique</span> <span class='ocrx_word' id='word_1_288' title='bbox 858 4631 962 4703; x_wconf 89' lang='lat' dir='ltr'>debet</span> <span class='ocrx_word' id='word_1_289' title='bbox 989 4631 1123 4719; x_wconf 85' lang='lat' dir='ltr'>decima</span> <span class='ocrx_word' id='word_1_290' title='bbox 1150 4620 1375 4721; x_wconf 77' lang='lat' dir='ltr'>manipulaiis</span> <span class='ocrx_word' id='word_1_291' title='bbox 1402 4652 1466 4721; x_wconf 91' lang='lat' dir='ltr'>pro</span> <span class='ocrx_word' id='word_1_292' title='bbox 1493 4630 1702 4702; x_wconf 88' lang='lat' dir='ltr'>scholastria</span> <span class='ocrx_word' id='word_1_293' title='bbox 1728 4631 1813 4702; x_wconf 75' lang='lat' dir='ltr'>(lra-</span> 
     </span>
     <span class='ocr_line' id='line_1_33' title="bbox 260 4751 1812 4844; baseline -0.001 -20"><span class='ocrx_word' id='word_1_294' title='bbox 260 4751 433 4842; x_wconf 83' lang='lat' dir='ltr'>covicnsi3</span> <span class='ocrx_word' id='word_1_295' title='bbox 468 4773 532 4844; x_wconf 90' lang='lat' dir='ltr'>per</span> <span class='ocrx_word' id='word_1_296' title='bbox 566 4753 710 4825; x_wconf 89' lang='lat' dir='ltr'>abusum</span> <span class='ocrx_word' id='word_1_297' title='bbox 745 4757 860 4822; x_wconf 90' lang='lat' dir='ltr'>tamen</span> <span class='ocrx_word' id='word_1_298' title='bbox 888 4759 924 4822; x_wconf 92' lang='lat' dir='ltr'>et</span> <span class='ocrx_word' id='word_1_299' title='bbox 950 4753 1197 4842; x_wconf 86' lang='lat' dir='ltr'>negligentiam</span> <span class='ocrx_word' id='word_1_300' title='bbox 1224 4752 1527 4843; x_wconf 89' lang='lat' dir='ltr'>scholasticorum,</span> <span class='ocrx_word' id='word_1_301' title='bbox 1555 4772 1723 4824; x_wconf 82' lang='lat' dir='ltr'>cotnversa</span> <span class='ocrx_word' id='word_1_302' title='bbox 1749 4752 1812 4841; x_wconf 87' lang='lat' dir='ltr'>est,</span> 
     </span>
     <span class='ocr_line' id='line_1_34' title="bbox 259 4869 1813 4965; baseline -0.001 -22"><span class='ocrx_word' id='word_1_303' title='bbox 259 4874 297 4944; x_wconf 91' lang='lat' dir='ltr'>in</span> <span class='ocrx_word' id='word_1_304' title='bbox 325 4873 546 4965; x_wconf 85' lang='lat' dir='ltr'>pecuniolam,</span> <span class='ocrx_word' id='word_1_305' title='bbox 574 4880 610 4946; x_wconf 90' lang='lat' dir='ltr'>et</span> <span class='ocrx_word' id='word_1_306' title='bbox 636 4873 742 4945; x_wconf 87' lang='lat' dir='ltr'>solvit</span> <span class='ocrx_word' id='word_1_307' title='bbox 767 4873 866 4944; x_wconf 76' lang='lat' dir='ltr'>arinis</span> <span class='ocrx_word' id='word_1_308' title='bbox 893 4873 1039 4962; x_wconf 86' lang='lat' dir='ltr'>singolis</span> <span class='ocrx_word' id='word_1_309' title='bbox 1066 4873 1214 4945; x_wconf 89' lang='lat' dir='ltr'>mediam</span> <span class='ocrx_word' id='word_1_310' title='bbox 1240 4894 1391 4944; x_wconf 87' lang='lat' dir='ltr'>marcam</span> <span class='ocrx_word' id='word_1_311' title='bbox 1417 4869 1567 4944; x_wconf 90' lang='lat' dir='ltr'>latorum</span> <span class='ocrx_word' id='word_1_312' title='bbox 1594 4893 1813 4963; x_wconf 81' lang='lat' dir='ltr'>grossorum3</span> 
     </span>
     <span class='ocr_line' id='line_1_35' title="bbox 259 4992 1887 5085; baseline 0.002 -20"><span class='ocrx_word' id='word_1_313' title='bbox 259 4993 323 5065; x_wconf 86' lang='lat' dir='ltr'>sed</span> <span class='ocrx_word' id='word_1_314' title='bbox 350 4993 603 5068; x_wconf 87' lang='lat' dir='ltr'>diversificatur</span> <span class='ocrx_word' id='word_1_315' title='bbox 629 4995 806 5085; x_wconf 90' lang='lat' dir='ltr'>perceptio</span> <span class='ocrx_word' id='word_1_316' title='bbox 833 4993 984 5066; x_wconf 87' lang='lat' dir='ltr'>decimae</span> <span class='ocrx_word' id='word_1_317' title='bbox 1010 4994 1047 5064; x_wconf 91' lang='lat' dir='ltr'>in</span> <span class='ocrx_word' id='word_1_318' title='bbox 1074 4996 1273 5084; x_wconf 90' lang='lat' dir='ltr'>episcopum</span> <span class='ocrx_word' id='word_1_319' title='bbox 1291 5001 1327 5064; x_wconf 92' lang='lat' dir='ltr'>et</span> <span class='ocrx_word' id='word_1_320' title='bbox 1345 4994 1588 5066; x_wconf 87' lang='lat' dir='ltr'>scholasticum</span> <span class='ocrx_word' id='word_1_321' title='bbox 1606 4992 1813 5065; x_wconf 79' lang='lat' dir='ltr'>Gracovien-</span> <span class='ocrx_word' id='word_1_322' title='bbox 1882 5059 1887 5068; x_wconf 94' lang='lat'><em>.</em></span> 
     </span>
     <span class='ocr_line' id='line_1_36' title="bbox 261 5114 1812 5206; baseline -0.001 -20"><span class='ocrx_word' id='word_1_323' title='bbox 261 5135 353 5186; x_wconf 88' lang='lat' dir='ltr'>sem:</span> <span class='ocrx_word' id='word_1_324' title='bbox 380 5115 463 5186; x_wconf 90' lang='lat' dir='ltr'>item</span> <span class='ocrx_word' id='word_1_325' title='bbox 498 5116 548 5187; x_wconf 91' lang='lat' dir='ltr'>ibi</span> <span class='ocrx_word' id='word_1_326' title='bbox 581 5117 689 5188; x_wconf 91' lang='lat' dir='ltr'>habet</span> <span class='ocrx_word' id='word_1_327' title='bbox 724 5116 869 5187; x_wconf 89' lang='lat' dir='ltr'>ecclesia</span> <span class='ocrx_word' id='word_1_328' title='bbox 905 5121 942 5186; x_wconf 92' lang='lat' dir='ltr'>et</span> <span class='ocrx_word' id='word_1_329' title='bbox 968 5114 1135 5206; x_wconf 91' lang='lat' dir='ltr'>plebanus</span> <span class='ocrx_word' id='word_1_330' title='bbox 1163 5116 1323 5204; x_wconf 90' lang='lat' dir='ltr'>proprios</span> <span class='ocrx_word' id='word_1_331' title='bbox 1351 5135 1454 5204; x_wconf 88' lang='lat' dir='ltr'>agros</span> <span class='ocrx_word' id='word_1_332' title='bbox 1481 5114 1610 5187; x_wconf 89' lang='lat' dir='ltr'>liberos</span> <span class='ocrx_word' id='word_1_333' title='bbox 1637 5120 1674 5185; x_wconf 92' lang='lat' dir='ltr'>et</span> <span class='ocrx_word' id='word_1_334' title='bbox 1700 5121 1812 5205; x_wconf 86' lang='lat' dir='ltr'>prata,</span> 
     </span>
     <span class='ocr_line' id='line_1_37' title="bbox 259 5233 939 5327; baseline 0 -21"><span class='ocrx_word' id='word_1_335' title='bbox 259 5255 326 5324; x_wconf 88' lang='lat' dir='ltr'>pro</span> <span class='ocrx_word' id='word_1_336' title='bbox 354 5257 417 5308; x_wconf 89' lang='lat' dir='ltr'>suo</span> <span class='ocrx_word' id='word_1_337' title='bbox 443 5237 586 5327; x_wconf 88' lang='lat' dir='ltr'>praedio</span> <span class='ocrx_word' id='word_1_338' title='bbox 613 5242 649 5308; x_wconf 89' lang='lat' dir='ltr'>et</span> <span class='ocrx_word' id='word_1_339' title='bbox 674 5237 890 5309; x_wconf 87' lang='lat' dir='ltr'>necessitate.</span> <span class='ocrx_word' id='word_1_340' title='bbox 934 5233 939 5240; x_wconf 82' lang='lat'>&#39;</span> 
     </span>
    </p>

    <p class='ocr_par' dir='ltr' id='par_1_13' title="bbox 832 5357 1205 5430">
     <span class='ocr_line' id='line_1_38' title="bbox 832 5357 1205 5430; baseline -0.003 -2"><span class='ocrx_word' id='word_1_341' title='bbox 832 5358 836 5362; x_wconf 82' lang='grc'><strong>’</strong></span> <span class='ocrx_word' id='word_1_342' title='bbox 885 5357 1205 5430; x_wconf 75' lang='lat' dir='ltr'>Prsznazowrczn.</span> 
     </span>
    </p>

    <p class='ocr_par' dir='ltr' id='par_1_14' title="bbox 258 5475 1810 5814">
     <span class='ocr_line' id='line_1_39' title="bbox 367 5475 1810 5569; baseline -0.002 -19"><span class='ocrx_word' id='word_1_343' title='bbox 367 5477 463 5550; x_wconf 90' lang='lat' dir='ltr'>Villa</span> <span class='ocrx_word' id='word_1_344' title='bbox 486 5478 618 5550; x_wconf 88' lang='lat' dir='ltr'>habens</span> <span class='ocrx_word' id='word_1_345' title='bbox 642 5480 826 5551; x_wconf 87' lang='lat' dir='ltr'>ecelesiam</span> <span class='ocrx_word' id='word_1_346' title='bbox 851 5478 1084 5569; x_wconf 90' lang='lat' dir='ltr'>parochialem</span> <span class='ocrx_word' id='word_1_347' title='bbox 1111 5479 1148 5549; x_wconf 93' lang='lat' dir='ltr'>in</span> <span class='ocrx_word' id='word_1_348' title='bbox 1175 5497 1212 5549; x_wconf 91' lang='lat' dir='ltr'>se</span> <span class='ocrx_word' id='word_1_349' title='bbox 1239 5530 1300 5546; x_wconf 87' lang='lat'>...</span> <span class='ocrx_word' id='word_1_350' title='bbox 1315 5530 1323 5544; x_wconf 94' lang='lat'><strong><em>.</em></strong></span> <span class='ocrx_word' id='word_1_351' title='bbox 1341 5531 1377 5566; x_wconf 87' lang='lat'>.‚</span> <span class='ocrx_word' id='word_1_352' title='bbox 1412 5475 1519 5548; x_wconf 90' lang='lat' dir='ltr'>Sanct</span> <span class='ocrx_word' id='word_1_353' title='bbox 1545 5530 1633 5546; x_wconf 90' lang='lat'><strong>....</strong></span> <span class='ocrx_word' id='word_1_354' title='bbox 1652 5530 1687 5566; x_wconf 80' lang='grc'>.,</span> <span class='ocrx_word' id='word_1_355' title='bbox 1714 5478 1810 5548; x_wconf 90' lang='lat' dir='ltr'>cuius</span> 
     </span>
     <span class='ocr_line' id='line_1_40' title="bbox 259 5581 1808 5691; baseline -0.001 -19"><span class='ocrx_word' id='word_1_356' title='bbox 259 5601 386 5674; x_wconf 88' lang='lat' dir='ltr'>haeres</span> <span class='ocrx_word' id='word_1_357' title='bbox 413 5586 591 5672; x_wconf 82' lang='lat' dir='ltr'>Johannes</span> <span class='ocrx_word' id='word_1_358' title='bbox 617 5598 857 5691; x_wconf 79' lang='lat' dir='ltr'>Balynslry</span> <span class='ocrx_word' id='word_1_359' title='bbox 883 5599 926 5671; x_wconf 90' lang='lat' dir='ltr'>de</span> <span class='ocrx_word' id='word_1_360' title='bbox 946 5599 1047 5672; x_wconf 92' lang='lat' dir='ltr'>domo</span> <span class='ocrx_word' id='word_1_361' title='bbox 1066 5651 1182 5669; x_wconf 90' lang='grc'><strong>.....</strong></span> <span class='ocrx_word' id='word_1_362' title='bbox 1208 5597 1249 5669; x_wconf 93' lang='lat' dir='ltr'>In</span> <span class='ocrx_word' id='word_1_363' title='bbox 1269 5617 1337 5687; x_wconf 89' lang='lat' dir='ltr'>qua</span> <span class='ocrx_word' id='word_1_364' title='bbox 1354 5601 1435 5667; x_wconf 90' lang='lat' dir='ltr'>sunt</span> <span class='ocrx_word' id='word_1_365' title='bbox 1451 5597 1545 5668; x_wconf 90' lang='lat' dir='ltr'>lanei</span> <span class='ocrx_word' id='word_1_366' title='bbox 1562 5581 1808 5689; x_wconf 86' lang='lat' dir='ltr'>emethonales,</span> 
     </span>
     <span class='ocr_line' id='line_1_41' title="bbox 258 5700 1806 5814; baseline 0.001 -20"><span class='ocrx_word' id='word_1_367' title='bbox 258 5720 302 5794; x_wconf 87' lang='lat' dir='ltr'>de</span> <span class='ocrx_word' id='word_1_368' title='bbox 338 5721 465 5812; x_wconf 87' lang='lat' dir='ltr'>quibus</span> <span class='ocrx_word' id='word_1_369' title='bbox 500 5721 658 5794; x_wconf 88' lang='lat' dir='ltr'>omnibus</span> <span class='ocrx_word' id='word_1_370' title='bbox 695 5720 816 5811; x_wconf 88' lang='lat' dir='ltr'>datur,</span> <span class='ocrx_word' id='word_1_371' title='bbox 852 5719 995 5814; x_wconf 86' lang='lat' dir='ltr'>darique</span> <span class='ocrx_word' id='word_1_372' title='bbox 1030 5719 1134 5792; x_wconf 86' lang='lat' dir='ltr'>debet</span> <span class='ocrx_word' id='word_1_373' title='bbox 1167 5700 1393 5814; x_wconf 81' lang='lat' dir='ltr'>manipularis</span> <span class='ocrx_word' id='word_1_374' title='bbox 1420 5718 1553 5791; x_wconf 91' lang='lat' dir='ltr'>decima</span> <span class='ocrx_word' id='word_1_375' title='bbox 1578 5717 1806 5796; x_wconf 73' lang='lat' dir='ltr'>scholastriae</span> 
     </span>
    </p>
   </div>
   <div class='ocr_carea' id='block_1_5' title="bbox 0 0 2280 6596">
    <p class='ocr_par' dir='ltr' id='par_1_15' title="bbox 0 0 2280 6596">
     <span class='ocr_line' id='line_1_42' title="bbox 0 0 2280 6596; baseline 0 0"><span class='ocrx_word' id='word_1_376' title='bbox 0 0 2280 6596; x_wconf 95' lang='lat' dir='ltr'> </span> 
     </span>
    </p>
   </div>
  </div>
 </body>
</html>
