4550 6600
1582 818 1587 827 ’
1670 801 1765 872 439,

196 1010 368 1102 canapalis
395 1030 458 1101 pro
485 1007 686 1101 praehenda
711 1006 866 1080 Novae
894 1006 1138 1098 Civitatis,
1165 1014 1203 1079 et
1228 1009 1327 1081 valor
1353 1010 1427 1080 eius
1454 1007 1498 1080 ad
1526 1029 1586 1081 sex
1603 1029 1747 1081 marcas.
1889 1001 1900 1009 ”

194 1136 280 1208 Item
306 1154 375 1205 non
403 1137 457 1203 est
482 1132 531 1203 ibi
558 1120 748 1221 praedium,
775 1152 844 1203 666
872 1134 953 1202 6661
978 1130 1209 1221 1666166166,
1235 1152 1303 1202 666
1332 1119 1413 1202 6661
1438 1110 1641 1203 tabernae.=

295 1254 487 1342 Wuuuur,
524 1253 606 1326 uilla
641 1252 740 1343 regia
774 1253 838 1325 suh
874 1253 1039 1343 parochia
1075 1252 1118 1325 de
1154 1251 1356 1325 Korczin
1384 1253 1462 1324 sita.
1502 1253 1542 1324 Iu
1569 1276 1638 1345 qua
1664 1260 1745 1326 suut

193 1378 280 1449 lanei
307 1376 549 1466 emethouales
576 1376 658 1447 item
685 1375 865 1466 praedium
893 1374 1025 1467 regium
1052 1375 1185 1448 hahens
1211 1396 1315 1465 agros
1342 1375 1469 1465 largos,
1492 1375 1575 1447 1166
1598 1377 1744 1448 taberna

193 1500 320 1571 hahens
348 1518 462 1589 agros,
489 1496 531 1569 de
559 1496 684 1588 quibus
712 1494 871 1571 omnibus
898 1498 1046 1569 solvitur
1072 1504 1108 1570 et
1136 1497 1342 1570 conducitur
1369 1496 1501 1568 166166
1518 1497 1763 1599 manipularis

193 1623 227 1691 et
251 1618 427 1709 canapalis
454 1640 517 1709 pro
544 1615 743 1710 praebenda
768 1616 921 1693 Nouae
947 1618 1182 1711 Civitatis,
1211 1624 1247 1691 61
1272 1618 1372 1692 valor
1395 1620 1470 1692 eius
1493 1618 1539 1691 ad
1558 1623 1634 1691 octo
1653 1639 1744 1690 mar·
1785 1632 1789 1641 ’

195 1762 249 1814 cas
276 1740 489 1813 6661166166.
606 1740 609 1745 ’

759 1874 760 1877 ’
873 1860 1060 1933 Konozuu.

291 1982 387 2089 111116
414 1983 520 2073 regia,
548 1982 679 2055 hahens
706 1984 883 2056 ecclesiam
911 1982 1143 2074 parochialem
1170 1984 1243 2055 Deo
1270 1990 1308 2057 61
1333 1985 1459 2057 Sancto
1487 1984 1631 2056 Nicolao
1650 1983 1742 2055 dica-

193 2112 260 2179 tam
290 2104 326 2175 in
356 2126 411 2195 se,
439 2105 537 2176 cuius
573 2105 698 2177 chorus
734 2110 771 2177 61
798 2105 958 2177 sacristia
984 2104 1063 2176 albo
1090 2104 1207 2195 lapide
1233 2127 1296 2195 per
1323 2105 1528 2178 Gasimirum
1555 2105 1763 2179 secundum

134 2213 140 2224 ¹
192 2227 356 2299 Poloniae
378 2247 507 2318 'regem
543 2214 714 2299 fabricata
750 2230 849 2317 sunt3
877 2226 974 2299 cuius
1001 2228 1122 2299 unicus
1149 2232 1318 2318 patronus
1344 2227 1509 2299 Polouiae
1536 2249 1617 2319 rex,
1644 2229 1742 2301 cuius

193 2348 358 2440 plebanus
386 2347 545 2421 Andreas
574 2349 759 2440 presbyter
786 2348 829 2421 de
856 2348 1161 2440 Pabyanicze.
1201 2349 1242 2419 In
1270 2370 1337 2439 qua
1363 2355 1446 2420 sunt
1471 2350 1562 2421 lanei
1590 2350 1743 2425 cmetho·

192 2470 293 2561 66166,
320 2470 407 2541 1166
435 2470 613 2561 praedium
640 2471 767 2561 regale,
794 2471 877 2542 item
903 2470 1070 2543 tabernae
1096 2471 1266 2543 hahentes
1292 2492 1405 2563 agros,
1422 2471 1506 2543 1166
1523 2471 1743 2544 hortulaniae

192 2593 359 2665 habentes
385 2613 497 2683 agros,
514 2592 567 2665 Δ16
595 2591 720 2683 quibus
748 2580 906 2665 omnibus
934 2592 1080 2666 solvitur
1107 2598 1144 2665 et
1162 2593 1375 2665 conducitur
1398 2594 1532 2665 decima
1553 2594 1744 2685 manipula-

192 2714 238 2785 ris
251 2800 258 2806 ,
272 2719 308 2785 61
345 2714 521 2806 canapalis
557 2735 621 2805 pro
658 2712 804 2785 ecclesia
834 2714 870 2785 in
904 2714 1124 2805 Korczin,
1152 2720 1190 2787 61
1223 2714 1323 2808 valor
1359 2716 1432 2786 eius
1468 2715 1671 2787 aestimatur
1697 2714 1764 2786 61·

195 2836 385 2927 quindecim
422 2856 564 2909 marcas.
598 2836 686 2907 Item
714 2836 859 2913 ecclesia
893 2837 999 2909 habet
1018 2836 1186 2928 proprios
1213 2857 1316 2927 agros
1343 2858 1407 2927 pro
1433 2836 1576 2927 praedio
1603 2841 1742 2909 etcum

195 2958 407 3049 pratis...

293 3078 508 3153 Gzaaurrou
535 3070 674 3169 Mirou,
702 3078 786 3151 villa
812 3080 876 3151 sub
902 3080 1068 3171 parochia
1095 3079 1137 3151 16
1165 3058 1362 3151 Korczin
1390 3080 1468 3170 sita,
1494 3080 1591 3152 cuius
1618 3080 1741 3151 haeres

195 3202 349 3275 Andreas
378 3200 708 3294 Trzczyenslry'
735 3200 822 3271 alias
850 3198 1673 3301 GzarnhowskydedomoPolukosza.
1700 3199 1741 3271 16
1878 3289 1884 3309 x

195 3346 258 3415 qua
284 3317 367 3397 sunt
393 3323 484 3396 lanei
512 3323 759 3415 66611666166,
787 3323 829 3395 16
857 3324 982 3414 quihus
1010 3323 1156 3396 solvitur
1182 3328 1219 3396 et
1243 3323 1448 3396 conducitur
1474 3323 1608 3395 decimo
1633 3324 1743 3396 maui-

194 3446 319 3536 pularis
355 3445 614 3535 tantummodo;
651 3445 695 3516 ad
731 3445 930 3536 canapalem
967 3445 1058 3517 enim
1095 3468 1165 3518 non
1200 3450 1366 3519 tenemur
1400 3465 1465 3536 pro
1499 3447 1744 3555 praepositura

194 3563 399 3658 Visliciensi‚
426 3571 461 3638 61
487 3567 585 3639 valor
612 3566 685 3638 eius
713 3567 918 3638 aestimatur
945 3567 990 3646 ad
1009 3621 1042 3638 ..
1069 3622 1077 3637 .
1103 3567 1192 3640 Item
1219 3573 1273 3640 est
1299 3569 1348 3639 ihi
1375 3566 1554 3659 praedium
1581 3569 1742 3659 militare,

195 3688 326 3780 dequo
365 3688 558 3760 decimatur
593 3688 757 3760 ecclesiae
792 3688 828 3758 in
863 3688 1151 3779 Damhrowa‚
1178 3694 1215 3760 et
1241 3689 1340 3761 valor
1366 3690 1440 3760 eius
1467 3690 1671 3761 aestimatur
1698 3688 1743 3760 ad

195 3810 275 3882 duas
301 3831 455 3900 marcas,
481 3811 567 3882 item
594 3809 761 3882 tabernae
787 3831 856 3882 nou
884 3815 980 3900 sunt,
1008 3827 1120 3901 neque
1147 3810 1387 3900 hortulaniae;
1422 3810 1505 3882 1166
1533 3810 1680 3882 ecclesia
1705 3802 1741 3880 in
1823 3825 1826 3830 ·

193 3929 402 4023 Korczyu
429 3930 536 4004 hahet
563 3931 860 4004 columbationem.

292 4053 505 4125 Gzanuuow
533 4051 670 4144 Muros,
698 4053 781 4125 uilla
808 4052 872 4125 sub
891 4052 1057 4144 parochia
1084 4052 1127 4124 16
1154 4051 1357 4143 Korczin
1385 4053 1464 4143 6116,
1493 4053 1592 4126 66166
1619 4051 1742 4125 hao're-

194 4173 249 4246 des
276 4175 403 4248 Petrus
430 4173 587 4266 Kanya
614 4173 785 4247 dedomo
813 4165 1089 4267 Streparum
1115 4181 1152 4247 et
1171 4229 1339 4246 .......
1379 4176 1420 4247 16
1449 4197 1517 4267 qua
1544 4181 1625 4248 sunt
1651 4177 1742 4248 lanei

194 4297 434 4386 66611666166,
461 4295 503 4367 16
531 4296 656 4387 quibus
684 4295 832 4369 solvitur
860 4296 993 4369 decima
1010 4297 1246 4388 manipularis,
1273 4297 1318 4368 ad
1337 4297 1536 4388 canapalem
1563 4298 1655 4370 enim
1673 4321 1742 4370 uon

193 4423 361 4508 tenentur,
390 4437 452 4509 pro
472 4417 716 4508 praepositura
743 4417 959 4510 Visliciensi‚
987 4423 1023 4490 et
1050 4419 1149 4492 valor
1175 4419 1250 4490 6166
1277 4402 1482 4492 aestimatur
1509 4420 1580 4502 ad.
1600 4476 1607 4490 .
1680 4475 1687 4490 .
1706 4475 1741 4490 ..

193 4537 277 4610 1166
305 4543 388 4611 6661
405 4539 454 4610 111
474 4538 542 4610 166
561 4539 704 4630 praedia
731 4540 906 4632 militaria,
934 4539 1121 4631 dequibus
1148 4539 1341 4613 decimatur
1363 4541 1529 4614 ecclesiae
1555 4542 1592 4612 in
1618 4541 1739 4612 Darn-

193 4661 361 4752 166666,
399 4665 434 4732 61
460 4660 558 4733 valor
584 4660 738 4732 decimae
761 4661 811 4762 ad
837 4669 911 4734 tres
936 4683 1072 4734 marcas
1108 4663 1322 4736 aestimatur.
1366 4663 1456 4736 Item
1486 4685 1556 4735 non
1583 4667 1664 4736 6661
1691 4662 1741 4733 111

194 4782 368 4873 tabernae,
396 4802 507 4873 neque
534 4782 761 4855 hortulaniae.
796 4783 883 4856 Item
910 4783 1078 4875 'plebanus
1105 4784 1149 4857 de
1175 4785 1378 4858 Korcziu
1403 4786 1510 4858 hahet
1536 4785 1585 4856 ihi
1612 4784 1741 4856 colum·
1849 4769 1852 4772 ⁴

194 4903 376 4977 bationem.

293 5025 484 5115 Ksormru,
524 5024 608 5097 uilla
635 5026 699 5098 sub
725 5026 891 5118 parochia
918 5027 961 5099 de
992 5024 1302 5119 (16666166116,
1344 5027 1440 5100 cuins
1472 5027 1668 5119 proprietas
1695 5026 1740 5101 ad

196 5145 390 5248 episcopum
426 5144 690 5219 Oraooviensem
725 5149 886 5240 pertinet.
930 5149 970 5220 ln
999 5171 1066 5240 qua
1101 5150 1192 5222 sunt
1218 5150 1336 5224 decem
1370 5151 1463 5225 lanei
1498 5146 1740 5222 emethouales.

195 5267 281 5340 Item
306 5266 486 5360 praedium
513 5269 707 5361 episcopale
734 5275 771 5341 et
797 5291 866 5343 una
891 5263 1039 5343 taberna
1065 5271 1197 5345 hahens
1224 5293 1337 5365 agros,
1364 5272 1554 5365 dequibus
1581 5273 1739 5344 omnibus

197 5389 338 5462 solvitur
365 5395 401 5463 et
427 5379 629 5464 conducitur
656 5391 789 5466 decima
814 5393 1039 5485 manipudaris
1070 5399 1107 5466 61
1134 5395 1308 5485 canapalis
1334 5415 1397 5486 pro
1425 5395 1586 5486 episcopo
1613 5393 1739 5466 (16666-

196 5510 320 5602 66661,
360 5518 396 5585 61
421 5513 520 5584 valor
547 5515 621 5587 eius
648 5515 852 5588 aestimatur
879 5515 924 5587 ad
950 5515 1075 5606 viginti
1101 5536 1254 5607 666666,
1294 5521 1435 5606 praeter
1461 5537 1566 5588 unum
1592 5515 1738 5605 laneum,
1857 5572 1859 5576 .

198 5629 240 5702 61
266 5632 506 5706 scholastriam
533 5633 847 5710 Sandomiriensem
873 5637 1113 5728 pertinentem,
1140 5638 1196 5710 cui
1221 5643 1258 5711 et
1285 5658 1424 5711 666666
1451 5638 1564 5730 soluit,
1592 5642 1628 5714 et
1646 5636 1738 5711 deci-

197 5771 283 5823 mam
307 5755 566 5846 manipularem.
