4550 6600
506 757 583 839 tao

609 969 801 1056 Zacorum,
828 964 912 1037 villa
934 963 998 1035 sub
1016 959 1183 1054 parochia
1208 960 1253 1032 de
1278 958 1426 1032 Parva
1452 954 1707 1030 Gasimiria
1731 959 1808 1029 sita
1833 956 1874 1029 In
1893 964 2057 1047 quaeunt

506 1092 598 1164 lanei
625 1087 869 1177 cmethonales‚
896 1087 978 1157 item
1005 1086 1182 1174 tabernae
1208 1084 1293 1155 item
1319 1081 1508 1171 hortulani,
1548 1081 1592 1151 de
1619 1081 1746 1171 quibus
1772 1080 1931 1151 omnibus
1957 1077 2058 1149 solsi-

505 1222 565 1285 tur
592 1217 627 1284 et
653 1210 858 1283 conducitur
895 1208 1029 1281 decima
1054 1205 1280 1296 manipularis
1299 1209 1344 1301 ¹et
1370 1204 1547 1294 canapalis
1577 1223 1642 1293 pro
1669 1204 1871 1293 episcopatu
1898 1200 2059 1273 Oracovi-

386 1358 391 1363 ·
507 1335 591 1407 ensi.
617 1334 706 1406 Item
733 1330 913 1423 praedium
940 1333 994 1401 est
1019 1329 1069 1400 ibi
1095 1327 1255 1419 militare,
1283 1326 1375 1417 quod
1403 1325 1553 1397 decimat
1570 1317 1736 1397 ecelesiae
1761 1324 1798 1395 in
1825 1322 2002 1411 chelm,
2026 1324 2060 1393 in

507 1464 604 1527 terra
630 1454 849 1546 Synodiensi‚
885 1450 946 1522 sed
974 1448 1120 1521 ecclesia
1146 1450 1182 1519 in
1217 1447 1390 1519 Minori
1427 1446 1684 1518 Gasimiria
1718 1446 1826 1519 habet
1852 1463 1962 1535 super
1989 1463 2062 1514 ean

508 1578 730 1651 munimenta.

414 1694 415 1697 ’
612 1698 970 1785 Zmarunnowrozs,
1011 1693 1094 1766 villa
1120 1692 1184 1766 sub
1211 1691 1379 1783 parocbia
1404 1690 1448 1762 de
1483 1690 1661 1764 Minori
1697 1688 1954 1761 Gasimiria
1988 1687 2064 1776 sita

509 1819 606 1893 cuius
633 1818 801 1891 haeredes
829 1816 1022 1890 Stanislaus
1025 1870 1090 1906 .......
1117 1817 1202 1887 item
1227 1813 1394 1887 Konwa
1419 1814 1462 1885 de
1490 1815 1597 1885 armis
1623 1812 1901 1903 Streparum.
1928 1809 1970 1879 In
1998 1830 2065 1899 oua

495 1949 591 2015 sunt
616 1942 708 2015 lanai
735 1938 978 2029 cmethonales3
1006 1938 1089 2009 item
1116 1936 1336 2009 hortulaniae
1363 1937 1532 2009 habentes
1559 1955 1672 2026 agros,
1699 1933 1890 2024 dequibus
1916 1931 2065 2003 solvitur

509 2062 642 2137 decima
667 2038 912 2152 manipularis·
931 2081 995 2150 pro
1022 2060 1168 2131 ecclesia
1193 2060 1230 2131 in
1255 2057 1431 2129 Minori
1465 2057 1738 2147 slasimiria²
1778 2062 1815 2128 et
1840 2059 1924 2145 post
1950 2055 2064 2125 omnia

508 2185 652 2276 praedia
679 2184 845 2256 nobilium
872 2184 921 2255 ibi
949 2182 1171 2271 manentium,
1197 2185 1234 2251 et
1259 2182 1359 2253 valor
1376 2180 1529 2253 decimae
1556 2180 1601 2251 ad
1629 2180 1779 2271 quinque
1805 2197 1945 2249 marcas
1962 2176 2064 2247 aesti-

509 2314 635 2380 matur.

614 2429 869 2517 Mnoconuczn‚
896 2426 981 2499 villa
999 2426 1063 2499 sub
1081 2424 1247 2516 parochia
1264 2424 1308 2496 de
1334 2423 1486 2497 Parva
1511 2422 1767 2495 Gasimiria
1793 2422 1872 2511 sita,
1900 2440 2061 2492 unacum

509 2549 645 2623 duabus
680 2549 836 2622 tabernis
871 2548 1079 2620 habentibus
1107 2567 1228 2640 agros,
1264 2546 1309 2617 ad
1335 2545 1598 2637 Podolyani
1632 2544 1883 2635 spectantibus.
1927 2542 1969 2613 In
1996 2562 2062 2632 qua

510 2676 564 2749 est
590 2670 769 2761 praedium
796 2670 955 2759 militaro,
982 2669 1025 2740 de
1053 2668 1150 2741 cuius
1177 2668 1271 2757 agris
1298 2674 1335 2739 et
1360 2666 1596 2759 praefatarum
1614 2668 1850 2755 tabernarum,
1877 2666 1978 2735 iuxta
2004 2662 2064 2734 ilu-
2116 2642 2121 2652 ⁶

415 2846 418 2849 -
509 2780 611 2867 vium
631 2791 857 2865 Nidzicza
884 2792 1041 2881 sitarum,
1068 2791 1219 2863 solvitur
1245 2790 1379 2861 decima
1405 2790 1631 2880 manipularis
1658 2789 1824 2860 ecclesiae
1850 2788 1889 2859 in
1915 2785 2063 2857 Parva

511 2913 780 3005 (lamminis,
808 2914 906 2985 ouius
933 2913 1031 2986 valor
1058 2912 1103 2984 ad
1131 2913 1218 2983 duas
1244 2932 1389 2983 marcas.

615 3034 729 3107 Villae
746 3012 973 3126 parochiales:
1001 3033 1443 3125 ParvaGasimiria‚
1463 3032 1782 3125 Gpebolthow,
1808 3031 2062 3103 Jakuscho

511 3157 648 3231 wicze
674 3154 844 3247 Maior,
870 3155 1228 3230 Jakusz‘owicze
1255 3157 1421 3246 minor,
1448 3153 2062 3246 Brony-schow,Zyemliczc‚

370 3294 373 3309 ·
511 3272 1208 3370 Mykolayow‚-Stropyeschin‚
1246 3277 1488 3370 Zagayow,
1527 3277 1923 3364 Zbilutbowiczc‚
1959 3273 2062 3346 Mlo

512 3399 705 3490 golicze.

415 3514 417 3520 ’
1112 3521 1259 3598 Macm
1285 3522 1469 3597 Prnssar.

617 3637 711 3718 Villa
737 3644 868 3716 habens
887 3643 921 3714 in
944 3662 981 3714 se
999 3643 1179 3718 ecclesiam
1202 3647 1446 3737 parochialem,
1472 3645 1552 3720 albo
1570 3643 1697 3736 lapide,
1723 3665 1787 3735 per
1812 3642 2063 3735 Spiczrnye-

512 3783 606 3842 rum
633 3765 857 3838 castellanum
884 3763 1149 3836 cracoviensem
1175 3767 1219 3839 de
1245 3769 1352 3840 armis
1378 3768 1602 3859 Lyeliwa,
1636 3763 1828 3856 muratam,
1854 3773 1894 3838 et
1920 3765 2062 3838 Sanctae

512 3888 722 3962 Gatberinae
749 3888 908 3978 dicatam,
936 3887 1033 3958 cuius
1059 3887 1182 3958 unicus
1207 3889 1331 3961 haeres
1357 3895 1395 3961 et
1420 3895 1589 3981 patronus
1607 3889 1755 3979 Spitblro
1781 3888 1826 3961 de
1852 3886 2062 3978 Melsthyn

512 4011 557 4082 de
584 4010 690 4080 armis
717 4008 931 4099 Lyeliwa.
957 4008 998 4082 In
1026 4029 1094 4099 qua
1113 4013 1195 4080 sunt
1220 4008 1312 4081 lanei
1334 4012 1578 4102 cmethonales‚
1606 4011 1650 4084 de
1668 4012 1794 4104 quibus
1811 4011 1950 4082 decima
1965 4029 2062 4100 peon

513 4129 616 4202 nialis
642 4152 705 4221 per
731 4151 792 4202 scr
819 4151 960 4220 grossos
996 4130 1145 4202 solvitur
1180 4129 1347 4202 ecclesiae
1381 4133 1572 4223 parochiali
1605 4132 1770 4206 Omnium
1796 4131 2007 4206 Sanctorum
2029 4132 2061 4201 iu

514 4250 758 4342 cracovia,
794 4253 942 4343 plebano
969 4251 1103 4324 mediae
1130 4251 1251 4343 partis.
1277 4251 1367 4324 Item
1392 4261 1448 4326 est
1472 4255 1522 4327 ibi
1548 4256 1728 4350 praedium
1762 4276 1869 4328 unum
1906 4254 2061 4341 militare

515 4374 558 4446 de
584 4374 680 4446 cuius
708 4375 802 4465 agris
829 4375 976 4448 solvitur
1003 4374 1137 4446 decima
1153 4374 1380 4464 manipularis
1406 4378 1570 4450 ecclesiae
1596 4379 1633 4450 in
1659 4378 1889 4470 Pyassek,
1916 4383 1954 4448 et
1971 4376 2063 4448 valor

512 4494 588 4568 cius
615 4497 819 4570 aestimatur
846 4497 889 4568 ad
917 4501 990 4568 tres
1017 4516 1160 4570 marcas.
1187 4496 1275 4568 Item
1293 4497 1400 4570 habet
1425 4498 1571 4569 eeclesia
1595 4520 1701 4572 anum
1727 4501 1864 4573 laneum
1892 4500 2059 4589 integrum

512 4618 670 4708 liborum,
697 4639 762 4709 pro
789 4639 851 4690 suo
878 4617 1022 4710 praedio
1049 4623 1086 4690 et
1112 4618 1259 4710 cultura,
1284 4640 1356 4690 una
1381 4639 1459 4690 curn
1477 4621 1588 4710 pratis
1615 4622 1661 4692 ad
1687 4623 1784 4694 illum
1800 4621 2060 4713 pertinentibus

513 4735 601 4810 Item
628 4739 735 4810 habet
761 4760 887 4830 gayum
914 4739 950 4810 in
977 4738 1096 4812 eadem
1124 4740 1217 4833 villa,
1244 4739 1375 4813 dictum
1403 4740 1562 4812 Nartb.
1588 4741 1677 4812 Item
1703 4742 1810 4814 habet
1835 4743 1925 4814 duaa
1951 4742 2059 4814 taber-

512 4879 576 4932 nas
603 4860 639 4932 in
662 4859 821 4951 praefata
846 4860 1012 4951 Magna
1038 4860 1265 4954 Pyasselr‚
1292 4863 1461 4935 habentes
1486 4849 1664 4954 mosset
1682 4863 1858 4954 quaelibet
1876 4863 1982 4938 solvit
1999 4863 2058 4934 sibi

417 5051 418 5054 ,
513 5001 577 5071 [110
605 5002 710 5054 censu
738 5004 851 5055 annuo
878 5004 983 5056 unam
1009 5003 1172 5055 marcam.

617 5102 843 5196 Oosnmrr,
878 5105 963 5177 villa
989 5105 1054 5178 sub
1080 5104 1249 5196 parochia
1274 5104 1318 5179 de
1344 5106 1658 5179 Scarbirniria
1692 5107 1779 5198 sita,
1819 5107 1918 5179 cuius
1945 5108 2059 5178 haeres

513 5221 650 5298 ratione
685 5226 804 5298 uxoris
839 5224 1061 5299 Ostasins
1088 5227 1131 5298 de
1158 5228 1261 5300 domo
1295 5227 1554 5319 Lyewarth.
1598 5229 1640 5300 In
1667 5249 1737 5319 qua
1771 5234 1855 5300 sunt
1885 5229 2059 5300 decernet

511 5353 592 5419 octo
618 5347 710 5420 lanei
737 5348 981 5440 cmetbonales,
1009 5351 1092 5448 item
1119 5370 1189 5421 una
1215 5351 1362 5422 taberna
1387 5351 1520 5424 habens
1546 5371 1670 5442 agros,
1695 5352 1781 5422 item
1807 5355 1961 5442 quatuor
1986 5351 2059 5422 bor·

511 5468 667 5542 tulaniae
693 5467 862 5544 babentes
888 5491 1009 5561 agros,
1044 5467 1087 5542 de
1115 5471 1241 5562 quibus
1269 5473 1429 5545 omnibus
1461 5473 1609 5545 solvitur
1635 5478 1672 5544 ct
1699 5471 1905 5545 conducitur
1935 5471 2059 5546 decima

509 5589 737 5680 manipularis
755 5595 791 5662 et
809 5593 986 5683 canapalis
1008 5613 1071 5683 pro
1090 5593 1292 5684 praebenda
1308 5593 1540 5685 cracoviensi,
1568 5615 1656 5688 qnae
1674 5593 1872 5686 appellatur
1889 5592 2057 5682 Wawray·

510 5711 700 5802 nyeczska,
735 5718 771 5784 et
798 5713 898 5787 valor
932 5713 1086 5786 eiusad
1113 5715 1238 5808 viginti
1273 5737 1419 5790 mareas.
1463 5717 1552 5788 Item
1579 5721 1634 5788 est
1659 5717 1710 5790 ibi
1744 5737 1850 5788 unum
1886 5715 2057 5807 praedium
