4550 6600
1539 818 1595 834 --
1682 779 1758 851 431

214 984 310 1055 rinae
346 983 501 1074 Virginis
527 988 565 1055 et
590 984 755 1075 martyris
790 983 959 1075 dicatam,
995 983 1092 1055 cuius
1127 983 1296 1057 haeredes
1330 990 1367 1057 et
1392 985 1532 1076 patroni
1567 965 1761 1059 S'tanislaua

213 1088 474 1196 Kyelbassa
501 1104 544 1177 de
570 1105 729 1177 armis..
749 1158 782 1175 ..
809 1082 849 1185 et¹
872 1103 1066 1178 Stanislaus
1102 1105 1277 1197 Ligapza
1303 1106 1346 1178 de
1373 1107 1481 1178 armis
1515 1107 1761 1180 P‘oluhoza

214 1224 330 1297 Habet
356 1225 501 1298 ecclesia
527 1226 663 1315 laneum
690 1226 767 1317 agri
793 1227 1012 1318 progressive
1039 1226 1229 1300 abhorreo
1256 1226 1397 1318 domur,
1423 1250 1546 1300 versus
1572 1228 1761 1319 meridiem,

214 1350 249 1419 et
275 1346 381 1417 hahet
406 1352 510 1437 prata
535 1346 684 1438 modica,
716 1348 808 1420 inter
833 1348 972 1421 eosdem
999 1368 1112 1439 agros.
1140 1347 1180 1421 ln
1200 1370 1269 1440 qua
1290 1348 1428 1440 quidem
1455 1350 1538 1422 villa
1563 1355 1646 1423 sunt
1670 1350 1764 1422 lanei

213 1468 463 1559 cmethonales,
490 1469 533 1541 de
549 1468 672 1560 quihus
687 1468 821 1541 decima
834 1468 1060 1562 manipularis
1074 1471 1222 1543 solvitur
1235 1492 1300 1561 pro
1318 1524 1326 1541 .
1345 1526 1353 1540 .
1372 1525 1379 1540 .
1398 1471 1513 1547 „Item
1526 1476 1582 1543 est
1595 1472 1645 1543 ihi
1658 1493 1761 1562 prae-

215 1590 308 1661 dium
322 1590 489 1681 militare‚
508 1590 551 1662 de
569 1612 636 1687 quo
651 1590 841 1663 decimatur
855 1591 891 1663 iu
906 1589 957 1661 Ol
966 1592 1182 1683 yeschuo,
1208 1592 1307 1665 valor
1320 1592 1474 1665 decimae
1491 1593 1594 1666 unius
1607 1591 1762 1666 sertorum.

276 1749 277 1757 κ
315 1712 438 1803 Banu,
465 1712 548 1783 villa
565 1711 629 1784 suh
648 1711 814 1802 parochia
833 1711 876 1783 de
903 1710 1165 1805 Olyeschno
1192 1714 1271 1785 sita
1297 1712 1339 1785 ln
1358 1735 1426 1805 qua
1444 1702 1531 1786 sunt'
1551 1714 1644 1787 lanei
1670 1734 1760 1785 cmc-

212 1833 389 1923 thonales,
415 1833 460 1905 de
486 1832 611 1924 quihus
637 1832 784 1905 solvitur
810 1832 944 1907 decima
969 1834 1135 1907 acclesiae
1161 1835 1198 1906 in
1335 1833 1425 1907 Item
1443 1841 1498 1909 est
1515 1836 1564 1908 ihi
1582 1829 1762 1927 praedium
1858 1834 1864 1843 '

213 1954 381 2045 militare,
409 1954 452 2025 de
479 1954 575 2026 cuins
601 1954 695 2046 agris
721 1953 914 2038 decimatur
945 1955 1109 2029 ecclesiae
1128 1956 1174 2028 'in
1200 1954 1488 2048 Olycachno‚¹
1513 1962 1552 2030 et
1576 1957 1676 2030 valor
1702 1955 1762 2029 de·

214 2076 322 2148 cimae
350 2074 556 2148 aestimatur
582 2075 756 2148 adunam
783 2095 943 2148 marcam.

296 2195 573 2289 ·Onn0sczrun,
601 2197 682 2270 villa
704 2198 769 2270 suh
786 2198 952 2290 parochia
978 2198 1021 2271 de
1049 2194 1272 2271 Gorzkow
1299 2199 1375 2271 sita.
1402 2200 1444 2271 ln
1470 2220 1539 2290 qua
1564 2204 1648 2272 sunt
1672 2200 1764 2271 lanei
1876 2240 1882 2247 -

215 2296 467 2407 emethonules,
502 2318 585 2390 item
622 2324 677 2391 est
703 2318 752 2390 ibi
779 2316 958 2409 praedium
994 2319 1163 2410 militare,
1198 2320 1336 2411 dequo
1371 2313 1582 2393 decimatur
1598 2321 1764 2394 ecclesiae

214 2440 249 2511 in
275 2438 559 2531 Olyeschno‚
585 2444 622 2511 et
648 2428 752 2513 valor
773 2438 926 2513 decimae
953 2441 998 2513 ad
1025 2461 1128 2513 unam
1155 2462 1308 2514 marcam
1334 2442 1548 2515 aestimatur.

315 2560 561 2651 Smoeoazow,
588 2560 671 2633 villa
688 2560 752 2635 sub
770 2562 937 2653 parochia
954 2561 1005 2664 de
1032 2560 1293 2654 Olyeechno
1320 2563 1398 2636 sita
1424 2563 1465 2635 In
1484 2569 1652 2655 quaeunt
1677 2563 1766 2635 certi

215 2683 289 2773 agri
315 2682 456 2755 scolteti
474 2687 510 2754 et
531 2682 769 2774 emethonum,
790 2664 840 2755 'de
863 2684 987 2775 quibus
1015 2684 1163 2756 solvitur
1189 2683 1323 2756 decima
1348 2682 1574 2775 manipularis
1600 2685 1764 2758 ecclesiae

214 2806 248 2876 in
273 2788 563 2909 Olyeschno}
585 2803 684 2877 valor
711 2804 785 2877 eius
812 2804 857 2876 ad
883 2803 1032 2877 mediam
1059 2825 1212 2877 marcam
1239 2806 1454 2878 aestimatur.

315 2925 534 3015 Szvnuzow,
570 2924 653 2998 villa
679 2925 742 2998 suh
769 2925 935 3017 parochia
961 2926 1127 2999 ecclesiae
1154 2926 1198 2998 de
1224 2925 1490 3018 Olyeschno
1516 2927 1593 2999 sita.
1627 2926 1670 2998 ln
1696 2948 1766 3017 qua
1913 2942 1919 2951 ·

216 3052 294 3121 sunt
319 3048 415 3120 lanei
442 3046 694 3139 cmethonales,
721 3047 764 3120 de
791 3048 915 3140 quibus
934 3046 1080 3120 solvitur
1098 3050 1134 3120 et
1151 3047 1356 3121 conducitur
1381 3048 1515 3121 decima
1540 3047 1765 3139 manipularis

215 3169 381 3243 ecclesiae
408 3169 444 3241 in
470 3168 756 3261 Olyeaohno‚
783 3173 821 3242 et
846 3168 945 3241 valor
971 3169 1045 3242 eius
1072 3168 1118 3241 ad
1144 3168 1293 3241 mediam
1318 3188 1479 3241 marcam.

315 3290 627 3384 Wrnnroronru,
653 3290 737 3365 villu
754 3290 818 3364 suh
841 3290 1007 3383 parochia
1033 3292 1198 3365 eeclesiae
1224 3290 1268 3364 de
1295 3287 1537 3382 Olyeschuo'
1556 3291 1642 3382 sita,
1669 3291 1766 3364 cuius

215 3415 335 3486 haeres
366 3412 560 3486 Stunislaus
587 3412 848 3505 Ligpza,·de
874 3415 981 3486 armis
1000 3468 1115 3484 .....
1141 3413 1183 3484 ln
1210 3435 1279 3505 qua
1296 3419 1378 3486 sunt
1402 3413 1495 3485 lanei
1523 3412 1767 3504 cmethonales‚

215 3535 410 3627 dequibus
438 3534 586 3606 solvitur
604 3589 718 3606 .....
753 3535 841 3606 Item
868 3540 923 3606 est
948 3532 1129 3626 praedium
1155 3535 1326 3625 militare,
1357 3534 1401 3608 de
1428 3534 1526 3607 culus
1552 3535 1647 3626 agris
1673 3533 1767 3606 deoi-

215 3664 327 3731 matur
358 3657 523 3730 ecclesiae
548 3657 585 3729 in
612 3655 862 3749 Olyeschno,
890 3662 926 3729 et
943 3657 1041 3729 valor
1059 3657 1133 3728 eius
1161 3655 1206 3728 ad
1231 3677 1337 3728 unum
1363 3655 1534 3729 fertonem
1551 3657 1780 3728 aestimatur„

192 3865 196 3872 Ι
317 3781 460 3869 Bonan,
478 3779 561 3852 villa
579 3779 643 3851 suh
661 3778 1009 3869 parochia'ecclesiae
1027 3778 1070 3849 de
1088 3776 1319 3870 Olpeschno
1337 3776 1413 3849 sita
1430 3778 1472 3848 ln
1491 3798 1559 3868 qua
1577 3782 1659 3848 sunt
1676 3777 1768 3848 lanei

216 3901 459 3992 cmethonales,
487 3901 668 3991 dequibus
687 3900 834 3974 solvitur
852 3899 986 3972 decima
1003 3899 1039 3971 in
1057 3897 1272 3989 Olyeschn03
1298 3903 1335 3972 et
1352 3899 1452 4009 valor
1470 3898 1544 3971 eius
1562 3898 1767 3970 aestimatur
1914 3942 1918 3959 ·

218 4023 261 4096 ad
287 4045 394 4096 unum
421 4021 600 4096 fertonem.

321 4142 543 4234 auoscnow,
579 4143 663 4216 villa
688 4141 753 4215 suh
788 4143 955 4234 parochia
981 4142 1024 4214 de
1050 4141 1318 4214 Damhrowa
1348 4141 1424 4214 sita
1459 4141 1501 4212 ln
1527 4161 1597 4233 qna
1622 4141 1768 4214 ecclesia

219 4267 260 4340 de
286 4266 553 4359 Olyeschno
581 4265 688 4338 habet
704 4265 872 4354 piscinam
898 4264 1043 4337 liberam
1062 4267 1098 4336 et
1123 4263 1318 4355 propriam,
1354 4237 1390 4334 in
1416 4221 1485 4381 mre
1510 4263 1628 4353 uillae,
1654 4262 1767 4354 eundo

218 4387 261 4460 ad
286 4386 537 4480 Myelyecz.

734 4577 738 4585 .
874 4506 1110 4578 Duunnown.

252 4709 254 4716 ‚
320 4628 417 4701 Villa
441 4628 574 4702 hahens
601 4627 781 4700 ecelesiam
817 4627 1049 4718 parochialem
1076 4627 1113 4698 in
1140 4647 1196 4718 se,
1229 4626 1460 4699 inhonorem
1494 4625 1655 4698 Omnium
1682 4625 1768 4698 Sau-

217 4756 350 4824 ctorum
377 4751 543 4840 dicatam,
579 4749 677 4822 euius
712 4748 880 4821 haeredes
908 4753 943 4821 et
969 4748 1109 4840 patroni
1143 4748 1338 4820 Stanislaus
1365 4747 1555 4839 Ligaza,
1590 4747 1768 4820 Martinus

217 4871 550 4964 Sopichowsky
577 4870 620 4943 de
646 4869 753 4944 armis
779 4868 1061 4961 Polukosza,
1088 4868 1283 4942 Stanislans
1309 4868 1566 4960 Nyemstha
1591 4868 1634 4941 de
1660 4869 1767 4941 aruris

127 5081 130 5088 .
219 4991 527 5084 Accipitrum,
554 4997 591 5064 et
608 4990 734 5064 Petrus
750 4996 789 5063 et
805 4990 966 5064 Andreas
984 4990 1027 5063 de
1051 4987 1304 5063 Ouarnlrow
1330 4990 1374 5062 de
1392 4989 1494 5063 domo
1520 4990 1768 5063 Polukoza.

217 5113 258 5185 ln
286 5118 462 5204 quaeunt
496 5113 588 5186 lanei
615 5112 868 5202 emethanales‚
903 5113 987 5184 item
1018 5111 1204 5203 tabernae,
1239 5111 1325 5184 item
1349 5111 1545 5202 hortulani,
1572 5111 1615 5183 de
1643 5112 1768 5202 quihus

219 5234 366 5308 solvitur
402 5239 439 5307 et
479 5233 683 5309 conducitur
728 5234 861 5307 decima
903 5233 1128 5324 manipularis
1165 5238 1202 5305 et
1234 5233 1414 5325 canapalis
1453 5253 1518 5325 pro
1554 5233 1699 5305 ecclesia
1732 5233 1769 5305 in

217 5353 503 5448 Dambrowa‚
537 5361 576 5430 et
602 5356 701 5430 valor
736 5357 811 5430 eius
847 5354 1052 5428 aestimatur
1079 5355 1123 5428 ad
1150 5354 1332 5428 duodecim
1367 5373 1512 5432 marcas,
1547 5354 1635 5426 Item
1661 5354 1769 5427 hahet
1807 5437 1812 5442 ,

221 5477 370 5552 ecclesia
390 5469 454 5570 pio
480 5499 543 5552 suo
570 5478 712 5582 praedio
749 5479 835 5551 duos
870 5477 1006 5567 laneos,
1043 5477 1264 5570 progressive
1290 5478 1335 5549 ab
1362 5476 1489 5549 horreo
1524 5475 1698 5566 plebanali
1724 5476 1769 5548 ad

222 5598 389 5672 orientem
415 5606 618 5692 protensos,
653 5606 691 5673 et
717 5605 819 5691 prata
854 5599 983 5671 eisdem
1020 5598 1196 5688 immixta,
1232 5619 1303 5670 una
1333 5619 1410 5670 oum
1445 5596 1579 5689 piscina
1604 5597 1640 5668 in
1667 5598 1770 5679 dictis

223 5721 316 5810 agris
343 5721 417 5804 sita
445 5721 533 5794 ltem
570 5722 676 5796 habet
706 5742 809 5794 unam
844 5720 1025 5794 tabernam
1051 5719 1088 5792 in
1114 5717 1273 5812 praelata
1307 5719 1411 5811 villa,
1445 5717 1630 5794 habentem
1656 5739 1769 5812 agros,
