4550 6600
453 758 460 765 ’
498 782 572 855 tao

496 991 644 1065 solvitur
661 943 706 1063 et
731 988 936 1064 conducitur
962 988 1095 1065 decima
1121 988 1347 1084 manipularis
1374 998 1411 1065 et
1437 992 1613 1085 canapalis
1645 990 1859 1085 episcopatui
1886 989 2045 1065 (hmori-

395 1159 399 1167 ·
496 1114 579 1203 ensi,
607 1119 642 1183 et
668 1114 768 1185 valor
795 1114 869 1185 eius
896 1115 1101 1190 aestimatur
1127 1114 1173 1185 ad
1193 1169 1305 1185 .....
1332 1116 1421 1187 Item
1448 1122 1502 1187 est
1528 1117 1577 1187 ibi
1605 1117 1786 1207 praedium
1811 1116 1978 1206 militare,
2004 1116 2046 1186 de

497 1235 593 1305 cuius
621 1236 714 1325 agris
743 1230 890 1308 soluitur
916 1236 1049 1309 decima
1075 1236 1301 1327 manipularis
1330 1236 1494 1308 ecclesiae
1522 1237 1558 1307 in
1586 1236 1732 1309 Gowal
1744 1258 1805 1327 ye.

600 1354 811 1447 Poenicus,
838 1358 922 1428 villa
949 1358 1013 1428 soh
1039 1358 1206 1448 parochia
1233 1357 1275 1428 de
1293 1356 1516 1448 ,Oowalye
1543 1358 1620 1429 sita.
1654 1358 1695 1429 In
1723 1378 1792 1449 qua
1819 1364 1901 1429 sunt
1929 1376 2047 1429 omnes

495 1477 568 1549 iere
594 1478 739 1569 nobiles,
766 1478 826 1569 qui
852 1479 917 1550 soli
943 1498 1007 1569 per
1034 1500 1071 1550 se
1097 1499 1200 1569 agros
1228 1480 1353 1569 colunt,
1393 1480 1563 1570 paucique
1590 1500 1709 1551 eorum
1736 1480 1867 1551 habent
1894 1481 2046 1551 emethe-

495 1620 558 1672 nes
584 1602 745 1691 proprios
772 1606 811 1671 et
834 1601 967 1691 hortos,
994 1600 1037 1671 de
1065 1601 1191 1693 quihus
1219 1600 1358 1673 solvunt
1385 1601 1552 1676 decimam
1579 1602 1828 1692 manipularem
1847 1654 1965 1671 .....

599 1722 855 1813 Bazaznznui,
895 1722 979 1828 villa
1004 1723 1069 1793 suh
1096 1722 1261 1812 parochia
1288 1722 1331 1792 de
1359 1718 1622 1793 Ohlewiska
1657 1723 1734 1793 sita.
1778 1722 1817 1791 In
1845 1722 2046 1812 quostiam

496 1864 614 1916 omnes
640 1848 724 1915 sunt
748 1843 882 1915 nobiles
908 1843 953 1914 de
978 1843 1086 1915 variis
1114 1845 1230 1933 armis,
1259 1845 1317 1933 qui
1345 1844 1449 1915 etiam
1476 1864 1540 1934 per
1567 1864 1604 1915 se
1632 1844 1749 1915 colunt
1775 1862 1887 1934 agros,
1915 1848 1954 1913 et
1979 1842 2049 1913 sol-

495 1971 582 2038 vunt
616 1966 800 2037 decimam¹
818 1966 1068 2055 manipularem
1105 1964 1270 2037 ecclesiae
1307 1970 1343 2037 et
1368 1966 1514 2056 plebano
1550 1966 1586 2036 in
1614 1964 1842 2055 Concipe,
1884 1972 1921 2035 et
1948 1964 2047 2035 valor

495 2089 570 2159 eius
597 2088 800 2167 aestimatur
827 2087 871 2158 ad
890 2142 1003 2157 .....

440 2196 445 2207 ’
599 2194 842 2300 Zrnnnczow,
869 2209 954 2280 villa
980 2210 1043 2279 suh
1071 2208 1237 2299 parochia
1264 2208 1307 2279 de
1334 2208 1544 2299 Oowalye
1571 2208 1649 2298 sita,
1690 2208 1786 2278 cuius
1813 2206 1940 2278 haeres
1959 2261 1967 2276 .
1986 2260 1994 2275 .
2013 2260 2047 2275 ..

496 2330 556 2422 qui
582 2330 785 2401 nonhabet
812 2330 1222 2421 aliquemcmethonem,
1250 2328 1310 2401 sed
1337 2331 1432 2401 solus
1459 2330 1543 2402 colit
1570 2348 1691 2420 agree,
1719 2329 1762 2400 de
1789 2330 1914 2419 quihus
1942 2328 2047 2399 solvit

496 2452 663 2523 decimam
699 2452 947 2543 manipularem
983 2452 1149 2523 ecclesiae
1185 2452 1221 2523 in
1257 2450 1488 2550 Cowalye,
1529 2456 1565 2523 et
1596 2452 1694 2523 valor
1729 2450 1805 2521 eius
1841 2451 2046 2521 aestimatur

496 2572 539 2644 ad
559 2629 566 2643 ι
640 2629 673 2644 ..
1740 2580 1745 2591 .

599 2696 803 2786 Bosnnow,
830 2695 1002 2767 villa-sub
1029 2695 1195 2785 parochia
1222 2694 1264 2766 de
1292 2692 1503 2787 Goovalye
1530 2694 1612 2785 sita,
1640 2695 1735 2765 cuius
1762 2695 1888 2765 haeres
1913 2693 2047 2765 Johan-

495 2813 558 2889 nes
585 2817 908 2909 Borakowsky.
935 2817 976 2887 Iu
995 2838 1063 2907 qua
1080 2800 1162 2888 sunl
1188 2816 1279 2887 lanei
1307 2815 1552 2906 emethouales‚
1579 2816 1664 2886 item
1690 2815 1953 2906 praedium-de
1971 2816 2046 2905 qui-

494 2940 560 3011 hus
588 2938 735 3011 solvitur
762 2938 895 3011 decima
920 2939 1147 3029 manipularis
1174 2944 1211 3010 et
1232 2938 1407 3029 canapalis
1434 2938 1600 3009 ecclesiae
1614 2938 1663 3008 'in
1690 2936 1921 3029 Gcwalye‚
1949 2936 2047 3007 cuius

495 3060 594 3133 valor
621 3061 825 3132 aestimatur
852 3060 921 3130 ad.

599 3180 758 3271 Rosam,
785 3182 868 3254 ville
895 3183 959 3253 sub
986 3182 1153 3272 parochia
1180 3180 1222 3252 de
1250 3180 1460 3272 Gowalye
1487 3181 1566 3272 sita
1593 3183 1690 3253 cuius
1712 3182 1838 3253 haeres
1866 3178 2045 3250 Korou-

497 3305 579 3374 slra
604 3303 648 3374 de
675 3304 781 3375 armis
801 3358 914 3373 .....
940 3304 982 3374 In
1009 3326 1078 3395 qua
1104 3309 1186 3376 sunt
1211 3305 1302 3375 lanei
1329 3305 1573 3394 amethonales,
1596 3305 1639 3375 de
1667 3305 1791 3395 quihus
1820 3303 1970 3373 solvitur
1989 3301 2046 3372 de-

497 3426 585 3495 cima
619 3425 844 3516 manipularis
879 3411 916 3496 et
943 3426 1117 3517 centapolis
1157 3445 1221 3517 pro
1258 3427 1458 3517 episcopatu
1495 3425 1735 3516 Graeciensi,
1776 3431 1812 3495 et
1847 3424 1947 3495 valor
1973 3423 2046 3493 eius

498 3548 701 3618 aestimatur
727 3546 772 3618 ad
791 3601 904 3616 .....
1894 3623 1898 3634 ‚

600 3667 740 3739 Kozow
766 3667 916 3759 Maron,
956 3666 1044 3740 villa'
1074 3670 1138 3740 suh
1166 3670 1331 3760 parochia
1366 3669 1409 3741 de
1445 3669 1655 3760 Goualye
1681 3670 1757 3740 sita.
1802 3667 1842 3738 In
1870 3671 2046 3757 quaeunt

494 3789 587 3860 lanei
613 3790 866 3880 cmethonales‚
902 3789 945 3862 de
972 3790 1098 3880 quibus
1125 3791 1284 3863 omnihus
1312 3790 1459 3864 solvitur
1485 3797 1520 3861 et
1546 3791 1750 3862 conducitur
1776 3789 1913 3860 decima
1937 3789 2047 3858 mani-

493 3911 626 4006 pudaris
654 3916 690 3983 et
716 3912 910 4003 canapalis,
945 3933 1010 4002 pro
1036 3913 1237 4003 episcopatu
1265 3913 1503 4003 cracoviensi,
1537 3918 1577 3984 et
1603 3913 1700 3984 valor
1735 3907 2045 3982 eius'aestimatur

495 4033 539 4104 ad
560 4087 697 4103 ......
724 4033 811 4105 Item
838 4039 892 4105 est
917 4034 967 4104 ihi
993 4033 1174 4125 praedium
1200 4035 1359 4127 militare,
1387 4034 1430 4108 de
1457 4055 1525 4126 quo
1552 4035 1699 4108 solvitur
1726 4033 1861 4106 decima
1880 4031 2045 4137 *manipu-

494 4153 579 4224 laris
607 4130 835 4236 ecclesiaein
863 4153 1083 4248 Cowalye.

596 4275 737 4348 Kozow
763 4275 901 4366 Mmon,
929 4276 1013 4347 nilla
1039 4279 1103 4349 suh
1130 4278 1296 4368 parochia
1323 4278 1365 4349 de
1393 4276 1574 4351 Cowale
1601 4279 1679 4369 sita,
1707 4277 1805 4349 cuius
1827 4277 1954 4348 luceres
1973 4275 2046 4346 An-

494 4397 596 4468 dreas
623 4395 881 4490 Gozowshy.
925 4399 966 4469 In
994 4417 1062 4489 qua
1089 4405 1170 4470 sunt
1196 4400 1288 4471 lanei
1315 4399 1566 4490 emethonales‚
1602 4400 1645 4471 de
1672 4399 1797 4490 quihus
1833 4399 1984 4470 solvitur
2009 4401 2046 4466 et

374 4600 377 4607 ,
494 4519 697 4591 conducitur
732 4518 866 4592 decima
891 4521 1117 4612 manipularis
1145 4527 1181 4592 et
1208 4521 1383 4612 cenapolis
1419 4542 1482 4611 pro
1510 4521 1713 4612 episcopatu
1739 4519 1983 4608 Cracoviensi,
2010 4525 2047 4589 et

355 4669 358 4676 ·
492 4621 591 4715 valor
617 4641 692 4714 eius
719 4641 924 4715 aestimatur
950 4643 995 4714 ad
1013 4695 1180 4714 .......
1207 4643 1296 4714 Item
1323 4648 1378 4714 cst
1404 4643 1453 4716 ibi
1479 4643 1659 4734 praedium
1686 4643 1846 4733 militare,
1874 4642 1919 4713 de
1945 4641 2045 4712 cuius

493 4765 586 4855 agris
615 4763 807 4836 decimatur
833 4765 870 4835 in
898 4763 1121 4857 Gowalye.

597 4885 823 4958 Muenoczm
849 4885 988 4978 horson,
1015 4887 1099 4958 villa
1126 4887 1190 4958 suh
1217 4887 1383 4976 parochia
1409 4887 1452 4958 de
1480 4885 1689 4982 Gowalye
1717 4887 1796 4978 sita,
1838 4887 1936 4957 cuius
1964 4885 2045 4956 hac·

493 5005 613 5080 redes:
646 5007 842 5099 Nicolaus„
862 5006 1033 5098 Jacdhus,
1065 5007 1232 5081 Alhertus
1259 5009 1393 5080 nobiles
1420 5007 1463 5079 de
1490 5010 1595 5080 armis
1622 5007 1960 5101 Slyepowroni.
2006 5005 2043 5076 ln

495 5150 563 5220 qna
589 5125 678 5202 sunt
697 5129 789 5201 lanei
817 5129 1060 5220 cmethonales‚
1087 5129 1130 5201 de
1158 5131 1281 5220 quibus
1309 5130 1456 5202 solvitur
1483 5137 1518 5202 et
1544 5131 1748 5204 conducitur
1774 5129 1909 5202 decima
1936 5129 2045 5200 mani·

494 5250 626 5340 polaris
653 5255 689 5321 et
716 5251 892 5342 cenapolis
918 5251 1129 5324 monasterio
1157 5247 1439 5342 Wauchoczensi,
1479 5259 1516 5325 et
1541 5253 1640 5326 valor
1659 5253 1740 5324 eius
1767 5253 1978 5324 aestimatur
2004 5249 2045 5322 ud

496 5425 638 5442 ......
664 5371 751 5444 Item
779 5378 860 5444 sunt
887 5373 936 5445 ibi
961 5373 1106 5464 praedia
1131 5373 1306 5464 militaria,
1334 5372 1376 5444 de
1404 5375 1527 5464 quibus
1554 5375 1701 5447 solvitur
1728 5375 1862 5446 decima
1888 5374 2044 5463 manipu-

494 5491 578 5563 laris
606 5493 771 5566 ecclesiae
799 5495 1008 5586 etplebano
1035 5496 1070 5566 in
1098 5489 1320 5586 llowalye.

598 5613 826 5687 Muonoczru
852 5616 992 5707 Moron,
1019 5617 1102 5689 villa
1129 5617 1193 5690 sub
1220 5618 1386 5708 parochia
1413 5617 1455 5690 de
1483 5617 1691 5718 Gowaly‘e
1718 5619 1797 5710 sita,
1837 5619 1936 5690 cuius
1964 5617 2042 5689 hae-

495 5732 607 5804 redes:
633 5735 803 5826 Nihyel
826 5743 866 5807 et
891 5737 1263 5829 Syestrnenyecz
1291 5739 1334 5811 de
1362 5739 1463 5811 demo
1490 5737 1762 5811 Polulrosza
1797 5739 1838 5810 In
1867 5759 1937 5830 qua
1963 5745 2041 5810 sunt
