4550 6600
1718 799 1793 870 455

239 1008 333 1080 stolo
361 1013 397 1079 et
423 1004 607 1079 Leonurdo
634 1002 832 1077 Goulessori
859 1003 1028 1096 dicatam,
1055 1004 1153 1077 euius
1179 1005 1349 1089 haeredes
1375 1004 1541 1078 Nicolaus
1560 1060 1567 1077 .
1586 1060 1593 1075 .
1754 1006 1795 1078 In

119 1221 122 1228 ‚
239 1150 310 1221 qua
336 1133 418 1201 sunt
442 1128 534 1201 lanei
562 1127 807 1217 cmethonales,
835 1128 919 1200 item
938 1127 1113 1217 tabernae,
1139 1127 1223 1199 item
1248 1128 1469 1200 hortulaniae
1483 1124 1663 1201 'habentes
1682 1149 1795 1221 agros,

237 1252 325 1324 item
361 1249 505 1342 praedia
529 1249 722 1341 militaria,
760 1249 957 1343 dequibus
992 1249 1151 1323 omnibus
1187 1231 1335 1322 solvitur
1362 1255 1398 1323 et
1424 1250 1628 1323 conducitur
1662 1250 1795 1323 decima

236 1372 466 1465 manipularis
493 1377 529 1445 et
556 1366 739 1463 canapa'lis,
766 1394 830 1464 pro
857 1372 1003 1447 ecclesia
1021 1378 1058 1445 et
1075 1372 1224 1463 plebano
1251 1372 1288 1445 in
1315 1371 1608 1464 Sozeworzisr,
1633 1378 1671 1445 et
1695 1374 1794 1459 valor

237 1495 316 1569 eius
342 1494 547 1567 aestimatur
573 1493 618 1567 ad
645 1493 840 1586 quindecim
863 1516 1010 1567 marcas.
1041 1494 1130 1567 Item
1158 1494 1304 1567 eeclesia
1330 1499 1367 1567 et
1393 1494 1561 1586 plebanus
1587 1495 1718 1578 habent
1742 1496 1794 1569 ihi

234 1618 401 1710 proprios
427 1636 541 1709 agros,
567 1621 680 1709 prata,
706 1636 770 1709 pro
798 1600 861 1689 suo
889 1638 964 1708 usu,
990 1616 1133 1708 praedio
1161 1621 1197 1689 et
1221 1616 1438 1690 necessitate.
1717 1619 1724 1626 ’

344 1738 537 1830 Zruuuur,
565 1738 648 1810 villa
674 1739 738 1811 sub
766 1739 932 1830 parochia
962 1738 1142 1813 ecclesiae·
1162 1739 1206 1811 de
1231 1738 1551 1830 Sczeworzysch
1577 1740 1657 1831 sita,
1695 1741 1792 1813 cuins

236 1860 410 1934 haeredes
436 1850 655 1952 Roszpand
681 1860 725 1933 dc
752 1860 854 1934 domo
888 1859 1155 1934 Yelithonum
1174 1916 1396 1933 .........
1431 1862 1473 1933 In
1499 1882 1568 1953 qua
1593 1868 1675 1935 sunt
1700 1862 1792 1935 lanei
1926 1827 1965 1906 5

236 1981 483 2073 cmethonales,
511 1981 595 2053 item
622 1982 799 2072 tabemee,
827 1982 909 2055 item
936 1981 1165 2074 hortulauiae,
1192 1982 1380 2074 dequibus
1407 1984 1566 2057 omnibus
1592 1984 1740 2059 solvitur
1757 1990 1794 2081 et
1896 1972 1900 1975 ⁴

235 2104 443 2177 conducitur
469 2103 602 2177 decime
627 2102 853 2196 manipularis
880 2108 917 2176 et
943 2104 1119 2195 canapalis
1146 2124 1210 2196 pro
1229 2104 1375 2177 ecclesia
1400 2104 1436 2176 in
1454 2105 1793 2199 ,Dalesehycza

201 2276 215 2293 .
237 2227 338 2300 cuius
364 2226 464 2299 valor
490 2226 534 2298 ad
562 2230 711 2319 quatuor
737 2246 872 2299 marcas
894 2226 1114 2299 aestimetur.
1589 2204 1595 2216 ’

342 2348 610 2440 Pauezumozu,
636 2348 721 2421 villa
747 2348 999 2439 sub'parochia
1022 2347 1065 2420 de
1093 2346 1432 2441 Schczeworzysz
1454 2350 1530 2421 sits
1556 2350 1598 2421 In
1624 2371 1693 2441 qua
1711 2356 1819 2423 sunt

234 2472 330 2545 lanei
349 2470 606 2561 cmethonales,
624 2470 709 2543 item
727 2471 890 2566 taberne,
910 2471 994 2543 item
1013 2470 1244 2563 hortulauiae,
1262 2470 1307 2543 de
1325 2472 1451 2563 quibus
1470 2472 1629 2545 omuibus
1648 2472 1795 2545 solvitur

187 2581 190 2587 ’
235 2600 275 2667 et
302 2592 507 2667 conducitur
533 2592 666 2666 decima
686 2594 914 2685 manipularis
933 2598 969 2666 et
986 2594 1164 2684 canapalis
1182 2615 1246 2686 pro
1265 2594 1412 2667 ecclesia
1437 2594 1473 2665 in
1500 2595 1793 2687 Dalesch'ycze,

235 2716 337 2789 cuius
362 2715 461 2788 valor
487 2715 692 2788 aestimatur
718 2715 767 2788 ad·
782 2716 900 2789 decem
928 2736 1070 2808 marcas,
1097 2721 1239 2806 praeter
1263 2720 1381 2788 tamen
1407 2738 1513 2788 uuum
1537 2717 1677 2788 laneum
1703 2737 1793 2789 cme-

235 2838 434 2928 thonalem,
472 2836 514 2910 de
542 2858 609 2929 quo
636 2836 769 2910 decima
795 2838 995 2911 alternatim
1030 2836 1123 2910 cedit
1149 2859 1213 2929 pro
1240 2837 1400 2929 praelata
1424 2838 1570 2911 ecclesia
1601 2839 1638 2910 in
1664 2839 1792 2911 Dele-

235 2962 444 3051 schicze,
472 2966 509 3032 et
536 2980 600 3052 pro
628 2960 774 3033 eeclesia
800 2964 836 3032 et
862 2960 937 3033 eius
965 2960 1112 3052 plebano
1140 2961 1177 3031 in
1203 2960 1613 3052 Schezeworzysz3
1638 2962 1722 3034 item
1748 2961 1793 3033 de

235 3083 411 3176 aliquibus
439 3082 543 3175 agris,
570 3082 718 3156 solvitur
744 3082 879 3159 decima
904 3082 1130 3174 manipularis
1157 3083 1324 3156 ecclesiae
1342 3089 1377 3155 et
1394 3084 1605 3156 monasterio
1631 3084 1668 3155 in
1695 3084 1793 3156 Bus-

234 3206 351 3293 szk‘o.
391 3206 482 3278 Item
507 3210 562 3278 est
588 3205 638 3281 ibi
664 3205 802 3277 unicum
829 3204 1012 3299 praedium
1036 3204 1206 3296 militare,
1238 3204 1281 3277 de
1308 3204 1405 3278 cuius
1432 3205 1526 3297 agris
1553 3205 1702 3279 solvitur
1726 3227 1791 3297 pro

233 3329 388 3403 ecclesia
415 3328 451 3401 in
478 3327 772 3423 Sczeworzysz.
1108 3336 1113 3347 '

851 3450 1183 3524 Dzrnnosourczs.

340 3572 511 3666 Oppidum
537 3573 670 3646 habens
700 3573 880 3646 ecclesiam
906 3572 1139 3669 parochialem
1165 3573 1203 3644 in
1230 3593 1286 3663 se,
1313 3571 1440 3646 Sancto
1460 3626 1601 3643 ......
1627 3572 1788 3646 dicatm
1893 3610 1909 3678 '.

182 3693 186 3700 ’
242 3702 283 3769 et
309 3696 352 3768 de
378 3695 493 3787 lapide
520 3695 600 3790 albo
626 3693 841 3787 fabricatam,
869 3695 968 3767 cuius
995 3696 1118 3767 haeres
1145 3689 1323 3767 Johannes
1351 3692 1597 3786 Ozyzousky
1623 3694 1667 3767 de
1693 3695 1795 3767 domo

235 3819 458 3894 Polukoza.
485 3819 526 3890 In
554 3837 622 3909 qua
649 3823 730 3890 suut
756 3817 849 3890 lanei
875 3816 1140 3909 oppidanorum,
1167 3815 1211 3888 de
1238 3816 1363 3908 quibus
1389 3816 1537 3889 solvitur
1563 3815 1696 3888 decima
1722 3838 1793 3887 ma-

237 3941 412 4033 nipularis
438 3946 475 4013 et
501 3939 677 4032 canapulis
704 3960 777 4032 pro¹
788 3994 954 4010 .......
982 3939 1069 4042 Item
1095 3937 1295 4031 praedium3
1328 3938 1413 4010 item
1438 3938 1546 4010 habet
1572 3938 1621 4010 ibi
1649 3939 1795 4015 ecclesia

234 4069 277 4138 et
302 4064 469 4155 plebanus
495 4063 656 4155 proprios
684 4083 787 4155 agros
815 4067 851 4135 et
877 4065 988 4155 prata,
1015 4082 1079 4153 pro
1108 4081 1171 4134 suo
1197 4082 1263 4133 usu
1289 4065 1326 4132 et
1351 4061 1568 4134 necessitate.

344 4186 675 4278 Dzrunuowrczn,
702 4185 786 4258 villa
821 4185 885 4258 suh
920 4185 1087 4277 parochia
1122 4183 1165 4256 de
1201 4183 1551 4277 Dzaloschyeze
1582 4184 1670 4275 sita,
1697 4184 1793 4257 cuius
1839 4200 1841 4203 ·

234 4311 364 4382 haeres
398 4307 577 4381 lohannes
614 4307 893 4400 Gzyzowshy
928 4305 1115 4399 praefatus.
1155 4306 1197 4378 In
1224 4327 1293 4398 qua
1323 4308 1405 4378 suut
1431 4305 1523 4378 lanei
1550 4305 1794 4397 cmethonales,

211 4433 322 4504 'item
350 4431 533 4521 tabernae,
560 4431 645 4502 item
676 4429 914 4521 hortulauiae,
941 4428 985 4502 de
1012 4429 1137 4522 quibus
1164 4429 1323 4502 omnibus
1350 4428 1499 4501 solvitur
1525 4433 1562 4501 et
1590 4427 1795 4501 conducitur
1842 4433 1847 4452 ¹

238 4553 374 4626 decima
408 4551 634 4644 manipularis
671 4557 708 4625 et
734 4551 927 4644 canapalis,
955 4551 1120 4624 ecclesiae
1147 4555 1184 4624 et
1211 4551 1284 4623 eius
1311 4549 1459 4642 plebano
1486 4551 1523 4622 in
1550 4547 1793 4641 Gorzycze,

239 4673 339 4746 cuius
371 4673 470 4746 valor
497 4674 702 4746 aestimatur
728 4672 773 4746 ad
801 4693 861 4745 sex
887 4693 1033 4745 marcas.
1072 4673 1170 4744 Item·
1187 4672 1238 4744 ihi
1263 4676 1346 4744 sunt
1371 4671 1516 4764 praedia
1541 4671 1724 4762 militaria,
1750 4670 1793 4743 de
1863 4733 1867 4739 .

125 4802 129 4812 '
236 4818 386 4889 quorum
412 4796 507 4888 agris
533 4795 725 4868 decimatur
751 4795 917 4868 ecclesiae
942 4796 979 4867 in
1005 4795 1360 4887 Dzaloschyeze.

322 4917 606 5009 ‘Jaznowrczu
632 4917 716 4990 villa
743 4918 807 4990 sub
833 4917 1001 5009 parochia
1018 4917 1061 4989 de
1078 4916 1431 5010 Dzaloschyeze
1457 4916 1535 5008 sita,
1554 4915 1651 4989 cuius
1668 4916 1793 4989 haeres

237 5041 419 5115 Johannes
455 5037 739 5133 Ozyzowsky
767 5040 810 5112 de
837 5039 938 5112 domo
965 5039 1213 5112 Polukoza.
1252 5039 1294 5110 In
1321 5059 1390 5130 qua
1416 5044 1497 5111 sunt
1522 5038 1614 5110 lanei
1641 5039 1794 5110 cmetho·
1940 5062 1944 5072 ·

237 5163 354 5254 uoles,
390 5161 433 5235 de
451 5161 576 5254 quibus
594 5161 743 5236 solvitur
760 5166 796 5234 et
813 5161 1017 5236 conducitur
1035 5160 1168 5234 decima
1186 5160 1414 5254 manipularis
1433 5165 1468 5233 et
1486 5161 1662 5252 canapalis
1674 5181 1794 5252 pro...
1935 5239 1939 5246 ,

345 5283 521 5375 Saurow,
549 5283 634 5356 uilla
668 5283 733 5356 sub
769 5284 936 5376 parochia
962 5283 1005 5356 de
1031 5283 1384 5376 Dzaloschyeze
1420 5270 1485 5375 pro
1511 5303 1582 5355 nna
1607 5276 1795 5355 medietate

238 5408 316 5499 sita,
343 5411 380 5480 et
406 5427 470 5498 pro
498 5405 567 5478 alia
593 5405 780 5479 medietate
806 5406 842 5478 in
870 5405 1187 5497 Slabosehow,
1215 5406 1312 5478 cuius
1339 5406 1463 5478 haeres
1489 5405 1667 5478 lohannes
1694 5425 1795 5497 prae·

237 5527 332 5603 fatus
360 5527 415 5602 de·
431 5526 628 5623 Gzyzow.
667 5529 708 5601 Iu
736 5549 803 5620 qua
830 5527 984 5601 decimae
1011 5529 1189 5620 perceptio
1216 5528 1392 5619 senemr,
1419 5549 1498 5600 narn
1526 5527 1569 5600 de
1595 5540 1657 5600 sex
1683 5527 1793 5603 laneis

238 5653 388 5727 soluitur
414 5657 450 5725 et
475 5652 681 5727 conducitur
707 5651 927 5745 praebendae
954 5649 1187 5741 Oracoviensi,
1214 5672 1303 5743 quae
1329 5655 1475 5723 uocatur
1500 5647 1731 5742 Gorzyczsha,
1750 5651 1794 5722 de

236 5775 316 5881 aliis
341 5795 425 5849 vero
451 5775 562 5850 laneis
589 5775 738 5870 percipit
773 5793 848 5849 eam
875 5775 1044 5870 plebanus
1070 5772 1232 5848 Omnium
1258 5772 1463 5852 Sanctorum
1489 5773 1526 5850 iu
1553 5751 1793 5867 Gracoviu,
