<?xml version="1.0" encoding="UTF-8"?>
<!DOCTYPE html PUBLIC "-//W3C//DTD XHTML 1.0 Transitional//EN"
    "http://www.w3.org/TR/xhtml1/DTD/xhtml1-transitional.dtd">
<html xmlns="http://www.w3.org/1999/xhtml" xml:lang="en" lang="en">
 <head>
  <title>
</title>
<meta http-equiv="Content-Type" content="text/html;charset=utf-8" />
  <meta name='ocr-system' content='tesseract 3.04.00' />
  <meta name='ocr-capabilities' content='ocr_page ocr_carea ocr_par ocr_line ocrx_word'/>
</head>
<body>
  <div class='ocr_page' id='page_1' title='image "./operaomnia03paulgoog_0037.png"; bbox 0 0 4550 6600; ppageno 0'>
   <div class='ocr_carea' id='block_1_1' title="bbox 484 773 510 843">
    <p class='ocr_par' dir='ltr' id='par_1_1' title="bbox 484 773 510 843">
     <span class='ocr_line' id='line_1_1' title="bbox 484 773 510 843; baseline 0 0"><span class='ocrx_word' id='word_1_1' title='bbox 484 773 510 843; x_wconf 84' lang='lat'>4</span> 
     </span>
    </p>
   </div>
   <div class='ocr_carea' id='block_1_2' title="bbox 487 961 2044 1297">
    <p class='ocr_par' dir='ltr' id='par_1_2' title="bbox 487 961 2044 1297">
     <span class='ocr_line' id='line_1_2' title="bbox 489 961 2044 1066; baseline -0.01 -20"><span class='ocrx_word' id='word_1_2' title='bbox 489 975 626 1066; x_wconf 90' lang='lat' dir='ltr'>patroni</span> <span class='ocrx_word' id='word_1_3' title='bbox 654 992 870 1044; x_wconf 82' lang='lat' dir='ltr'>successores</span> <span class='ocrx_word' id='word_1_4' title='bbox 906 969 1226 1041; x_wconf 82' lang='lat' dir='ltr'>Schibenuirt</span> <span class='ocrx_word' id='word_1_5' title='bbox 1260 971 1297 1037; x_wconf 90' lang='lat' dir='ltr'>et</span> <span class='ocrx_word' id='word_1_6' title='bbox 1331 965 1556 1036; x_wconf 84' lang='lat' dir='ltr'>Solw&#39;iecz</span> <span class='ocrx_word' id='word_1_7' title='bbox 1591 963 1848 1054; x_wconf 80' lang='lat' dir='ltr'>Syfwestrowa,</span> <span class='ocrx_word' id='word_1_8' title='bbox 1874 963 1968 1034; x_wconf 85' lang='lat' dir='ltr'>cives</span> <span class='ocrx_word' id='word_1_9' title='bbox 1995 961 2044 1032; x_wconf 91' lang='lat' dir='ltr'>de</span> 
     </span>
     <span class='ocr_line' id='line_1_3' title="bbox 488 1082 2044 1183; baseline -0.008 -16"><span class='ocrx_word' id='word_1_10' title='bbox 488 1095 733 1182; x_wconf 87' lang='lat' dir='ltr'>Cracovia,</span> <span class='ocrx_word' id='word_1_11' title='bbox 769 1092 867 1164; x_wconf 88' lang='lat' dir='ltr'>cuius</span> <span class='ocrx_word' id='word_1_12' title='bbox 893 1091 1053 1162; x_wconf 87' lang='lat' dir='ltr'>altarista</span> <span class='ocrx_word' id='word_1_13' title='bbox 1079 1087 1206 1160; x_wconf 87' lang='lat' dir='ltr'>Petrus</span> <span class='ocrx_word' id='word_1_14' title='bbox 1232 1086 1276 1158; x_wconf 90' lang='lat' dir='ltr'>de</span> <span class='ocrx_word' id='word_1_15' title='bbox 1303 1085 1519 1158; x_wconf 78' lang='lat' dir='ltr'>Skatrina</span> <span class='ocrx_word' id='word_1_16' title='bbox 1544 1083 1792 1183; x_wconf 71' lang='lat' dir='ltr'>baccalaureus</span> <span class='ocrx_word' id='word_1_17' title='bbox 1817 1083 1853 1154; x_wconf 89' lang='lat' dir='ltr'>in</span> <span class='ocrx_word' id='word_1_18' title='bbox 1879 1082 2044 1170; x_wconf 77' lang='lat' dir='ltr'>decretis,</span> 
     </span>
     <span class='ocr_line' id='line_1_4' title="bbox 487 1202 2042 1297; baseline -0.009 -9"><span class='ocrx_word' id='word_1_19' title='bbox 487 1218 583 1288; x_wconf 91' lang='lat' dir='ltr'>cuius</span> <span class='ocrx_word' id='word_1_20' title='bbox 610 1237 733 1287; x_wconf 89' lang='lat' dir='ltr'>census</span> <span class='ocrx_word' id='word_1_21' title='bbox 760 1215 796 1284; x_wconf 89' lang='lat' dir='ltr'>in</span> <span class='ocrx_word' id='word_1_22' title='bbox 824 1233 884 1284; x_wconf 83' lang='lat' dir='ltr'>sex</span> <span class='ocrx_word' id='word_1_23' title='bbox 911 1211 1064 1284; x_wconf 90' lang='lat' dir='ltr'>macellis</span> <span class='ocrx_word' id='word_1_24' title='bbox 1091 1209 1244 1282; x_wconf 82' lang='lat' dir='ltr'>civitatis</span> <span class='ocrx_word' id='word_1_25' title='bbox 1270 1207 1448 1297; x_wconf 85' lang='lat' dir='ltr'>consistit,</span> <span class='ocrx_word' id='word_1_26' title='bbox 1483 1205 1589 1278; x_wconf 83' lang='lat' dir='ltr'>etde</span> <span class='ocrx_word' id='word_1_27' title='bbox 1616 1204 1772 1296; x_wconf 89' lang='lat' dir='ltr'>quolibet</span> <span class='ocrx_word' id='word_1_28' title='bbox 1797 1202 1942 1276; x_wconf 83' lang='lat' dir='ltr'>macello</span> <span class='ocrx_word' id='word_1_29' title='bbox 1968 1203 2042 1274; x_wconf 91' lang='lat' dir='ltr'>sol·</span> 
     </span>
    </p>
   </div>
   <div class='ocr_carea' id='block_1_3' title="bbox 487 1330 1318 1410">
    <p class='ocr_par' dir='ltr' id='par_1_3' title="bbox 487 1330 1318 1410">
     <span class='ocr_line' id='line_1_5' title="bbox 487 1330 1318 1410; baseline -0.012 0"><span class='ocrx_word' id='word_1_30' title='bbox 487 1344 618 1410; x_wconf 88' lang='lat' dir='ltr'>vuntur</span> <span class='ocrx_word' id='word_1_31' title='bbox 645 1337 825 1407; x_wconf 90' lang='lat' dir='ltr'>altaristae</span> <span class='ocrx_word' id='word_1_32' title='bbox 851 1333 1029 1404; x_wconf 86' lang='lat' dir='ltr'>annuatim</span> <span class='ocrx_word' id='word_1_33' title='bbox 1056 1330 1146 1404; x_wconf 87' lang='lat' dir='ltr'>duae</span> <span class='ocrx_word' id='word_1_34' title='bbox 1170 1349 1318 1401; x_wconf 87' lang='lat' dir='ltr'>marcae.</span> 
     </span>
    </p>
   </div>
   <div class='ocr_carea' id='block_1_4' title="bbox 597 1445 2149 1542">
    <p class='ocr_par' dir='ltr' id='par_1_4' title="bbox 597 1445 2149 1542">
     <span class='ocr_line' id='line_1_6' title="bbox 597 1445 2149 1542; baseline -0.008 -14"><span class='ocrx_word' id='word_1_35' title='bbox 597 1458 718 1528; x_wconf 87' lang='lat' dir='ltr'>Altarc</span> <span class='ocrx_word' id='word_1_36' title='bbox 745 1456 842 1527; x_wconf 90' lang='lat' dir='ltr'>Petri</span> <span class='ocrx_word' id='word_1_37' title='bbox 869 1453 1097 1542; x_wconf 75' lang='lat' dir='ltr'>SertoriS,</span> <span class='ocrx_word' id='word_1_38' title='bbox 1124 1449 1364 1541; x_wconf 84' lang='lat' dir='ltr'>Assumptioni</span> <span class='ocrx_word' id='word_1_39' title='bbox 1381 1449 1414 1521; x_wconf 92' lang='lat' dir='ltr'>S.</span> <span class='ocrx_word' id='word_1_40' title='bbox 1428 1447 1564 1520; x_wconf 88' lang='lat' dir='ltr'>Mariae</span> <span class='ocrx_word' id='word_1_41' title='bbox 1589 1447 1752 1536; x_wconf 86' lang='lat' dir='ltr'>dicatum,</span> <span class='ocrx_word' id='word_1_42' title='bbox 1778 1445 1876 1518; x_wconf 88' lang='lat' dir='ltr'>cuius</span> <span class='ocrx_word' id='word_1_43' title='bbox 1893 1451 2044 1538; x_wconf 84' lang='lat' dir='ltr'>petrona</span> <span class='ocrx_word' id='word_1_44' title='bbox 2142 1471 2149 1480; x_wconf 94' lang='lat'>·</span> 
     </span>
    </p>
   </div>
   <div class='ocr_carea' id='block_1_5' title="bbox 487 1567 2046 2510">
    <p class='ocr_par' dir='ltr' id='par_1_5' title="bbox 487 1567 2046 2510">
     <span class='ocr_line' id='line_1_7' title="bbox 488 1567 2042 1660; baseline -0.009 -8"><span class='ocrx_word' id='word_1_45' title='bbox 488 1601 629 1652; x_wconf 90' lang='lat' dir='ltr'>consors</span> <span class='ocrx_word' id='word_1_46' title='bbox 656 1577 779 1650; x_wconf 88' lang='lat' dir='ltr'>Jacobi</span> <span class='ocrx_word' id='word_1_47' title='bbox 806 1573 1066 1648; x_wconf 82' lang='lat' dir='ltr'>Szwinc&#39;zar</span> <span class='ocrx_word' id='word_1_48' title='bbox 1093 1573 1136 1645; x_wconf 92' lang='lat' dir='ltr'>de</span> <span class='ocrx_word' id='word_1_49' title='bbox 1163 1571 1409 1660; x_wconf 85' lang='lat' dir='ltr'>Cracovia,</span> <span class='ocrx_word' id='word_1_50' title='bbox 1436 1569 1528 1660; x_wconf 86' lang='lat' dir='ltr'>quod</span> <span class='ocrx_word' id='word_1_51' title='bbox 1554 1569 1662 1641; x_wconf 86' lang='lat' dir='ltr'>habet</span> <span class='ocrx_word' id='word_1_52' title='bbox 1687 1589 1829 1640; x_wconf 89' lang='lat' dir='ltr'>censum</span> <span class='ocrx_word' id='word_1_53' title='bbox 1855 1569 1891 1638; x_wconf 92' lang='lat' dir='ltr'>in</span> <span class='ocrx_word' id='word_1_54' title='bbox 1917 1567 2042 1658; x_wconf 89' lang='lat' dir='ltr'>zuppis</span> 
     </span>
     <span class='ocr_line' id='line_1_8' title="bbox 487 1684 1974 1790; baseline -0.009 -18"><span class='ocrx_word' id='word_1_55' title='bbox 487 1723 552 1790; x_wconf 91' lang='lat' dir='ltr'>pro</span> <span class='ocrx_word' id='word_1_56' title='bbox 580 1699 734 1790; x_wconf 88' lang='lat' dir='ltr'>qualibet</span> <span class='ocrx_word' id='word_1_57' title='bbox 760 1697 955 1788; x_wconf 86' lang='lat' dir='ltr'>septimana</span> <span class='ocrx_word' id='word_1_58' title='bbox 981 1717 1087 1768; x_wconf 91' lang='lat' dir='ltr'>unum</span> <span class='ocrx_word' id='word_1_59' title='bbox 1112 1693 1283 1766; x_wconf 70' lang='lat' dir='ltr'>fertonem</span> <span class='ocrx_word' id='word_1_60' title='bbox 1309 1691 1459 1764; x_wconf 87' lang='lat' dir='ltr'>latorum</span> <span class='ocrx_word' id='word_1_61' title='bbox 1475 1711 1678 1780; x_wconf 79' lang='lat' dir='ltr'>grossorum</span> <span class='ocrx_word' id='word_1_62' title='bbox 1703 1689 1740 1760; x_wconf 91' lang='lat' dir='ltr'>in</span> <span class='ocrx_word' id='word_1_63' title='bbox 1766 1684 1974 1759; x_wconf 62' lang='lat' dir='ltr'>carmelus</span> 
     </span>
     <span class='ocr_line' id='line_1_9' title="bbox 591 1807 2043 1904; baseline -0.007 -14"><span class='ocrx_word' id='word_1_64' title='bbox 591 1819 715 1890; x_wconf 85' lang='lat' dir='ltr'>Altare</span> <span class='ocrx_word' id='word_1_65' title='bbox 742 1817 774 1889; x_wconf 86' lang='lat' dir='ltr'>S.</span> <span class='ocrx_word' id='word_1_66' title='bbox 802 1818 925 1890; x_wconf 89' lang='lat' dir='ltr'>Annae</span> <span class='ocrx_word' id='word_1_67' title='bbox 953 1817 1122 1904; x_wconf 87' lang='lat' dir='ltr'>dicatum,</span> <span class='ocrx_word' id='word_1_68' title='bbox 1159 1813 1257 1884; x_wconf 89' lang='lat' dir='ltr'>ouius</span> <span class='ocrx_word' id='word_1_69' title='bbox 1287 1812 1474 1884; x_wconf 68' lang='lat' dir='ltr'>collatores</span> <span class='ocrx_word' id='word_1_70' title='bbox 1500 1815 1537 1883; x_wconf 90' lang='lat' dir='ltr'>et</span> <span class='ocrx_word' id='word_1_71' title='bbox 1562 1810 1703 1902; x_wconf 87' lang='lat' dir='ltr'>patroni</span> <span class='ocrx_word' id='word_1_72' title='bbox 1728 1809 1888 1882; x_wconf 86' lang='lat' dir='ltr'>consules</span> <span class='ocrx_word' id='word_1_73' title='bbox 1913 1807 2043 1882; x_wconf 86' lang='lat' dir='ltr'>Craco-</span> 
     </span>
     <span class='ocr_line' id='line_1_10' title="bbox 488 1931 1931 2030; baseline -0.008 -16"><span class='ocrx_word' id='word_1_74' title='bbox 488 1943 634 2030; x_wconf 89' lang='lat' dir='ltr'>vienses,</span> <span class='ocrx_word' id='word_1_75' title='bbox 663 1939 759 2010; x_wconf 91' lang='lat' dir='ltr'>ouius</span> <span class='ocrx_word' id='word_1_76' title='bbox 787 1938 946 2009; x_wconf 89' lang='lat' dir='ltr'>altarista</span> <span class='ocrx_word' id='word_1_77' title='bbox 972 1935 1256 2025; x_wconf 82' lang='lat' dir='ltr'>Stupenslry,</span> <span class='ocrx_word' id='word_1_78' title='bbox 1282 1933 1383 2024; x_wconf 74' lang='lat' dir='ltr'>quod·</span> <span class='ocrx_word' id='word_1_79' title='bbox 1401 1933 1507 2004; x_wconf 86' lang='lat' dir='ltr'>habet</span> <span class='ocrx_word' id='word_1_80' title='bbox 1533 1953 1656 2004; x_wconf 86' lang='lat' dir='ltr'>census</span> <span class='ocrx_word' id='word_1_81' title='bbox 1683 1931 1719 2002; x_wconf 92' lang='lat' dir='ltr'>in</span> <span class='ocrx_word' id='word_1_82' title='bbox 1745 1931 1931 2022; x_wconf 85' lang='lat' dir='ltr'>praetorio.</span> 
     </span>
     <span class='ocr_line' id='line_1_11' title="bbox 593 2044 2046 2152; baseline -0.005 -21"><span class='ocrx_word' id='word_1_83' title='bbox 593 2059 735 2152; x_wconf 79' lang='lat' dir='ltr'>Capella</span> <span class='ocrx_word' id='word_1_84' title='bbox 760 2059 796 2129; x_wconf 92' lang='lat' dir='ltr'>in</span> <span class='ocrx_word' id='word_1_85' title='bbox 824 2058 944 2128; x_wconf 89' lang='lat' dir='ltr'>eadem</span> <span class='ocrx_word' id='word_1_86' title='bbox 972 2057 1005 2128; x_wconf 84' lang='lat' dir='ltr'>S.</span> <span class='ocrx_word' id='word_1_87' title='bbox 1032 2055 1168 2126; x_wconf 88' lang='lat' dir='ltr'>Mariae</span> <span class='ocrx_word' id='word_1_88' title='bbox 1194 2053 1341 2126; x_wconf 86' lang='lat' dir='ltr'>ecclesia</span> <span class='ocrx_word' id='word_1_89' title='bbox 1366 2053 1494 2126; x_wconf 87' lang='lat' dir='ltr'>Sancto</span> <span class='ocrx_word' id='word_1_90' title='bbox 1520 2053 1647 2126; x_wconf 83' lang='lat' dir='ltr'>Alexio</span> <span class='ocrx_word' id='word_1_91' title='bbox 1669 2053 1794 2143; x_wconf 89' lang='lat' dir='ltr'>dicata,</span> <span class='ocrx_word' id='word_1_92' title='bbox 1821 2044 1910 2144; x_wconf 72' lang='lat' dir='ltr'>onae</span> <span class='ocrx_word' id='word_1_93' title='bbox 1935 2053 2046 2124; x_wconf 88' lang='lat' dir='ltr'>habet</span> 
     </span>
     <span class='ocr_line' id='line_1_12' title="bbox 488 2159 2041 2267; baseline -0.006 -13"><span class='ocrx_word' id='word_1_94' title='bbox 488 2191 560 2256; x_wconf 82' lang='lat' dir='ltr'>tras</span> <span class='ocrx_word' id='word_1_95' title='bbox 595 2181 833 2252; x_wconf 83' lang='lat' dir='ltr'>fundationes:</span> <span class='ocrx_word' id='word_1_96' title='bbox 869 2178 971 2250; x_wconf 90' lang='lat' dir='ltr'>unius</span> <span class='ocrx_word' id='word_1_97' title='bbox 1006 2175 1118 2267; x_wconf 87' lang='lat' dir='ltr'>partis</span> <span class='ocrx_word' id='word_1_98' title='bbox 1154 2196 1217 2248; x_wconf 86' lang='lat' dir='ltr'>seu</span> <span class='ocrx_word' id='word_1_99' title='bbox 1250 2175 1463 2248; x_wconf 88' lang='lat' dir='ltr'>fundationis</span> <span class='ocrx_word' id='word_1_100' title='bbox 1498 2174 1660 2248; x_wconf 86' lang='lat' dir='ltr'>altarista</span> <span class='ocrx_word' id='word_1_101' title='bbox 1684 2159 1890 2265; x_wconf 80' lang='lat' dir='ltr'>Stanislaus,</span> <span class='ocrx_word' id='word_1_102' title='bbox 1924 2175 2041 2246; x_wconf 88' lang='lat' dir='ltr'>dictus</span> 
     </span>
     <span class='ocr_line' id='line_1_13' title="bbox 490 2297 2045 2390; baseline -0.004 -16"><span class='ocrx_word' id='word_1_103' title='bbox 490 2301 757 2390; x_wconf 88' lang='lat' dir='ltr'>Stankonis,</span> <span class='ocrx_word' id='word_1_104' title='bbox 785 2299 974 2370; x_wconf 88' lang='lat' dir='ltr'>medicinae</span> <span class='ocrx_word' id='word_1_105' title='bbox 1002 2298 1132 2388; x_wconf 89' lang='lat' dir='ltr'>doctor,</span> <span class='ocrx_word' id='word_1_106' title='bbox 1160 2297 1352 2388; x_wconf 79' lang='lat' dir='ltr'>quilebet</span> <span class='ocrx_word' id='word_1_107' title='bbox 1382 2317 1446 2388; x_wconf 94' lang='lat' dir='ltr'>pro</span> <span class='ocrx_word' id='word_1_108' title='bbox 1473 2317 1579 2368; x_wconf 91' lang='lat' dir='ltr'>censu</span> <span class='ocrx_word' id='word_1_109' title='bbox 1596 2349 1712 2386; x_wconf 88' lang='grc'><strong>.....</strong></span> <span class='ocrx_word' id='word_1_110' title='bbox 1749 2298 1846 2369; x_wconf 89' lang='lat' dir='ltr'>cuins</span> <span class='ocrx_word' id='word_1_111' title='bbox 1873 2302 2045 2388; x_wconf 90' lang='lat' dir='ltr'>patronus</span> 
     </span>
     <span class='ocr_line' id='line_1_14' title="bbox 492 2417 2045 2510; baseline -0.003 -15"><span class='ocrx_word' id='word_1_112' title='bbox 492 2425 687 2496; x_wconf 88' lang='lat' dir='ltr'>Stanislaus</span> <span class='ocrx_word' id='word_1_113' title='bbox 715 2420 909 2509; x_wconf 81' lang='lat' dir='ltr'>Grazer3</span> <span class='ocrx_word' id='word_1_114' title='bbox 936 2418 1107 2492; x_wconf 88' lang='lat' dir='ltr'>secundus</span> <span class='ocrx_word' id='word_1_115' title='bbox 1126 2419 1287 2490; x_wconf 88' lang='lat' dir='ltr'>altarista</span> <span class='ocrx_word' id='word_1_116' title='bbox 1304 2417 1482 2492; x_wconf 77' lang='lat' dir='ltr'>iohannes</span> <span class='ocrx_word' id='word_1_117' title='bbox 1500 2417 1543 2489; x_wconf 91' lang='lat' dir='ltr'>de</span> <span class='ocrx_word' id='word_1_118' title='bbox 1569 2417 1832 2510; x_wconf 83' lang='lat' dir='ltr'>Sohobnya,</span> <span class='ocrx_word' id='word_1_119' title='bbox 1858 2418 2045 2509; x_wconf 79' lang='lat' dir='ltr'>quilebet</span> 
     </span>
    </p>
   </div>
   <div class='ocr_carea' id='block_1_6' title="bbox 388 2539 2046 2757">
    <p class='ocr_par' dir='ltr' id='par_1_6' title="bbox 388 2539 2046 2757">
     <span class='ocr_line' id='line_1_15' title="bbox 492 2539 2046 2636; baseline -0.003 -21"><span class='ocrx_word' id='word_1_120' title='bbox 492 2567 556 2636; x_wconf 89' lang='lat' dir='ltr'>pro</span> <span class='ocrx_word' id='word_1_121' title='bbox 584 2565 689 2615; x_wconf 87' lang='lat' dir='ltr'>censu</span> <span class='ocrx_word' id='word_1_122' title='bbox 708 2597 715 2613; x_wconf 93' lang='lat'><em>.</em></span> <span class='ocrx_word' id='word_1_123' title='bbox 735 2597 742 2612; x_wconf 92' lang='lat'><strong>.</strong></span> <span class='ocrx_word' id='word_1_124' title='bbox 761 2597 796 2613; x_wconf 93' lang='lat'>..</span> <span class='ocrx_word' id='word_1_125' title='bbox 823 2542 981 2634; x_wconf 89' lang='lat' dir='ltr'>petroni,</span> <span class='ocrx_word' id='word_1_126' title='bbox 1017 2539 1220 2612; x_wconf 81' lang='lat' dir='ltr'>fraternitas</span> <span class='ocrx_word' id='word_1_127' title='bbox 1248 2539 1395 2612; x_wconf 76' lang='lat' dir='ltr'>Sanmae</span> <span class='ocrx_word' id='word_1_128' title='bbox 1420 2539 1576 2628; x_wconf 81' lang='lat' dir='ltr'>Mariae3</span> <span class='ocrx_word' id='word_1_129' title='bbox 1612 2541 1740 2612; x_wconf 87' lang='lat' dir='ltr'>tertius</span> <span class='ocrx_word' id='word_1_130' title='bbox 1764 2539 1927 2612; x_wconf 85' lang='lat' dir='ltr'>altarista</span> <span class='ocrx_word' id='word_1_131' title='bbox 1959 2539 2046 2610; x_wconf 87' lang='lat' dir='ltr'>dicti</span> 
     </span>
     <span class='ocr_line' id='line_1_16' title="bbox 388 2660 2044 2757; baseline -0.004 -21"><span class='ocrx_word' id='word_1_132' title='bbox 388 2729 392 2736; x_wconf 88' lang='lat'>.</span> <span class='ocrx_word' id='word_1_133' title='bbox 492 2666 614 2738; x_wconf 87' lang='lat' dir='ltr'>altaris</span> <span class='ocrx_word' id='word_1_134' title='bbox 642 2664 925 2757; x_wconf 82' lang='lat' dir='ltr'>Wysoczslry</span> <span class='ocrx_word' id='word_1_135' title='bbox 952 2663 1172 2734; x_wconf 88' lang='lat' dir='ltr'>decretorum</span> <span class='ocrx_word' id='word_1_136' title='bbox 1198 2662 1330 2751; x_wconf 88' lang='lat' dir='ltr'>doctor,</span> <span class='ocrx_word' id='word_1_137' title='bbox 1357 2661 1417 2753; x_wconf 89' lang='lat' dir='ltr'>qui</span> <span class='ocrx_word' id='word_1_138' title='bbox 1442 2662 1551 2734; x_wconf 87' lang='lat' dir='ltr'>habet</span> <span class='ocrx_word' id='word_1_139' title='bbox 1577 2681 1642 2752; x_wconf 90' lang='lat' dir='ltr'>pro</span> <span class='ocrx_word' id='word_1_140' title='bbox 1670 2681 1798 2734; x_wconf 86' lang='lat' dir='ltr'>censu.</span> <span class='ocrx_word' id='word_1_141' title='bbox 1816 2716 1825 2731; x_wconf 92' lang='lat'><strong>.</strong></span> <span class='ocrx_word' id='word_1_142' title='bbox 1843 2715 1879 2732; x_wconf 89' lang='lat'>..</span> <span class='ocrx_word' id='word_1_143' title='bbox 1904 2660 2044 2752; x_wconf 87' lang='lat' dir='ltr'>patroni</span> 
     </span>
    </p>
   </div>
   <div class='ocr_carea' id='block_1_7' title="bbox 355 2785 2043 3138">
    <p class='ocr_par' dir='ltr' id='par_1_7' title="bbox 355 2785 2043 3138">
     <span class='ocr_line' id='line_1_17' title="bbox 492 2785 1250 2860; baseline -0.009 -1"><span class='ocrx_word' id='word_1_144' title='bbox 492 2789 680 2860; x_wconf 87' lang='lat' dir='ltr'>advocatus</span> <span class='ocrx_word' id='word_1_145' title='bbox 707 2786 750 2858; x_wconf 90' lang='lat' dir='ltr'>de</span> <span class='ocrx_word' id='word_1_146' title='bbox 777 2785 1114 2858; x_wconf 86' lang='lat' dir='ltr'>Cieszkowicze</span> <span class='ocrx_word' id='word_1_147' title='bbox 1133 2836 1250 2854; x_wconf 92' lang='grc'><strong>.....</strong></span> 
     </span>
     <span class='ocr_line' id='line_1_18' title="bbox 595 2903 2043 3000; baseline -0.004 -20"><span class='ocrx_word' id='word_1_148' title='bbox 595 2909 737 3000; x_wconf 84' lang='lat' dir='ltr'>Capella</span> <span class='ocrx_word' id='word_1_149' title='bbox 763 2908 796 2978; x_wconf 84' lang='lat' dir='ltr'>S.</span> <span class='ocrx_word' id='word_1_150' title='bbox 823 2905 998 2978; x_wconf 85' lang='lat' dir='ltr'>Stanislao</span> <span class='ocrx_word' id='word_1_151' title='bbox 1025 2906 1151 2993; x_wconf 86' lang='lat' dir='ltr'>dicata,</span> <span class='ocrx_word' id='word_1_152' title='bbox 1178 2905 1276 2976; x_wconf 91' lang='lat' dir='ltr'>cuius</span> <span class='ocrx_word' id='word_1_153' title='bbox 1302 2904 1464 2976; x_wconf 84' lang='lat' dir='ltr'>altarista</span> <span class='ocrx_word' id='word_1_154' title='bbox 1482 2903 1663 2995; x_wconf 81' lang='lat' dir='ltr'>Eulogius,</span> <span class='ocrx_word' id='word_1_155' title='bbox 1691 2903 1790 2975; x_wconf 90' lang='lat' dir='ltr'>cuius</span> <span class='ocrx_word' id='word_1_156' title='bbox 1807 2903 1946 2994; x_wconf 90' lang='lat' dir='ltr'>patroni</span> <span class='ocrx_word' id='word_1_157' title='bbox 1963 2923 2043 2974; x_wconf 91' lang='lat' dir='ltr'>oon·</span> 
     </span>
     <span class='ocr_line' id='line_1_19' title="bbox 355 3023 2042 3138; baseline -0.005 -34"><span class='ocrx_word' id='word_1_158' title='bbox 355 3127 359 3138; x_wconf 21' lang='lat'>⁵</span> <span class='ocrx_word' id='word_1_159' title='bbox 491 3033 583 3103; x_wconf 91' lang='lat' dir='ltr'>sufes</span> <span class='ocrx_word' id='word_1_160' title='bbox 611 3029 868 3115; x_wconf 88' lang='lat' dir='ltr'>Cracovienses,</span> <span class='ocrx_word' id='word_1_161' title='bbox 896 3028 956 3116; x_wconf 91' lang='lat' dir='ltr'>qui</span> <span class='ocrx_word' id='word_1_162' title='bbox 984 3025 1128 3116; x_wconf 80' lang='lat' dir='ltr'>singulis</span> <span class='ocrx_word' id='word_1_163' title='bbox 1155 3025 1256 3097; x_wconf 88' lang='lat' dir='ltr'>annis</span> <span class='ocrx_word' id='word_1_164' title='bbox 1282 3030 1446 3096; x_wconf 90' lang='lat' dir='ltr'>tenentur</span> <span class='ocrx_word' id='word_1_165' title='bbox 1472 3023 1558 3096; x_wconf 88' lang='lat' dir='ltr'>dare</span> <span class='ocrx_word' id='word_1_166' title='bbox 1591 3025 1635 3096; x_wconf 93' lang='lat' dir='ltr'>de</span> <span class='ocrx_word' id='word_1_167' title='bbox 1660 3025 1836 3116; x_wconf 89' lang='lat' dir='ltr'>praetorio</span> <span class='ocrx_word' id='word_1_168' title='bbox 1863 3025 2042 3096; x_wconf 86' lang='lat' dir='ltr'>altaristae</span> 
     </span>
    </p>
   </div>
   <div class='ocr_carea' id='block_1_8' title="bbox 492 3149 2045 3722">
    <p class='ocr_par' dir='ltr' id='par_1_8' title="bbox 492 3149 922 3242">
     <span class='ocr_line' id='line_1_20' title="bbox 492 3149 922 3242; baseline -0.016 -20"><span class='ocrx_word' id='word_1_169' title='bbox 492 3149 752 3242; x_wconf 88' lang='lat' dir='ltr'>quatuordecim</span> <span class='ocrx_word' id='word_1_170' title='bbox 779 3165 922 3217; x_wconf 84' lang='lat' dir='ltr'>marcas.</span> 
     </span>
    </p>

    <p class='ocr_par' dir='ltr' id='par_1_9' title="bbox 493 3265 2045 3583">
     <span class='ocr_line' id='line_1_21' title="bbox 596 3265 2044 3357; baseline -0.001 -17"><span class='ocrx_word' id='word_1_171' title='bbox 596 3269 720 3341; x_wconf 81' lang='lat' dir='ltr'>Altare</span> <span class='ocrx_word' id='word_1_172' title='bbox 746 3267 782 3339; x_wconf 90' lang='lat' dir='ltr'>in</span> <span class='ocrx_word' id='word_1_173' title='bbox 809 3266 953 3339; x_wconf 89' lang='lat' dir='ltr'>lectorio</span> <span class='ocrx_word' id='word_1_174' title='bbox 980 3285 1043 3339; x_wconf 90' lang='lat' dir='ltr'>seu</span> <span class='ocrx_word' id='word_1_175' title='bbox 1069 3265 1105 3339; x_wconf 90' lang='lat' dir='ltr'>in</span> <span class='ocrx_word' id='word_1_176' title='bbox 1132 3266 1239 3339; x_wconf 86' lang='lat' dir='ltr'>choro</span> <span class='ocrx_word' id='word_1_177' title='bbox 1265 3266 1422 3357; x_wconf 85' lang='lat' dir='ltr'>fratrum,</span> <span class='ocrx_word' id='word_1_178' title='bbox 1449 3265 1577 3339; x_wconf 87' lang='lat' dir='ltr'>Sancto</span> <span class='ocrx_word' id='word_1_179' title='bbox 1596 3322 1713 3339; x_wconf 93' lang='grc'><strong>.....</strong></span> <span class='ocrx_word' id='word_1_180' title='bbox 1757 3267 1919 3357; x_wconf 89' lang='lat' dir='ltr'>dicatum,</span> <span class='ocrx_word' id='word_1_181' title='bbox 1948 3267 2044 3339; x_wconf 91' lang='lat' dir='ltr'>cuius</span> 
     </span>
     <span class='ocr_line' id='line_1_22' title="bbox 493 3386 2045 3481; baseline -0.002 -19"><span class='ocrx_word' id='word_1_182' title='bbox 493 3391 634 3481; x_wconf 88' lang='lat' dir='ltr'>patroni</span> <span class='ocrx_word' id='word_1_183' title='bbox 660 3389 861 3461; x_wconf 82' lang='lat' dir='ltr'>fraternitas</span> <span class='ocrx_word' id='word_1_184' title='bbox 889 3393 925 3459; x_wconf 91' lang='lat' dir='ltr'>et</span> <span class='ocrx_word' id='word_1_185' title='bbox 942 3386 1103 3460; x_wconf 87' lang='lat' dir='ltr'>altarista</span> <span class='ocrx_word' id='word_1_186' title='bbox 1129 3388 1253 3461; x_wconf 90' lang='lat' dir='ltr'>doctor</span> <span class='ocrx_word' id='word_1_187' title='bbox 1280 3387 1449 3479; x_wconf 86' lang='lat' dir='ltr'>Clemens,</span> <span class='ocrx_word' id='word_1_188' title='bbox 1476 3388 1567 3479; x_wconf 87' lang='lat' dir='ltr'>quod</span> <span class='ocrx_word' id='word_1_189' title='bbox 1594 3410 1659 3479; x_wconf 89' lang='lat' dir='ltr'>pro</span> <span class='ocrx_word' id='word_1_190' title='bbox 1678 3410 1785 3461; x_wconf 90' lang='lat' dir='ltr'>censu</span> <span class='ocrx_word' id='word_1_191' title='bbox 1802 3390 1911 3461; x_wconf 87' lang='lat' dir='ltr'>habet</span> <span class='ocrx_word' id='word_1_192' title='bbox 1928 3388 2045 3461; x_wconf 89' lang='lat' dir='ltr'>decem</span> 
     </span>
     <span class='ocr_line' id='line_1_23' title="bbox 493 3508 884 3583; baseline -0.013 0"><span class='ocrx_word' id='word_1_193' title='bbox 493 3532 627 3583; x_wconf 85' lang='lat' dir='ltr'>marcas</span> <span class='ocrx_word' id='word_1_194' title='bbox 653 3510 689 3581; x_wconf 92' lang='lat' dir='ltr'>iu</span> <span class='ocrx_word' id='word_1_195' title='bbox 717 3508 884 3581; x_wconf 89' lang='lat' dir='ltr'>domibus.</span> 
     </span>
    </p>

    <p class='ocr_par' dir='ltr' id='par_1_10' title="bbox 592 3629 2044 3722">
     <span class='ocr_line' id='line_1_24' title="bbox 592 3629 2044 3722; baseline 0 -17"><span class='ocrx_word' id='word_1_196' title='bbox 592 3632 721 3707; x_wconf 73' lang='lat' dir='ltr'>‚Altero</span> <span class='ocrx_word' id='word_1_197' title='bbox 747 3630 884 3701; x_wconf 87' lang='lat' dir='ltr'>Sanctis</span> <span class='ocrx_word' id='word_1_198' title='bbox 918 3630 1050 3715; x_wconf 86' lang='lat' dir='ltr'>Simoni</span> <span class='ocrx_word' id='word_1_199' title='bbox 1085 3636 1122 3703; x_wconf 88' lang='lat' dir='ltr'>et</span> <span class='ocrx_word' id='word_1_200' title='bbox 1148 3630 1262 3703; x_wconf 87' lang='lat' dir='ltr'>Judae</span> <span class='ocrx_word' id='word_1_201' title='bbox 1293 3629 1474 3722; x_wconf 83' lang='lat' dir='ltr'>Apostolis</span> <span class='ocrx_word' id='word_1_202' title='bbox 1500 3630 1672 3721; x_wconf 90' lang='lat' dir='ltr'>dicatum,</span> <span class='ocrx_word' id='word_1_203' title='bbox 1707 3633 1805 3704; x_wconf 89' lang='lat' dir='ltr'>cuius</span> <span class='ocrx_word' id='word_1_204' title='bbox 1841 3638 1923 3704; x_wconf 91' lang='lat' dir='ltr'>sunt</span> <span class='ocrx_word' id='word_1_205' title='bbox 1955 3632 2044 3705; x_wconf 91' lang='lat' dir='ltr'>duae</span> 
     </span>
    </p>
   </div>
   <div class='ocr_carea' id='block_1_9' title="bbox 370 3752 2185 3857">
    <p class='ocr_par' dir='ltr' id='par_1_11' title="bbox 370 3752 2185 3857">
     <span class='ocr_line' id='line_1_25' title="bbox 370 3752 2185 3857; baseline -0.001 -30"><span class='ocrx_word' id='word_1_206' title='bbox 370 3850 374 3857; x_wconf 21' lang='grc' dir='ltr'>ι</span> <span class='ocrx_word' id='word_1_207' title='bbox 491 3755 720 3844; x_wconf 72' lang='lat' dir='ltr'>fundationes,</span> <span class='ocrx_word' id='word_1_208' title='bbox 739 3753 879 3843; x_wconf 89' lang='lat' dir='ltr'>patroni</span> <span class='ocrx_word' id='word_1_209' title='bbox 897 3753 1028 3844; x_wconf 87' lang='lat' dir='ltr'>primae</span> <span class='ocrx_word' id='word_1_210' title='bbox 1055 3754 1167 3844; x_wconf 88' lang='lat' dir='ltr'>partis</span> <span class='ocrx_word' id='word_1_211' title='bbox 1185 3758 1268 3825; x_wconf 90' lang='lat' dir='ltr'>sunt</span> <span class='ocrx_word' id='word_1_212' title='bbox 1293 3753 1451 3826; x_wconf 88' lang='lat' dir='ltr'>consules</span> <span class='ocrx_word' id='word_1_213' title='bbox 1478 3752 1736 3844; x_wconf 87' lang='lat' dir='ltr'>Cracovienses,</span> <span class='ocrx_word' id='word_1_214' title='bbox 1761 3756 1859 3827; x_wconf 90' lang='lat' dir='ltr'>cuius</span> <span class='ocrx_word' id='word_1_215' title='bbox 1885 3756 2047 3825; x_wconf 85' lang='lat' dir='ltr'>altarista</span> <span class='ocrx_word' id='word_1_216' title='bbox 2184 3795 2185 3842; x_wconf 70' lang='lat'>3</span> 
     </span>
    </p>
   </div>
   <div class='ocr_carea' id='block_1_10' title="bbox 492 3874 2049 4088">
    <p class='ocr_par' dir='ltr' id='par_1_12' title="bbox 492 3874 2049 4088">
     <span class='ocr_line' id='line_1_26' title="bbox 492 3874 2045 3967; baseline -0.003 -18"><span class='ocrx_word' id='word_1_217' title='bbox 492 3878 715 3950; x_wconf 91' lang='lat' dir='ltr'>Hieronimus</span> <span class='ocrx_word' id='word_1_218' title='bbox 743 3875 903 3966; x_wconf 89' lang='lat' dir='ltr'>Wolff,</span> <span class='ocrx_word' id='word_1_219' title='bbox 930 3876 991 3967; x_wconf 90' lang='lat' dir='ltr'>qni</span> <span class='ocrx_word' id='word_1_220' title='bbox 1016 3896 1080 3966; x_wconf 90' lang='lat' dir='ltr'>pro</span> <span class='ocrx_word' id='word_1_221' title='bbox 1107 3896 1223 3949; x_wconf 84' lang='lat' dir='ltr'>annuo</span> <span class='ocrx_word' id='word_1_222' title='bbox 1250 3896 1356 3947; x_wconf 81' lang='lat' dir='ltr'>censu</span> <span class='ocrx_word' id='word_1_223' title='bbox 1382 3875 1490 3947; x_wconf 88' lang='lat' dir='ltr'>habet</span> <span class='ocrx_word' id='word_1_224' title='bbox 1515 3880 1552 3947; x_wconf 91' lang='lat' dir='ltr'>et</span> <span class='ocrx_word' id='word_1_225' title='bbox 1577 3875 1672 3947; x_wconf 89' lang='lat' dir='ltr'>tollit</span> <span class='ocrx_word' id='word_1_226' title='bbox 1696 3874 1739 3946; x_wconf 91' lang='lat' dir='ltr'>de</span> <span class='ocrx_word' id='word_1_227' title='bbox 1766 3876 1943 3965; x_wconf 87' lang='lat' dir='ltr'>praetorio</span> <span class='ocrx_word' id='word_1_228' title='bbox 1961 3874 2045 3947; x_wconf 86' lang='lat' dir='ltr'>Cra-</span> 
     </span>
     <span class='ocr_line' id='line_1_27' title="bbox 492 3996 2049 4088; baseline -0.002 -18"><span class='ocrx_word' id='word_1_229' title='bbox 492 4000 663 4085; x_wconf 77' lang='lat' dir='ltr'>certensi,</span> <span class='ocrx_word' id='word_1_230' title='bbox 699 3998 843 4068; x_wconf 83' lang='lat' dir='ltr'>alterius</span> <span class='ocrx_word' id='word_1_231' title='bbox 878 3998 990 4086; x_wconf 89' lang='lat' dir='ltr'>partis</span> <span class='ocrx_word' id='word_1_232' title='bbox 1028 4002 1198 4086; x_wconf 86' lang='lat' dir='ltr'>patronus</span> <span class='ocrx_word' id='word_1_233' title='bbox 1229 4003 1284 4069; x_wconf 88' lang='lat' dir='ltr'>est</span> <span class='ocrx_word' id='word_1_234' title='bbox 1318 3996 1689 4088; x_wconf 84' lang='lat' dir='ltr'>Szweydniczer,</span> <span class='ocrx_word' id='word_1_235' title='bbox 1728 3996 1788 4087; x_wconf 86' lang='lat' dir='ltr'>qui</span> <span class='ocrx_word' id='word_1_236' title='bbox 1823 4017 1888 4086; x_wconf 91' lang='lat' dir='ltr'>pro</span> <span class='ocrx_word' id='word_1_237' title='bbox 1928 4018 2049 4068; x_wconf 89' lang='lat' dir='ltr'>annuo</span> 
     </span>
    </p>
   </div>
   <div class='ocr_carea' id='block_1_11' title="bbox 349 4116 1315 4205">
    <p class='ocr_par' dir='ltr' id='par_1_13' title="bbox 349 4116 1399 4205">
     <span class='ocr_line' id='line_1_28' title="bbox 349 4116 1315 4205; baseline -0.005 -15"><span class='ocrx_word' id='word_1_238' title='bbox 349 4153 353 4165; x_wconf 75' lang='lat'>,</span> <span class='ocrx_word' id='word_1_239' title='bbox 492 4140 598 4189; x_wconf 90' lang='lat' dir='ltr'>censu</span> <span class='ocrx_word' id='word_1_240' title='bbox 624 4116 731 4187; x_wconf 85' lang='lat' dir='ltr'>habet</span> <span class='ocrx_word' id='word_1_241' title='bbox 758 4116 953 4205; x_wconf 90' lang='lat' dir='ltr'>quindecim</span> <span class='ocrx_word' id='word_1_242' title='bbox 979 4135 1115 4187; x_wconf 87' lang='lat' dir='ltr'>marcas</span> <span class='ocrx_word' id='word_1_243' title='bbox 1142 4118 1178 4186; x_wconf 92' lang='lat' dir='ltr'>in</span> <span class='ocrx_word' id='word_1_244' title='bbox 1205 4117 1315 4187; x_wconf 87' lang='lat' dir='ltr'>villa.</span> 
     </span>
    </p>
   </div>
   <div class='ocr_carea' id='block_1_12' title="bbox 382 4224 2184 5787">
    <p class='ocr_par' dir='ltr' id='par_1_14' title="bbox 494 4224 2067 4446">
     <span class='ocr_line' id='line_1_29' title="bbox 597 4224 2067 4332; baseline 0.004 -27"><span class='ocrx_word' id='word_1_245' title='bbox 597 4236 719 4306; x_wconf 85' lang='lat' dir='ltr'>Altera</span> <span class='ocrx_word' id='word_1_246' title='bbox 744 4234 843 4306; x_wconf 89' lang='lat' dir='ltr'>Petri</span> <span class='ocrx_word' id='word_1_247' title='bbox 870 4232 1085 4325; x_wconf 90' lang='lat' dir='ltr'>Groszer,</span> <span class='ocrx_word' id='word_1_248' title='bbox 1112 4234 1239 4309; x_wconf 84' lang='lat' dir='ltr'>Sancto</span> <span class='ocrx_word' id='word_1_249' title='bbox 1258 4235 1442 4309; x_wconf 74' lang='lat' dir='ltr'>leonardo</span> <span class='ocrx_word' id='word_1_250' title='bbox 1460 4234 1622 4326; x_wconf 89' lang='lat' dir='ltr'>dicatum,</span> <span class='ocrx_word' id='word_1_251' title='bbox 1649 4238 1746 4311; x_wconf 91' lang='lat' dir='ltr'>ouius</span> <span class='ocrx_word' id='word_1_252' title='bbox 1764 4244 1913 4332; x_wconf 87' lang='lat' dir='ltr'>patrona</span> <span class='ocrx_word' id='word_1_253' title='bbox 1929 4224 2067 4332; x_wconf 55' lang='lat' dir='ltr'>Wyn?</span> 
     </span>
     <span class='ocr_line' id='line_1_30' title="bbox 494 4354 1510 4446; baseline 0 -19"><span class='ocrx_word' id='word_1_254' title='bbox 494 4358 639 4445; x_wconf 78' lang='lat' dir='ltr'>lewa,</span> <span class='ocrx_word' id='word_1_255' title='bbox 667 4354 759 4446; x_wconf 91' lang='lat' dir='ltr'>quod</span> <span class='ocrx_word' id='word_1_256' title='bbox 786 4376 908 4427; x_wconf 90' lang='lat' dir='ltr'>census</span> <span class='ocrx_word' id='word_1_257' title='bbox 935 4356 1042 4427; x_wconf 90' lang='lat' dir='ltr'>habet</span> <span class='ocrx_word' id='word_1_258' title='bbox 1067 4356 1103 4427; x_wconf 93' lang='lat' dir='ltr'>in</span> <span class='ocrx_word' id='word_1_259' title='bbox 1131 4357 1255 4429; x_wconf 89' lang='lat' dir='ltr'>balneo</span> <span class='ocrx_word' id='word_1_260' title='bbox 1282 4355 1510 4431; x_wconf 87' lang='lat' dir='ltr'>Wieliczensi.</span> 
     </span>
    </p>

    <p class='ocr_par' dir='ltr' id='par_1_15' title="bbox 487 4474 2046 4926">
     <span class='ocr_line' id='line_1_31' title="bbox 600 4474 2046 4573; baseline 0.003 -26"><span class='ocrx_word' id='word_1_261' title='bbox 600 4475 741 4565; x_wconf 86' lang='lat' dir='ltr'>Capella</span> <span class='ocrx_word' id='word_1_262' title='bbox 767 4474 895 4547; x_wconf 88' lang='lat' dir='ltr'>Sancto</span> <span class='ocrx_word' id='word_1_263' title='bbox 923 4475 1069 4565; x_wconf 87' lang='lat' dir='ltr'>Spiritui</span> <span class='ocrx_word' id='word_1_264' title='bbox 1096 4476 1221 4566; x_wconf 88' lang='lat' dir='ltr'>dicata,</span> <span class='ocrx_word' id='word_1_265' title='bbox 1249 4477 1347 4549; x_wconf 89' lang='lat' dir='ltr'>cuius</span> <span class='ocrx_word' id='word_1_266' title='bbox 1365 4478 1504 4567; x_wconf 89' lang='lat' dir='ltr'>patroni</span> <span class='ocrx_word' id='word_1_267' title='bbox 1530 4479 1688 4551; x_wconf 88' lang='lat' dir='ltr'>consules</span> <span class='ocrx_word' id='word_1_268' title='bbox 1705 4477 1961 4571; x_wconf 83' lang='lat' dir='ltr'>Cracovienses,</span> <span class='ocrx_word' id='word_1_269' title='bbox 1988 4483 2046 4573; x_wconf 91' lang='lat' dir='ltr'>qui</span> 
     </span>
     <span class='ocr_line' id='line_1_32' title="bbox 487 4598 2044 4691; baseline 0.001 -18"><span class='ocrx_word' id='word_1_270' title='bbox 487 4598 657 4673; x_wconf 72' lang='lat' dir='ltr'>&#39;tenentur</span> <span class='ocrx_word' id='word_1_271' title='bbox 682 4602 908 4685; x_wconf 81' lang='lat' dir='ltr'>praesentare</span> <span class='ocrx_word' id='word_1_272' title='bbox 935 4618 1040 4668; x_wconf 92' lang='lat' dir='ltr'>unum</span> <span class='ocrx_word' id='word_1_273' title='bbox 1058 4618 1102 4669; x_wconf 85' lang='lat' dir='ltr'>ex</span> <span class='ocrx_word' id='word_1_274' title='bbox 1120 4598 1260 4669; x_wconf 82' lang='lat' dir='ltr'>vicariis</span> <span class='ocrx_word' id='word_1_275' title='bbox 1287 4599 1468 4689; x_wconf 87' lang='lat' dir='ltr'>seniorem,</span> <span class='ocrx_word' id='word_1_276' title='bbox 1495 4600 1552 4671; x_wconf 88' lang='lat' dir='ltr'>cui</span> <span class='ocrx_word' id='word_1_277' title='bbox 1570 4606 1607 4676; x_wconf 89' lang='lat' dir='ltr'>et</span> <span class='ocrx_word' id='word_1_278' title='bbox 1625 4600 1773 4691; x_wconf 75' lang='lat' dir='ltr'>singulis</span> <span class='ocrx_word' id='word_1_279' title='bbox 1797 4603 1899 4677; x_wconf 66' lang='lat' dir='ltr'>annm</span> <span class='ocrx_word' id='word_1_280' title='bbox 1925 4610 2044 4675; x_wconf 89' lang='lat' dir='ltr'>tenen·</span> 
     </span>
     <span class='ocr_line' id='line_1_33' title="bbox 493 4717 2044 4809; baseline 0.002 -16"><span class='ocrx_word' id='word_1_281' title='bbox 493 4727 552 4793; x_wconf 90' lang='lat' dir='ltr'>tur</span> <span class='ocrx_word' id='word_1_282' title='bbox 578 4720 663 4791; x_wconf 90' lang='lat' dir='ltr'>dare</span> <span class='ocrx_word' id='word_1_283' title='bbox 690 4717 838 4789; x_wconf 90' lang='lat' dir='ltr'>sedecim</span> <span class='ocrx_word' id='word_1_284' title='bbox 865 4738 1010 4809; x_wconf 88' lang='lat' dir='ltr'>marcas,</span> <span class='ocrx_word' id='word_1_285' title='bbox 1038 4720 1135 4793; x_wconf 91' lang='lat' dir='ltr'>cuius</span> <span class='ocrx_word' id='word_1_286' title='bbox 1162 4720 1348 4793; x_wconf 86' lang='lat' dir='ltr'>modernus</span> <span class='ocrx_word' id='word_1_287' title='bbox 1375 4720 1535 4795; x_wconf 88' lang='lat' dir='ltr'>altarista</span> <span class='ocrx_word' id='word_1_288' title='bbox 1562 4776 1699 4795; x_wconf 92' lang='grc'><strong>......</strong></span> <span class='ocrx_word' id='word_1_289' title='bbox 1726 4724 1974 4799; x_wconf 87' lang='lat' dir='ltr'>baccalaureus</span> <span class='ocrx_word' id='word_1_290' title='bbox 2000 4725 2044 4797; x_wconf 90' lang='lat' dir='ltr'>de</span> 
     </span>
     <span class='ocr_line' id='line_1_34' title="bbox 495 4843 768 4926; baseline 0 -14"><span class='ocrx_word' id='word_1_291' title='bbox 495 4843 768 4926; x_wconf 55' lang='lat' dir='ltr'>Tharnows,</span> 
     </span>
    </p>

    <p class='ocr_par' dir='ltr' id='par_1_16' title="bbox 382 4962 2045 5417">
     <span class='ocr_line' id='line_1_35' title="bbox 597 4962 2044 5059; baseline 0.003 -24"><span class='ocrx_word' id='word_1_292' title='bbox 597 4962 741 5054; x_wconf 82' lang='lat' dir='ltr'>Capella</span> <span class='ocrx_word' id='word_1_293' title='bbox 767 4964 867 5034; x_wconf 90' lang='lat' dir='ltr'>sanct</span> <span class='ocrx_word' id='word_1_294' title='bbox 885 5012 999 5052; x_wconf 90' lang='lat'>.....</span> <span class='ocrx_word' id='word_1_295' title='bbox 1018 4964 1114 5037; x_wconf 89' lang='lat' dir='ltr'>cuius</span> <span class='ocrx_word' id='word_1_296' title='bbox 1141 4968 1311 5054; x_wconf 90' lang='lat' dir='ltr'>patronus</span> <span class='ocrx_word' id='word_1_297' title='bbox 1328 4962 1554 5039; x_wconf 87' lang='lat' dir='ltr'>Sebastianus</span> <span class='ocrx_word' id='word_1_298' title='bbox 1573 4966 1659 5038; x_wconf 90' lang='lat' dir='ltr'>civis</span> <span class='ocrx_word' id='word_1_299' title='bbox 1679 4966 1927 5059; x_wconf 82' lang='lat' dir='ltr'>Cracoviensis,</span> <span class='ocrx_word' id='word_1_300' title='bbox 1947 4970 2044 5041; x_wconf 90' lang='lat' dir='ltr'>cuias</span> 
     </span>
     <span class='ocr_line' id='line_1_36' title="bbox 494 5081 2044 5178; baseline 0.002 -21"><span class='ocrx_word' id='word_1_301' title='bbox 494 5085 655 5157; x_wconf 88' lang='lat' dir='ltr'>altarista</span> <span class='ocrx_word' id='word_1_302' title='bbox 680 5084 858 5157; x_wconf 86' lang='lat' dir='ltr'>Johannes</span> <span class='ocrx_word' id='word_1_303' title='bbox 886 5081 928 5154; x_wconf 90' lang='lat' dir='ltr'>de</span> <span class='ocrx_word' id='word_1_304' title='bbox 956 5081 1345 5178; x_wconf 82' lang='lat' dir='ltr'>Coprzywnycza3</span> <span class='ocrx_word' id='word_1_305' title='bbox 1382 5106 1504 5159; x_wconf 89' lang='lat' dir='ltr'>census</span> <span class='ocrx_word' id='word_1_306' title='bbox 1532 5088 1617 5161; x_wconf 89' lang='lat' dir='ltr'>dicti</span> <span class='ocrx_word' id='word_1_307' title='bbox 1653 5089 1775 5161; x_wconf 89' lang='lat' dir='ltr'>altaris</span> <span class='ocrx_word' id='word_1_308' title='bbox 1807 5090 1981 5163; x_wconf 86' lang='lat' dir='ltr'>habentur</span> <span class='ocrx_word' id='word_1_309' title='bbox 2008 5091 2044 5161; x_wconf 92' lang='lat' dir='ltr'>in</span> 
     </span>
     <span class='ocr_line' id='line_1_37' title="bbox 382 5188 2045 5300; baseline 0.005 -23"><span class='ocrx_word' id='word_1_310' title='bbox 382 5188 399 5199; x_wconf 73' lang='grc'>”</span> <span class='ocrx_word' id='word_1_311' title='bbox 494 5206 662 5296; x_wconf 90' lang='lat' dir='ltr'>domibus,</span> <span class='ocrx_word' id='word_1_312' title='bbox 689 5207 725 5277; x_wconf 93' lang='lat' dir='ltr'>in</span> <span class='ocrx_word' id='word_1_313' title='bbox 752 5206 893 5278; x_wconf 86' lang='lat' dir='ltr'>civitate</span> <span class='ocrx_word' id='word_1_314' title='bbox 911 5203 1132 5278; x_wconf 89' lang='lat' dir='ltr'>Cracoviensi</span> <span class='ocrx_word' id='word_1_315' title='bbox 1159 5213 1196 5278; x_wconf 91' lang='lat' dir='ltr'>et</span> <span class='ocrx_word' id='word_1_316' title='bbox 1222 5208 1259 5279; x_wconf 94' lang='lat' dir='ltr'>in</span> <span class='ocrx_word' id='word_1_317' title='bbox 1285 5208 1518 5300; x_wconf 86' lang='lat' dir='ltr'>Stradom,</span> <span class='ocrx_word' id='word_1_318' title='bbox 1544 5211 1685 5300; x_wconf 88' lang='lat' dir='ltr'>patroni</span> <span class='ocrx_word' id='word_1_319' title='bbox 1712 5216 1828 5283; x_wconf 65' lang='lat' dir='ltr'>anam</span> <span class='ocrx_word' id='word_1_320' title='bbox 1854 5210 1940 5283; x_wconf 91' lang='lat' dir='ltr'>dicti</span> <span class='ocrx_word' id='word_1_321' title='bbox 1957 5211 2045 5285; x_wconf 90' lang='lat' dir='ltr'>alta·</span> 
     </span>
     <span class='ocr_line' id='line_1_38' title="bbox 493 5326 1557 5417; baseline 0.005 -22"><span class='ocrx_word' id='word_1_322' title='bbox 493 5326 543 5395; x_wconf 88' lang='lat' dir='ltr'>ris</span> <span class='ocrx_word' id='word_1_323' title='bbox 569 5332 732 5399; x_wconf 87' lang='lat' dir='ltr'>tenentur</span> <span class='ocrx_word' id='word_1_324' title='bbox 757 5332 983 5417; x_wconf 88' lang='lat' dir='ltr'>praesentare</span> <span class='ocrx_word' id='word_1_325' title='bbox 1009 5350 1115 5401; x_wconf 92' lang='lat' dir='ltr'>unum</span> <span class='ocrx_word' id='word_1_326' title='bbox 1142 5350 1185 5401; x_wconf 82' lang='lat' dir='ltr'>ex</span> <span class='ocrx_word' id='word_1_327' title='bbox 1211 5329 1350 5403; x_wconf 85' lang='lat' dir='ltr'>vicariis</span> <span class='ocrx_word' id='word_1_328' title='bbox 1376 5331 1557 5403; x_wconf 88' lang='lat' dir='ltr'>seniorem.</span> 
     </span>
    </p>

    <p class='ocr_par' dir='ltr' id='par_1_17' title="bbox 411 5444 2184 5787">
     <span class='ocr_line' id='line_1_39' title="bbox 598 5444 2044 5545; baseline 0.008 -31"><span class='ocrx_word' id='word_1_329' title='bbox 598 5444 720 5517; x_wconf 86' lang='lat' dir='ltr'>Altare</span> <span class='ocrx_word' id='word_1_330' title='bbox 747 5448 936 5521; x_wconf 91' lang='lat' dir='ltr'>Beatorum</span> <span class='ocrx_word' id='word_1_331' title='bbox 961 5448 1060 5522; x_wconf 92' lang='lat' dir='ltr'>Petri</span> <span class='ocrx_word' id='word_1_332' title='bbox 1078 5454 1114 5521; x_wconf 91' lang='lat' dir='ltr'>et</span> <span class='ocrx_word' id='word_1_333' title='bbox 1131 5448 1232 5521; x_wconf 92' lang='lat' dir='ltr'>Pauli</span> <span class='ocrx_word' id='word_1_334' title='bbox 1257 5453 1503 5543; x_wconf 87' lang='lat' dir='ltr'>apostolorum,</span> <span class='ocrx_word' id='word_1_335' title='bbox 1532 5452 1630 5525; x_wconf 86' lang='lat' dir='ltr'>cuius</span> <span class='ocrx_word' id='word_1_336' title='bbox 1648 5454 1831 5527; x_wconf 79' lang='lat' dir='ltr'>collatores</span> <span class='ocrx_word' id='word_1_337' title='bbox 1849 5460 1886 5527; x_wconf 91' lang='lat' dir='ltr'>et</span> <span class='ocrx_word' id='word_1_338' title='bbox 1904 5456 2044 5545; x_wconf 90' lang='lat' dir='ltr'>patroni</span> 
     </span>
     <span class='ocr_line' id='line_1_40' title="bbox 494 5563 2044 5662; baseline 0.009 -27"><span class='ocrx_word' id='word_1_339' title='bbox 494 5563 651 5636; x_wconf 89' lang='lat' dir='ltr'>eonsules</span> <span class='ocrx_word' id='word_1_340' title='bbox 687 5564 950 5662; x_wconf 91' lang='lat' dir='ltr'>Cracovienses,</span> <span class='ocrx_word' id='word_1_341' title='bbox 987 5571 1150 5644; x_wconf 89' lang='lat' dir='ltr'>altarista</span> <span class='ocrx_word' id='word_1_342' title='bbox 1175 5570 1335 5647; x_wconf 88' lang='lat' dir='ltr'>dominns</span> <span class='ocrx_word' id='word_1_343' title='bbox 1370 5574 1545 5649; x_wconf 86' lang='lat' dir='ltr'>Martinus</span> <span class='ocrx_word' id='word_1_344' title='bbox 1571 5576 1615 5648; x_wconf 92' lang='lat' dir='ltr'>de</span> <span class='ocrx_word' id='word_1_345' title='bbox 1649 5576 1858 5649; x_wconf 88' lang='lat' dir='ltr'>Bochnia</span> <span class='ocrx_word' id='word_1_346' title='bbox 1892 5578 2044 5649; x_wconf 85' lang='lat' dir='ltr'>vicarius</span> 
     </span>
     <span class='ocr_line' id='line_1_41' title="bbox 411 5685 2184 5787; baseline 0.009 -30"><span class='ocrx_word' id='word_1_347' title='bbox 411 5724 415 5733; x_wconf 92' lang='lat'>·</span> <span class='ocrx_word' id='word_1_348' title='bbox 492 5685 658 5759; x_wconf 88' lang='lat' dir='ltr'>ecclesiae</span> <span class='ocrx_word' id='word_1_349' title='bbox 685 5686 913 5781; x_wconf 89' lang='lat' dir='ltr'>cathedralis,</span> <span class='ocrx_word' id='word_1_350' title='bbox 941 5692 1041 5783; x_wconf 90' lang='lat' dir='ltr'>quod</span> <span class='ocrx_word' id='word_1_351' title='bbox 1060 5711 1124 5782; x_wconf 88' lang='lat' dir='ltr'>pro</span> <span class='ocrx_word' id='word_1_352' title='bbox 1152 5710 1257 5761; x_wconf 88' lang='lat' dir='ltr'>censu</span> <span class='ocrx_word' id='word_1_353' title='bbox 1282 5694 1391 5767; x_wconf 87' lang='lat' dir='ltr'>habet</span> <span class='ocrx_word' id='word_1_354' title='bbox 1416 5698 1611 5787; x_wconf 91' lang='lat' dir='ltr'>quindecim</span> <span class='ocrx_word' id='word_1_355' title='bbox 1637 5718 1772 5771; x_wconf 89' lang='lat' dir='ltr'>marces</span> <span class='ocrx_word' id='word_1_356' title='bbox 1797 5698 1961 5773; x_wconf 85' lang='lat' dir='ltr'>invilla.</span> <span class='ocrx_word' id='word_1_357' title='bbox 1979 5753 1987 5769; x_wconf 89' lang='lat'><strong>.</strong></span> <span class='ocrx_word' id='word_1_358' title='bbox 2005 5752 2041 5772; x_wconf 87' lang='lat'>..</span> <span class='ocrx_word' id='word_1_359' title='bbox 2177 5717 2184 5739; x_wconf 87' lang='lat'><strong>·</strong></span> 
     </span>
    </p>
   </div>
   <div class='ocr_carea' id='block_1_13' title="bbox 0 0 2286 6596">
    <p class='ocr_par' dir='ltr' id='par_1_18' title="bbox 0 0 2286 6596">
     <span class='ocr_line' id='line_1_42' title="bbox 0 0 2286 6596; baseline 0 0"><span class='ocrx_word' id='word_1_360' title='bbox 0 0 2286 6596; x_wconf 95' lang='lat' dir='ltr'> </span> 
     </span>
    </p>
   </div>
  </div>
 </body>
</html>
