4550 6600
474 716 546 787 110

432 916 437 922 ’
469 921 706 1012 Bodzan0W‚
731 927 767 995 ct
785 894 882 993 valor
901 924 974 995 eius
993 924 1196 993 aestimatur
1214 923 1259 993 ad
1276 924 1394 993 decem
1412 942 1557 992 marcas.
1585 923 1674 993 Item
1693 922 1789 992 curia
1806 924 2027 993 coenobiale-

470 1065 537 1133 que
560 1043 736 1133 praedium
761 1049 817 1115 est
843 1044 879 1113 in
906 1044 1027 1115 eadem
1053 1044 1155 1133 ville,
1182 1043 1225 1113 de
1251 1045 1349 1115 cuius
1376 1044 1470 1133 agris
1496 1044 1745 1114 monasterium
1774 1042 2027 1133 Thynicziense

469 1164 562 1235 tollit
588 1185 652 1253 pro
679 1185 716 1234 se
744 1165 929 1261 decImam,
957 1165 1119 1254 illamque
1146 1165 1182 1234 in
1201 1187 1300 1236 suum
1326 1166 1491 1235 horreum
1517 1165 1658 1235 inducit
1697 1166 1787 1235 Item
1814 1165 1959 1235 ecclesia
1984 1170 2027 1235 et

473 1285 640 1377 plebanus
677 1286 809 1359 habent
835 1286 885 1357 ibi
911 1306 1015 1377 agros
1050 1286 1180 1358 liberos
1206 1286 1368 1377 proprios
1394 1292 1431 1357 ct
1457 1291 1559 1375 prata
1584 1306 1649 1375 pro
1676 1306 1739 1357 suo
1765 1286 1926 1376 praedio,
1953 1305 2025 1357 usn

469 1412 505 1479 et
530 1408 745 1479 necessitate.
1728 1423 1732 1427 ’

574 1528 770 1617 Zanazouu,
806 1528 889 1599 villa
922 1529 987 1598 sub
1022 1528 1190 1617 parochia
1224 1526 1266 1598 de
1294 1527 1553 1600 Bodzanow
1579 1529 1665 1617 sita,
1701 1528 1799 1598 cuius
1825 1528 2026 1617 proprietas

472 1648 516 1720 ad
542 1650 791 1720 monasterium
827 1648 1137 1719 sanctimonialium
1174 1649 1209 1718 in
1237 1647 1536 1739 Stanyathky
1569 1650 1732 1739 pertinet.
1771 1649 1812 1718 In
1839 1670 1910 1738 qua
1942 1653 2029 1719 sunt

471 1790 593 1839 novem
621 1789 697 1840 cum
724 1769 837 1840 medio
864 1769 956 1839 lanei
983 1769 1233 1858 cmethonaleS,
1256 1770 1339 1840 item
1370 1776 1443 1840 tres
1469 1769 1688 1840 hortulaniae
1713 1768 1881 1839 habentes
1908 1790 2025 1858 agrae,

470 1890 553 1959 item
580 1889 667 1960 duae
694 1889 860 1959 tabernae
886 1890 1053 1961 habentes
1080 1911 1199 1979 agros,
1226 1890 1412 1980 dequibus
1440 1890 1597 1961 omnibus
1624 1890 1773 1961 solvitur
1798 1896 1837 1960 et
1863 1889 2027 1959 conduci-

470 2016 529 2081 tur
556 2010 688 2081 decima
722 2010 948 2100 manipularis
976 2016 1011 2081 et
1029 2012 1204 2100 canapalis
1234 2032 1298 2101 pro
1323 2005 1432 2082 'altari
1457 2010 1576 2082 Sancti
1602 2010 1772 2082 Iohannis
1798 2010 1960 2100 Apostoli
1985 2015 2028 2081 et

470 2130 714 2219 Evangelistae
750 2131 786 2201 in
814 2131 958 2202 ecclesia
994 2130 1233 2222 cracoviensi,
1269 2137 1305 2202 et
1330 2133 1429 2203 valor
1465 2133 1539 2202 eins
1566 2132 1772 2202 aestiuatur
1799 2131 1845 2201 ad
1871 2131 2024 2203 sedecim

389 2294 396 2305 ·
470 2271 612 2321 marcas.
650 2251 740 2323 Item
767 2256 821 2322 est
847 2251 883 2321 iu
902 2251 1021 2322 eadem
1047 2252 1131 2322 villa
1157 2252 1337 2341 praedium
1364 2252 1577 2342 coenobiale,
1604 2251 1646 2322 de
1665 2274 1732 2341 qno
1759 2252 1845 2322 nulli
1873 2252 2025 2323 solvitur

472 2368 612 2459 decima,
640 2371 796 2441 sedeam
822 2372 1069 2442 monasterium
1095 2392 1159 2461 pro
1187 2393 1224 2443 se
1241 2373 1334 2443 tollit
1359 2379 1396 2444 et
1413 2374 1450 2443 iu
1467 2374 1630 2443 horreum
1658 2393 1758 2443 snum
1784 2372 1888 2442 ducit
1928 2372 2020 2442 Item

472 2491 616 2563 ccclesia
642 2493 677 2562 in
704 2490 959 2563 Bodzanow
984 2493 1091 2563 habet
1117 2493 1166 2563 ibi
1193 2493 1482 2564 columbationem
1508 2499 1545 2563 et
1562 2492 1743 2563 denarium
1769 2492 1888 2562 Sancti
1911 2471 2019 2562 Petri.

577 2612 878 2702 Zannzowrncz‚
905 2612 988 2683 villa
1014 2614 1078 2685 sub
1096 2614 1263 2703 parochia
1289 2614 1331 2684 dc
1350 2614 1607 2685 Bodzanow
1634 2614 1716 2703 sita,
1743 2613 1842 2683 cuius
1867 2613 2027 2703 proprie·

471 2738 533 2845 tas
561 2732 605 2803 ad
631 2734 878 2805 monasterium
905 2734 1216 2806 sanctimonialium
1235 2725 1279 2805 ‘in
1314 2734 1653 2826 Stanypnthky
1678 2735 1838 2825 pertinet.
1887 2735 1930 2804 In
1956 2755 2028 2824 qua

475 2859 555 2924 sunt
583 2854 733 2944 quinque
760 2854 852 2925 lanei
879 2855 1126 2945 emethonales,
1154 2856 1238 2927 item
1269 2875 1339 2925 una
1363 2856 1511 2926 taberna
1536 2860 1660 2926 vocata
1686 2855 1863 2945 Barycz
1889 2856 2025 2927 habens

472 2994 585 3064 agros,
610 2975 797 3064 dequibus
825 2976 983 3046 omnibus
1011 2976 1158 3047 solvitur
1185 2983 1222 3047 et
1244 2976 1447 3048 conducitur
1465 2976 1598 3047 decima
1614 2976 1839 3065 manipularis
1865 2982 1903 3047 et
1920 2997 2022 3047 cana-

472 3095 561 3183 palis
588 3114 652 3183 pro
794 3102 830 3167 et
847 3084 945 3166 valor
972 3097 1047 3167 eius
1073 3097 1278 3168 aestimatur
1305 3098 1349 3169 ad
1368 3118 1429 3168 sex
1455 3118 1599 3168 marcas.
1633 3098 1722 3168 Item
1748 3098 1784 3167 in
1802 3097 1924 3169 eadem
1941 3097 2026 3167 villa

476 3220 620 3285 nonest
645 3216 844 3306 praedium,
871 3237 940 3287 non
958 3222 1012 3287 est
1030 3217 1202 3308 scoltetia,
1229 3224 1371 3289 nonest
1396 3218 1638 3289 molendinum.
1678 3217 1767 3289 Item
1793 3218 1914 3289 eadem
1940 3218 2026 3289 villa

478 3337 582 3408 solut
608 3321 772 3408 ecclesiae
798 3338 834 3408 in
861 3337 1118 3410 Bodzanow
1146 3339 1433 3411 columbationem
1459 3345 1497 3412 et
1514 3340 1694 3411 denarium
1720 3339 1840 3412 Sancti
1866 3340 1972 3411 Petri.

575 3456 810 3548 sancituros,
833 3459 916 3529 villa
935 3461 998 3531 sub
1017 3461 1182 3550 parochia
1199 3460 1243 3530 de
1261 3461 1512 3532 Bodzanou
1530 3462 1617 3551 sita,
1641 3462 1738 3533 cuius
1756 3462 1955 3551 proprietas
1973 3463 2018 3533 ad

477 3580 724 3650 monasterinm
748 3580 1059 3652 sanctimonialium
1081 3582 1117 3652 in
1136 3581 1420 3672 Stanyanthlry
1442 3582 1603 3671 pertinet
1638 3582 1680 3652 In
1698 3604 1767 3672 qua
1788 3588 1871 3653 sunt
1893 3589 2026 3672 septem

474 3699 565 3769 lanei
593 3700 844 3790 emethonales,
880 3701 922 3772 de
950 3702 1074 3792 quibus
1110 3703 1289 3792 perceptio
1317 3702 1469 3773 decimae
1501 3703 1728 3792 manipularis
1755 3703 2026 3792 diversificatum

476 3841 555 3892 nam
584 3821 626 3891 de
652 3821 836 3893 medietate
864 3843 1026 3912 agrorum
1052 3823 1147 3894 tollit
1173 3845 1249 3894 eam
1275 3823 1474 3913 praebenda
1500 3822 1738 3895 Gracoviensis
1766 3845 1855 3914 quae
1881 3829 2027 3896 vocatur

421 4001 427 4012 .
473 3940 786 4032 Stanyatheczska,
814 3948 849 4014 et
875 3944 971 4014 valor
999 3944 1072 4015 eius
1100 3945 1303 4015 aestimatur
1328 3943 1373 4016 ad
1400 3950 1550 4035 quatuor
1576 3965 1729 4033 marcas;
1765 3945 1912 4015 alteram
1939 3967 2023 4016 vero

473 4061 694 4131 medietatem
723 4063 815 4132 tollit
842 4063 987 4133 ecclesia
1013 4069 1049 4135 et
1068 4064 1236 4153 plebanus
1264 4066 1300 4136 In
1327 4065 1547 4155 Brzezye‚
1574 4071 1610 4136 ct
1636 4066 1736 4137 valor
1762 4067 1837 4137 eius
1863 4067 2026 4138 aestima·

474 4185 532 4252 tur
560 4181 604 4252 ad
631 4186 705 4251 tres
732 4202 865 4253 marcas
901 4204 977 4254 cum
1004 4185 1155 4255 dimidia.
1194 4186 1283 4257 Item
1308 4186 1393 4257 villa
1417 4185 1577 4276 praefata
1607 4187 1712 4258 solvit
1738 4187 2025 4260 columbationem

474 4307 510 4376 et
537 4301 718 4374 denarium
742 4301 863 4373 Sancti
889 4302 987 4374 Petri
1013 4305 1178 4377 ecclesiae
1205 4307 1253 4385 in,
1268 4306 1533 4379 Bodzanow.

579 4421 821 4512 Ocrruauow,
848 4424 931 4494 villa
958 4426 1022 4496 sub
1049 4428 1214 4516 parochia
1240 4428 1284 4499 de
1309 4428 1568 4501 Bodzanow
1594 4430 1678 4520 sita,
1707 4430 1803 4501 cuius
1830 4432 2026 4520 proprietas

409 4539 418 4548 ”
474 4543 518 4613 ad
545 4542 794 4614 monasterium
822 4543 1133 4616 sanctimonialium
1168 4548 1205 4617 in
1232 4547 1528 4640 Stanyathky
1563 4550 1724 4639 pertinet.
1763 4550 1804 4620 In
1840 4572 1910 4641 qna
1946 4556 2026 4622 sunt

474 4664 565 4736 lanei
593 4664 825 4736 emethonalcs
853 4670 949 4754 octo,
985 4687 1055 4738 nna
1080 4668 1246 4758 taberna,
1282 4675 1355 4739 tres
1381 4670 1601 4742 hortulaniae
1627 4672 1795 4743 habentes
1822 4692 1946 4762 agros,
1983 4672 2025 4743 de

475 4787 598 4876 quibus
625 4785 783 4856 omnibus
811 4786 957 4858 solvitur
984 4792 1020 4858 ct
1046 4788 1250 4860 conducitur
1285 4789 1418 4862 decima
1443 4792 1669 4882 manipularis
1696 4799 1731 4864 ct
1758 4793 1934 4882 canapalis
1961 4814 2024 4882 pro

474 4906 673 4996 praebenda
700 4898 937 4998 cracoviensi,
966 4929 1053 4999 quae
1080 4915 1226 4981 vocatur
1253 4909 1513 5002 Goschyczska,
1540 4923 1577 4984 et
1594 4914 1694 4986 valor
1720 4914 1794 4985 eins
1821 4915 2026 4986 aestimatur

475 5028 520 5100 ad
539 5033 616 5099 octo
635 5049 778 5100 marcas.
813 5029 900 5100 Item
919 5035 972 5101 est
988 5031 1169 5121 praedium
1187 5032 1223 5102 iu
1240 5032 1324 5103 villa
1341 5032 1499 5123 praefata
1517 5033 1729 5125 coenobiale,
1757 5035 1799 5105 de
1817 5035 1915 5107 cuins
1933 5035 2026 5128 angs

436 5174 439 5178 ·
475 5151 723 5221 monasterium
749 5151 785 5220 in
812 5149 1106 5243 Stanyathky
1132 5154 1281 5244 percipit
1306 5153 1474 5224 decimam
1500 5155 1757 5246 manipularem.

578 5271 772 5362 Zenonas,
799 5272 882 5344 villa
900 5275 963 5344 sub
985 5274 1154 5363 parochia
1180 5275 1222 5346 de
1239 5274 1497 5347 Bodzanow
1523 5276 1608 5367 sita,
1635 5277 1732 5347 cuins
1759 5279 1956 5368 proprietas
1982 5279 2027 5350 ad

475 5391 691 5481 praedictum
727 5395 974 5465 monasterium
1010 5393 1322 5467 sanctimonialium
1348 5397 1510 5486 pertinet.
1550 5398 1592 5468 ln
1613 5419 1686 5487 ,qua
1712 5405 1794 5470 sunt
1820 5399 1914 5470 lanei
1939 5420 2028 5471 cme-

474 5511 633 5584 thonales
652 5519 797 5604 septem,
816 5515 899 5586 item
912 5536 982 5586 una
1000 5515 1198 5587 hortulania
1211 5518 1343 5589 habens
1361 5538 1479 5608 agros,
1498 5519 1681 5609 dequibus
1699 5520 1858 5592 omnibus
1876 5521 2026 5594 solvitur

475 5638 512 5708 ct
540 5632 743 5708 conducitur
780 5635 910 5711 decima
945 5632 1171 5731 manipularis
1208 5643 1243 5711 et
1269 5638 1444 5733 canapalis
1478 5661 1541 5733 pro
1568 5641 1768 5735 praebenda
1794 5639 2027 5738 Gracoviensi,
