4550 6600
540 789 613 859 218

532 996 621 1065 Item
648 996 728 1062 6661
754 992 803 1062 ibi
821 988 977 1061 nonnulli
996 990 1090 1079 agri,
1118 988 1178 1079 qui
1194 993 1299 1059 antea
1315 986 1682 1077 lueruntpraediales,
1707 1007 1799 1057 nunc
1817 991 1935 1057 autem
1955 986 2079 1057 redacti

533 1120 614 1185 sunt
649 1118 685 1183 61
712 1112 869 1182 distincti
904 1111 939 1181 in
968 1110 1219 1199 cmethonales,
1253 1108 1298 1179 de
1333 1108 1458 1199 quibus
1495 1109 1644 1179 solvitur
1678 1107 1811 1178 decima
1846 1108 2014 1179 ecclesiae
2047 1108 2078 1177 in

533 1233 732 1322 Pothok,
760 1233 857 1303 66166
884 1231 983 1302 66166
1010 1230 1054 1301 ad
1081 1250 1186 1319 unam
1212 1250 1361 1300 marcam
1390 1229 1605 1301 aestimatur.

638 1353 893 1441 Szrnnursez,
920 1352 1003 1422 villa
1030 1352 1094 1421 suh
1120 1352 1287 1439 parochia
1313 1350 1517 1421 monasterii
1548 1349 1813 1440 Msthoviensis,
1840 1352 1938 1421 cuius
1965 1350 2080 1419 haere-

535 1476 597 1545 des
622 1473 818 1561 lohannes,
853 1470 1000 1561 Petrus,
1036 1470 1206 1560 Seraphin
1243 1478 1280 1544 et
1305 1472 1404 1541 Felix
1431 1471 1721 1543 Pothoczscz
1730 1494 1754 1562 y
1788 1472 1831 1543 de
1857 1472 1965 1541 armis
1991 1468 2079 1539 866-

535 1618 556 1665 6
567 1614 698 1684 yawa.
739 1593 778 1662 16
799 1592 1349 1682 666666116661666611666166,
1377 1593 1460 1662 item
1478 1592 1660 1682 tabernae,
1687 1594 1769 1663 item
1788 1592 2018 1680 hortulaniae,
2042 1591 2080 1659 de

535 1718 660 1807 quibus
687 1716 834 1785 solvitur
860 1721 896 1785 et
915 1698 1119 1787 conducitur
1146 1713 1279 1783 decima
1304 1712 1531 1801 manipularis
1558 1718 1595 1783 et
1613 1713 1787 1803 canapalis
1814 1714 1977 1803 episcopo
2004 1710 2080 1781 (ha-

535 1838 696 1909 coviensi.
737 1837 897 1907 11666661
924 1835 972 1906 ibi
991 1835 1171 1925 praedium
1194 1834 1365 1924 militare‚'
1391 1833 1434 1903 de
1461 1835 1558 1904 cuius
1585 1836 1679 1923 agris
1706 1834 1897 1905 decimatur
1924 1832 2079 1904 ecclesiae

536 1962 571 2028 16
598 1957 794 2029 Pothok:
822 1956 920 2027 valor
946 1956 1048 2027 unius'
1074 1975 1221 2025 marcae.

639 2077 770 2149 Poura
796 2078 882 2147 alias
908 2076 1069 2166 WourA‚
1100 2076 1184 2147 villa
1209 2076 1274 2146 sub
1300 2076 1465 2164 parochia
1491 2074 1535 2145 de
1560 2074 1743 2148 Potholr
1770 2076 1856 2165 sita,
1883 2074 2081 2146 661661666-

536 2194 861 2287 661166161666666,
897 2196 1044 2287 Petrus,
1079 2195 1249 2285 Seraphin
1285 2202 1321 2266 et
1347 2196 1447 2265 Felix
1478 2194 1806 2287 Pothoczsczy.
1845 2197 1887 2267 16
1914 2216 1983 2286 666
2009 2202 2081 2266 6661

536 2319 627 2389 16661
655 2318 907 2407 6666116666166,
934 2318 1121 2406 dequibus
1149 2317 1297 2387 solvitur
1314 2316 1446 2386 decima
1472 2318 1698 2407 manipularis
1725 2322 1761 2388 et
1778 2318 1954 2406 canapalis
1981 2316 2080 2386 eccle-

538 2440 609 2509 siae
637 2440 671 2509 16
699 2439 899 2529 Pothok‚
927 2459 1029 2527 quam
1056 2438 1224 2527 plebanus
1251 2436 1384 2508 confert
1411 2438 1559 2509 vicariis.

640 2559 848 2649 (16666666,
875 2558 959 2630 villa
977 2559 1041 2630 snb
1060 2559 1226 2648 parochia
1253 2557 1296 2629 de
1314 2557 1495 2629 Pothok
1523 2560 1600 2629 sita.
1636 2559 1677 2628 16
1695 2580 1763 2650 666
1780 2564 1862 2629 6661
1878 2559 1971 2662 16661
1998 2578 2079 2627 cmc-

537 2680 713 2771 thonalos‚
740 2681 926 2770 dequibus
954 2680 1086 2751 decima
1112 2679 1339 2769 manipularis
1367 2680 1515 2750 solvitur
1542 2681 1703 2770 episcopo
1730 2679 1961 2751 Cracomensi.
2000 2679 2078 2748 Item

537 2807 592 2871 est
609 2802 657 2873 ihi
676 2802 855 2890 praedium
873 2800 1043 2891 militare3
1069 2800 1153 2871 item
1171 2802 1423 2889 tabennense,
1450 2801 1533 2870 item
1550 2802 1770 2872 hortulaniae
1788 2802 1958 2871 habentes
1975 2820 2079 2889 agros,

538 2922 580 2991 de
608 2922 732 3012 quihus
759 2920 907 2992 solvitur
934 2921 1067 2992 decima
1092 2921 1317 3011 manipularis
1344 2922 1511 2992 ecclesiae
1538 2922 1574 2993 in
1601 2909 1813 2992 Potholrs

643 3042 903 3131 Snownonow,
930 3042 1013 3112 villa
1031 3042 1094 3113 sub
1112 3042 1278 3131 parochia
1305 3040 1348 3111 de
1375 3040 1556 3113 Pothok
1583 3043 1664 3134 sita,
1692 3044 1789 3113 cuius
1806 3042 1932 3113 haeres
1957 3040 2079 3112 Johan·

539 3182 600 3232 666
627 3162 853 3233 Zaramba
887 3162 1062 3251 palatinus
1099 3160 1326 3233 Calissiensis.
1371 3163 1411 3233 Iu
1439 3184 1507 3252 qua
1533 3170 1614 3234 6661
1640 3164 1732 3234 16661
1759 3162 2008 3251 emethonales‚
2040 3158 2078 3230 de

540 3283 664 3373 quibus
692 3284 839 3355 solvitur
867 3283 1000 3355 decima
1026 3284 1252 3374 manipularis
1280 3290 1315 3355 et
1338 3284 1513 3375 canapalis
1541 3284 1755 3376 episcopatui
1781 3284 2018 3371 Cracoviensi3
2041 3280 2079 3351 de

539 3405 618 3473 aliis
645 3410 761 3475 autem
790 3405 883 3494 agris
910 3405 1201 3494 emethonalibus‚
1234 3405 1293 3496 qui
1314 3403 1484 3495 quondam
1504 3407 1699 3495 praediales
1716 3407 1870 3496 luerunt,
1897 3405 2079 3476 decimatur

540 3526 704 3596 ecelesiae
732 3526 767 3595 16
794 3524 986 3597 Pothok.

644 3645 882 3738 8666666666,
918 3647 987 3718 6116
1021 3647 1104 3718 villa
1140 3647 1204 3718 snb
1240 3646 1405 3737 parochia
1440 3647 1483 3717 de
1509 3646 1684 3720 Pothok
1711 3648 1799 3737 sita,
1834 3647 1932 3718 cuius
1965 3647 2078 3716 haeres

539 3767 666 3839 Petrus
702 3767 744 3838 de
771 3769 877 3840 armis
912 3767 1168 3858 Srenyawa.
1216 3768 1858 3858 166666661166616666116666166,
1894 3766 2077 3856 dequibus

540 3890 733 3960 decimatur
760 3889 921 3979 episcopo
948 3889 1178 3960 Gracoviensi.
1217 3889 1307 3960 Item
1335 3895 1389 3960 est
1408 3890 1457 3961 ibi
1474 3890 1653 3978 praedium
1672 3890 1837 3978 militare,
1864 3889 1994 3978 dequo
2019 3885 2078 3956 sol-

540 4009 635 4078 uitur
662 4009 794 4079 decima
820 4010 985 4080 ecclesiae
1012 4010 1048 4080 in
1075 4008 1264 4079 Pothok.
2117 3983 2123 3991 ¹

1236 4129 1391 4202 Krnow.

645 4245 740 4319 Villa
766 4248 896 4321 hahens
924 4249 1103 4321 ecclesiam
1129 4251 1363 4340 parochialem
1390 4251 1424 4321 in
1444 4270 1482 4322 66
1501 4257 1681 4343 muratam,
1709 4258 1744 4322 et
1761 4251 1867 4323 Sanct
1884 4306 1892 4321 .
1911 4305 1919 4322 .
1939 4305 1973 4322 ..
1999 4249 2079 4322 dica·

541 4375 622 4460 tam,
649 4371 745 4440 cuius
772 4372 895 4441 haeres
930 4372 1106 4443 Johaunes
1133 4372 1393 4462 Pyleczsky
1420 4371 1463 4442 de
1491 4373 1596 4443 armis
1623 4373 1808 4462 Lelywa.
1848 4373 1889 4443 ln
1916 4394 1984 4463 qna
2009 4375 2078 4442 sunt

541 4492 632 4562 lanei
660 4491 904 4581 emethonales,
931 4492 1116 4582 dequibus
1145 4492 1292 4590 solvitur
1310 4492 1443 4562 decima
1465 4493 1715 4583 praebendario
1741 4495 1777 4563 in
1796 4494 2079 4565 Moskorzon.

542 4613 629 4684 item
657 4611 801 4684 ecelesia
828 4621 864 4684 et
882 4613 1049 4704 plebanus
1076 4614 1151 4684 6166
1174 4613 1281 4684 hahet
1307 4613 1356 4683 ihi
1383 4613 1543 4704 proprios
1561 4635 1663 4704 agros
1681 4615 1809 4686 liberos
1828 4621 1864 4685 61
1882 4621 2001 4704 prata,
2024 4632 2078 4702 pro

543 4756 605 4806 666
633 4753 697 4805 666
725 4739 761 4805 61
788 4735 938 4806 66666611
962 4741 1006 4806 16.

1262 4855 1377 4927 Kana.

602 5017 606 5023 ·
646 4975 740 5046 Villa
765 4977 897 5048 habens
924 4977 959 5048 16
978 4997 1015 5048 66
1042 4977 1276 5068 parochialem
1302 4977 1482 5048 ecclesiam
1509 4985 1694 5069 muratam,
1721 4977 1863 5050 8666..
1883 4978 2078 5062 ..dicatam

402 5171 405 5180 ,
543 5099 640 5168 66166
667 5097 791 5168 haeres
818 5095 983 5168 Nicolaus
1010 5151 1125 5167 .....
1152 5097 1195 5168 de
1213 5100 1318 5170 armis
1344 5098 1571 5170 Pohodze.
1615 5101 1656 5170 In
1684 5120 1752 5190 qua
1778 5106 1860 5170 sunt
1886 5100 1978 5170 lanei
2002 5116 2077 5169 6666-

543 5219 712 5308 11666166,
740 5219 782 5288 de
810 5219 933 5308 quihus
961 5218 1119 5289 omnihus
1147 5219 1293 5290 solvitur
1320 5274 1433 5290 .....
1473 5220 1560 5290 Item
1587 5221 1694 5291 habet
1720 5221 1770 5290 ihi
1796 5220 1942 5291 66616616
1967 5225 2001 5290 61
2017 5217 2077 5308 ple

521 5340 653 5419 'banus
681 5339 841 5430 proprios
868 5360 971 5428 agros
998 5339 1127 5410 liberos
1154 5346 1326 5430 6166616,
1354 5363 1418 5431 pro
1446 5363 1508 5413 suo
1535 5360 1600 5412 nan
1627 5343 1907 5412 6166666611616.

561 5487 563 5490 ·
694 5471 702 5482 ’
1236 5462 1405 5533 Naurum

650 5579 744 5651 Villa
770 5581 902 5654 habeus
934 5581 1114 5654 ecclesiam
1137 5583 1286 5672 ligneam
1311 5583 1350 5653 in
1377 5605 1432 5673 se,
1470 5584 1596 5654 Sancto
1623 5581 1766 5653 Nicolao
1793 5580 1961 5670 dicatam,
1995 5577 2075 5649 cuius

545 5699 743 5792 proprietas
776 5701 821 5772 ad
855 5703 1199 5780 Jahuhikonem
1233 5704 1402 5794 pertinet,
1438 5725 1515 5776 cum
1548 5703 1840 5803 Prandotha,
1874 5701 1984 5772 atilli
2014 5698 2074 5771 eius
