4550 6600
490 742 565 817 538

490 953 572 1023 sunt
597 948 731 1037 septem
755 938 850 1013 lanei
876 932 1119 1022 emethonales,
1146 927 1335 1019 dequibus
1363 923 1510 999 solvitur
1537 920 1673 993 decima
1690 916 1919 1011 manipularis
1937 912 2045 987 eccle·

489 1071 563 1142 siaa
588 1061 781 1157 parochiali
806 1060 842 1132 in
868 1057 1087 1147 Meglew,
1105 1057 1142 1125 et
1168 1050 1243 1127 eins
1270 1048 1370 1121 valor
1397 1045 1602 1119 aestimatur
1631 1040 1676 1113 ad
1704 1062 1765 1113 ser
1783 1058 1930 1111 marcas.
1958 1036 2047 1109 Item

489 1194 545 1263 est
570 1186 620 1259 ihi
645 1204 753 1257 unum
778 1179 961 1274 praedium
986 1175 1152 1264 militare,
1180 1171 1223 1245 de
1250 1191 1318 1261 quo
1346 1168 1479 1241 decima
1506 1162 1735 1257 manipularis
1762 1161 1912 1257 solvitur
1938 1157 2048 1231 eccle

489 1311 563 1383 siae
589 1304 781 1400 parochiali
806 1303 842 1375 in
869 1298 1050 1375 Luhlin.
1898 1362 1900 1371 Ι

595 1427 819 1501 Snawrusrra
845 1421 999 1511 Wonrn,
1026 1417 1109 1489 villa
1136 1414 1200 1487 suh
1228 1412 1393 1505 parochia
1414 1410 1462 1483 de
1489 1408 1660 1481 Luhlin
1688 1406 1767 1497 sita,
1799 1404 1899 1477 cuins
1921 1404 2048 1475 haeres

493 1543 665 1623 Nicolaus'
682 1545 802 1618 Dzilr
837 1544 880 1615 de
907 1541 1013 1613 armis
1048 1538 1246 1628 Dolywa.
1288 1535 1332 1623 In
1360 1532 1456 1605 cuius
1492 1552 1562 1605 una
1588 1529 1774 1601 medietate
1811 1532 1894 1599 sunt
1921 1525 2049 1615 viginti

492 1673 561 1745 duo
587 1668 680 1741 lanei
707 1664 950 1753 cmethonales,
977 1660 1163 1751 dequibus
1190 1657 1338 1731 solvitur
1365 1660 1401 1726 et
1428 1652 1631 1727 conducitur
1659 1650 1793 1721 decima
1817 1646 2049 1739 manipularis

492 1812 556 1884 pro
584 1788 867 1861 archidiaconatu
892 1756 1106 1871 Luhlinensi,
1135 1779 1233 1850 cuius
1260 1776 1359 1849 valor
1386 1775 1430 1847 ad
1458 1772 1653 1865 quindecim
1679 1790 1824 1843 marcas.
1859 1768 1953 1841 Item
1982 1788 2050 1839 non

491 1917 548 1985 est
573 1910 624 1983 ihi
650 1906 789 1999 aliquod
816 1902 1015 1997 praedium,
1041 1920 1154 1991 neque
1181 1899 1344 1986 taberna,
1381 1916 1493 1987 neque
1520 1892 1751 1965 hortulaniae.
1795 1890 1885 1963 ltem
1914 1890 1953 1961 in
1981 1888 2050 1961 alia

491 2030 677 2124 medietate
703 2026 808 2100 villae
836 2031 917 2097 sunl
944 2023 1062 2094 decem
1097 2020 1189 2092 lanei
1218 2017 1469 2107 emethanales,
1506 2015 1702 2106 dequibus
1730 2011 1876 2085 soluitur
1905 2016 1943 2083 et
1970 2030 2049 2083 con·

493 2150 632 2225 ducitur
660 2149 793 2221 decima
818 2145 1044 2237 manipularis
1071 2148 1107 2215 et
1133 2140 1311 2233 canapalis
1333 2138 1498 2213 ecclesiae
1525 2138 1560 2208 in
1587 2134 1796 2226 Meglew,
1822 2132 1924 2205 cuius
1952 2132 2050 2204 valor

492 2272 698 2345 aestimatur
724 2268 770 2340 ad
796 2272 875 2341 octo
901 2284 1047 2337 mareas.
1221 2356 1224 2365 ,
2163 2324 2165 2383 ὲ

595 2390 958 2477 Pnourscrrowrczr,
998 2385 1083 2457 uilla
1109 2384 1174 2457 sub
1202 2383 1368 2475 parochia
1394 2381 1437 2454 de
1464 2379 1632 2455 Luhlin
1669 2379 1758 2469 sita,
1799 2378 1898 2449 euius
1926 2378 2051 2449 haeres
2163 2402 2165 2487 ᾗ

491 2512 618 2585 Petrus
643 2510 806 2601 Firley
833 2509 937 2580 iudex
964 2506 1185 2579 Luhlinensis
1213 2504 1376 2579 dedomo
1403 2502 1629 2575 Lewarth.
1656 2501 1697 2579 ln
1717 2520 1787 2593 qna
1813 2506 1897 2571 sunt
1923 2498 2052 2591 viginti
2165 2512 2166 2515 ’

491 2633 585 2705 lanei
611 2631 862 2720 cmethonales,
901 2628 943 2701 de
971 2629 1097 2718 quihus
1123 2627 1272 2699 solvitur
1298 2631 1334 2698 et
1362 2624 1564 2707 conducitur
1600 2622 1733 2704 decima
1760 2622 1972 2713 pecunialis,
2008 2620 2052 2691 de
2166 2678 2167 2681 ,

493 2751 650 2845 quolibet
683 2752 785 2823 laneo
812 2770 875 2842 per
902 2770 962 2824 ser
988 2770 1149 2840 grossos,
1186 2746 1483 2821 archidiaconatui
1508 2744 1730 2834 Luhlinensi,
1766 2750 1803 2815 el
1838 2742 2051 2835 proveniunt

493 2873 601 2971 annis¹
619 2872 764 2964 singulis
791 2872 943 2963 quinque
969 2890 1116 2941 marcae.
1156 2870 1244 2942 Item
1271 2890 1341 2940 non
1364 2872 1446 2939 sunt
1472 2867 1520 2939 ibi
1547 2867 1740 2974 tabernae,
1761 2886 1831 2939 non
1859 2870 1942 2939 sunt
1969 2864 2051 2937 hor·

492 2994 656 3083 tnlaniae,
683 3014 752 3066 non
779 2997 833 3063 est
859 2990 1059 3082 praedium

597 3114 913 3202 massmannus,
948 3111 1032 3183 villa
1058 3111 1122 3182 suh
1149 3111 1314 3201 parochia
1349 3108 1529 3187 ecclesiae,
1550 3108 1593 3181 de
1619 3108 1790 3183 Luhlin
1822 3108 1916 3198 sita,
1953 3108 2050 3181 cuius

493 3235 691 3327 proprietas
718 3233 762 3306 ad
790 3232 1109 3305 archidiaconatum
1136 3230 1382 3304 Luhlinensem
1410 3252 1486 3304 cum
1514 3232 1607 3305 omni
1633 3231 1710 3306 iure
1736 3230 1909 3322 pertinet,
1948 3251 2050 3322 qnam

493 3356 753 3430 casimirus
781 3353 1019 3426 Secundus
1046 3353 1211 3427 Poloniae
1238 3373 1382 3444 rerpro
1401 3375 1471 3454 una
1498 3355 1614 3444 platea
1641 3354 1676 3424 in
1704 3353 1832 3444 oppido
1861 3353 2050 3438 Luhlin,

493 3497 581 3569 quae
609 3483 685 3548 erat
711 3477 754 3548 de
781 3476 995 3568 proprietate
1022 3475 1258 3547 archidiaconi
1275 3469 1506 3566 LuhlinensiS,
1533 3475 1702 3548 asseritur
1729 3495 1982 3566 compensasse.
2009 3473 2049 3546 ln

494 3618 562 3690 qua
588 3602 670 3670 sunt
696 3597 877 3670 duodecim
903 3597 996 3670 lanei
1023 3574 1276 3685 emethonales,
1317 3596 1400 3668 item
1427 3596 1574 3668 taberna
1600 3619 1671 3670 una
1697 3597 1830 3669 hahens
1859 3617 1980 3694 agros,
2007 3597 2049 3668 de

492 3719 617 3811 quibus
644 3719 803 3792 omnihus
831 3719 978 3792 solvitur
1006 3725 1042 3790 et
1069 3718 1273 3793 conducitur
1306 3717 1439 3790 decima
1465 3716 1690 3808 manipularis
1718 3723 1754 3790 et
1780 3718 1959 3810 canapalis
1987 3739 2050 3809 pro

492 3841 775 3914 archidiaconatu
801 3839 1014 3932 Luhlinensi,
1041 3840 1139 3912 cuius
1166 3840 1265 3912 valor
1291 3839 1496 3912 aestimatur
1515 3838 1558 3910 ad
1577 3837 1758 3912 duodecim
1785 3861 1933 3914 marcas.
1961 3840 2049 3912 Item

491 3967 545 4033 est
580 3961 629 4032 ibi
665 3962 844 4052 praedium
871 3961 1107 4034 archidiaconi
1133 3959 1375 4051 Luhlinensis,
1410 3961 1542 4032 hahens
1570 3981 1692 4052 agros,
1729 3960 1927 4054 dequibus
1964 3961 2050 4033 nudi

494 4081 600 4154 solvit
626 4082 805 4172 decimam,
832 4081 894 4154 sed
920 4083 1016 4154 illam
1041 4103 1106 4174 pro
1134 4103 1172 4154 se
1199 4082 1300 4154 tollit.

597 4200 799 4294 stcrrow,
832 4203 919 4276 uilla
946 4205 1010 4276 suh
1045 4203 1213 4294 parochia
1248 4203 1291 4276 de
1318 4201 1492 4287 Luhlin
1528 4203 1613 4293 sita,
1649 4203 1746 4278 euius
1772 4205 1896 4277 haeres
1923 4203 2051 4276 Petrus

495 4322 743 4415 Conynslry
771 4323 814 4396 da
841 4323 942 4397 domo
969 4325 1111 4396 Rama
1137 4325 1178 4395 ln
1206 4345 1274 4416 qua
1301 4330 1382 4398 sunt
1402 4325 1528 4416 viginti
1554 4325 1669 4398 minus
1696 4325 1810 4404 medio
1837 4326 1931 4398 lanei
1960 4347 2051 4398 eme-

493 4444 663 4534 thonales,
690 4443 733 4516 de
761 4445 885 4536 quihus
912 4445 1060 4550 solvitur
1087 4445 1220 4518 decima
1246 4445 1472 4538 manipularis
1498 4446 1596 4518 vario
1616 4447 1729 4536 modo;
1756 4468 1835 4518 nam
1864 4447 1908 4520 de
1932 4447 2051 4521 decem

375 4661 381 4668 ᾗ
491 4566 601 4638 laneis
628 4567 777 4656 percipit
803 4587 879 4637 eam
907 4567 1209 4640 archidiaconatus
1232 4566 1464 4657 Luhlinensis,
1492 4573 1527 4638 et
1554 4568 1653 4641 valor
1678 4569 1754 4640 eius
1781 4568 1826 4640 ad
1855 4574 1933 4642 octo
1961 4590 2053 4641 mar-

489 4707 565 4776 cas,
601 4687 644 4758 de
671 4708 797 4759 novem
824 4706 906 4759 vero
934 4688 1044 4767 laneis
1072 4694 1108 4760 et
1134 4689 1268 4778 medio,
1303 4689 1449 4760 ecclesia
1475 4696 1511 4760 et
1538 4690 1707 4779 plebanus
1733 4689 1979 4780 Luhlinensis,
2015 4699 2052 4763 et

491 4808 589 4880 valor
615 4808 690 4880 eius
718 4809 924 4882 aestimatur
943 4809 988 4882 ad
1006 4816 1139 4901 septem
1167 4831 1311 4884 marcas.
1339 4810 1425 4882 Item
1445 4810 1490 4882 ad
1508 4810 1674 4883 decimam
1694 4811 1816 4904 canapi
1839 4833 1910 4884 non
1928 4817 2053 4884 tenen·

488 4935 556 5001 tur.
583 4930 671 5001 Item
699 4937 781 5002 sunt
807 4931 857 5002 ibi
884 4936 957 5003 tres
983 4931 1215 5022 hortulaniae,
1242 4932 1325 5004 itern
1352 4931 1585 5004 molendinum
1605 4931 1666 5004 sed
1686 4953 1755 5005 non
1774 4933 1907 5006 hahent
1934 4955 2050 5026 agros,

486 5051 571 5122 item
597 5053 764 5124 tabernae
792 5073 863 5125 non
890 5059 990 5142 sunt,
1026 5054 1109 5124 item
1137 5053 1316 5144 praedium
1348 5075 1454 5129 unum
1481 5055 1650 5146 militare,
1687 5054 1729 5128 de
1757 5075 1825 5146 qno
1854 5055 2052 5128 decimatur
2081 5077 2087 5089 ’

485 5173 651 5244 ecclesiae
679 5173 872 5263 parochiali
899 5175 935 5244 in
962 5173 1146 5247 Luhlin.

587 5294 860 5385 Bauuowrczs,
887 5295 970 5368 villa
997 5297 1061 5384 suh
1089 5296 1254 5387 parochia
1281 5296 1324 5369 de
1352 5297 1523 5370 Luhlin
1551 5299 1630 5388 sita,
1658 5277 1755 5372 cuius
1783 5297 1986 5390 proprietas
2005 5300 2048 5370 ad

483 5415 688 5488 advocatum
714 5415 959 5490 Luhlinensem
987 5419 1148 5508 pertinet.
1176 5419 1216 5490 In
1232 5441 1313 5511 pua
1340 5425 1421 5508 sunt
1448 5421 1539 5494 lanei
1567 5405 1808 5512 amethonales,
1836 5421 1925 5494 item
1942 5441 2045 5512 prae-

486 5536 598 5627 dium,
634 5539 677 5610 de
704 5541 829 5630 quibus
856 5542 1015 5614 omnihus
1042 5542 1191 5614 solvitur
1217 5542 1351 5616 decima
1378 5543 1605 5634 manipularis
1637 5564 1700 5634 pro
1728 5544 1876 5616 ecelesia
1904 5545 1941 5614 in
1969 5541 2044 5615 Ln-

485 5655 604 5748 hlin,
630 5666 666 5732 et
693 5661 792 5733 valor
818 5662 892 5736 eius
919 5663 1125 5736 aestimatur
1152 5663 1197 5736 ad
1225 5669 1375 5755 quatuor
1403 5683 1548 5736 marcas.
