4550 6600
1683 766 1755 840 153

114 1050 118 1058 ¹
199 968 287 1038 item
315 967 466 1058 quinque
492 967 712 1040 hortulaniae
738 969 904 1043 habentes
932 990 1053 1060 agros,
1088 970 1174 1041 item
1201 975 1350 1060 quatuor
1384 972 1552 1056 tabernae
1587 925 1756 1044 hahentes

200 1108 325 1179 agros,
361 1089 444 1160 item
478 1088 659 1179 praedium
694 1090 889 1180 episcopale
916 1092 1101 1181 optimum,
1138 1093 1221 1163 item
1247 1092 1318 1163 tria
1354 1092 1553 1164 molendina
1586 1093 1754 1164 habentia
1856 1171 1867 1194 Ι

198 1229 324 1300 agrae,
361 1210 404 1279 de
440 1211 564 1300 quibus
600 1211 758 1283 omnibus
794 1211 942 1283 solvitur
978 1216 1014 1283 et
1049 1212 1254 1283 conducitur
1289 1198 1423 1283 decima
1456 1213 1682 1302 manipularis
1718 1219 1755 1285 et

199 1330 378 1421 canapalis
404 1352 468 1420 pro
495 1328 640 1403 ecclesia
666 1336 703 1403 et
728 1332 877 1421 plebano
905 1332 941 1404 in
958 1332 1278 1424 Luborzycza,
1305 1338 1341 1403 et
1367 1332 1467 1404 valor
1492 1334 1568 1404 eius
1594 1334 1755 1407 aestima-

198 1455 261 1521 tur
288 1452 334 1522 ad
361 1452 485 1541 viginti
520 1470 665 1543 marcas.
703 1452 793 1523 Item
820 1453 987 1543 plebanus
1021 1454 1129 1525 habet
1155 1453 1317 1544 proprios
1353 1474 1456 1543 agros
1482 1458 1519 1525 et
1544 1459 1664 1545 prata,
1690 1475 1755 1545 pro

199 1591 265 1643 suo
292 1572 437 1661 praedio
464 1578 500 1643 et
526 1573 743 1645 necessitate.

305 1690 450 1763 Wonrn
486 1692 798 1784 Lunoazrczsnn,
842 1694 926 1765 villa
960 1695 1024 1765 sub
1060 1695 1227 1783 parochia
1260 1694 1304 1765 de
1341 1693 1645 1785 Luborzycza
1676 1696 1754 1789 sita,
1825 1772 1833 1785 ‚

199 1813 300 1884 cuius
327 1815 524 1904 proprietas
550 1814 594 1885 ad
613 1816 850 1905 episcopatum
877 1814 1141 1887 cracoviensem
1162 1816 1323 1905 pertinet.
1363 1815 1492 1905 Inque
1519 1822 1601 1887 sunt
1626 1818 1755 1892 duode-

200 1934 389 2005 cimlanei
416 1940 452 2005 et
478 1956 547 2005 una
577 1936 741 2025 taberna,
776 1936 908 2008 habens
936 1924 1057 2025 agros,
1093 1935 1135 2005 de
1164 1936 1289 2024 quibus
1316 1936 1462 2006 solvitur
1488 1942 1524 2006 et
1549 1939 1756 2011 conducitur

204 2053 339 2126 decima
373 2055 599 2146 manipularis
635 2062 670 2127 et
706 2056 879 2145 canapalis
914 2076 979 2147 pro
1011 2056 1174 2146 episcopo
1209 2054 1446 2147 Gracoviensi,
1481 2063 1518 2127 et
1549 2059 1648 2129 valor
1682 2062 1756 2131 eius

108 2196 111 2205 ·
201 2177 408 2249 aestimatur
435 2176 479 2247 ad
506 2175 686 2249 duodecim
714 2197 857 2248 marcas.

308 2296 542 2369 Sourncnow
567 2298 651 2368 villa
670 2298 734 2369 sub
752 2297 918 2387 parochia
945 2296 988 2368 de
1005 2296 1302 2369 Luborzicza
1327 2296 1423 2388 sita,
1441 2297 1538 2369 cuius
1556 2301 1754 2390 proprietas
1837 2291 1841 2296 ’

198 2417 245 2489 ad
273 2418 471 2509 episcopum
507 2417 769 2490 Gracoviensem
795 2418 958 2509 pertinet.
1002 2418 1140 2508 Inque
1174 2424 1256 2489 sunt
1290 2423 1363 2489 tres
1399 2438 1477 2489 curn
1511 2420 1625 2491 medio
1660 2421 1753 2493 lanei

200 2531 455 2629 memorales,
487 2539 530 2611 de
557 2540 682 2630 quibus
709 2540 856 2611 solvitur
883 2546 920 2610 et
946 2538 1151 2611 conducitur
1177 2540 1311 2610 decima
1336 2540 1563 2629 manipularis
1589 2546 1626 2612 et
1652 2562 1755 2613 cana·
1861 2540 1871 2567 '

197 2660 290 2750 palis
317 2680 381 2750 pro
408 2660 553 2731 ecclesia
588 2644 624 2731 et
649 2660 797 2750 plebano
833 2661 869 2731 in
896 2660 926 2731 L
934 2660 1249 2751 yuborzycza,
1287 2660 1385 2746 cuius
1412 2660 1512 2733 valor
1546 2663 1754 2735 aestimatur

199 2780 245 2853 ad
274 2786 425 2870 quatuor
450 2800 592 2852 marcas.
672 2860 674 2864 v
1654 2783 1657 2789 ’

301 2901 573 2991 Kosnsrnnzow,
601 2901 684 2973 villa
702 2901 766 2973 sub
780 2901 951 2991 parochia
968 2900 1132 2972 ecclesiae
1151 2900 1194 2971 de
1212 2900 1242 2971 L
1248 2900 1531 2993 puborzicza
1548 2902 1635 2992 sita,
1654 2904 1751 2975 cuius
1863 2882 1869 2897 ’

197 3024 399 3113 proprietas
425 3044 489 3113 pro
516 3042 585 3094 una
610 3028 710 3112 parte
737 3022 782 3093 ad
809 3023 1043 3112 episcopatum
1071 3020 1334 3093 Gracoviensem
1352 3022 1515 3112 pertinet,
1532 3024 1569 3093 in
1589 3045 1657 3113 qua
1674 3030 1756 3097 sunt

197 3150 272 3215 tres
311 3165 387 3215 cum
422 3144 535 3249 medio
570 3144 663 3215 lanei
699 3143 949 3233 cmetbouales,
976 3143 1059 3213 item
1095 3148 1169 3213 tres
1201 3142 1420 3212 hortulaniae
1446 3143 1615 3215 habentes
1640 3165 1754 3235 agros,

197 3265 282 3337 item
309 3265 466 3356 taberna,
493 3264 536 3337 de
563 3265 688 3356 quibus
716 3264 874 3337 omnibus
901 3263 1049 3336 solvitur
1076 3268 1112 3335 et
1139 3262 1343 3335 conducitur
1368 3263 1502 3334 decima
1527 3264 1753 3355 manipularis

199 3393 235 3459 et
253 3387 432 3478 canapalis
459 3407 522 3478 pro
541 3387 685 3458 ecclesia
711 3386 748 3456 in
765 3384 857 3457 Lub
868 3406 887 3457 o
898 3406 1078 3477 rzycza,
1105 3390 1142 3456 et
1159 3385 1257 3457 valor
1275 3385 1349 3456 eius
1368 3385 1574 3456 aestimatur
1591 3386 1634 3456 ad
1656 3387 1754 3477 qnin-

199 3530 266 3600 qne
307 3529 452 3580 marcas.
496 3509 585 3580 Item
625 3514 679 3580 est
718 3507 768 3578 ibi
803 3528 893 3579 nnus
929 3507 1056 3582 nobilis
1091 3505 1538 3597 Koszmyerzowshy
1573 3507 1616 3595 de
1651 3507 1756 3592 domo

200 3627 475 3720 Grifionum,
502 3631 561 3721 qui
588 3631 695 3701 habet
721 3651 827 3701 unum
853 3629 1033 3719 praedium
1060 3633 1096 3699 et
1114 3648 1219 3698 unam
1236 3629 1427 3717 tabernam,
1445 3628 1631 3698 habentem
1649 3649 1755 3718 agros

198 3753 299 3824 iuxta
336 3757 482 3823 stratam
517 3751 709 3842 publicam3
745 3751 829 3828 item
864 3751 971 3822 habet
997 3756 1034 3820 et
1059 3749 1276 3820 hortulanias
1304 3753 1340 3818 et
1365 3747 1484 3818 laneos
1511 3749 1754 3838 cmetbouales,

199 3873 306 3945 etde
335 3875 493 3946 omnibus
520 3873 669 3944 decimat
696 3873 859 3944 ecclesiae
887 3873 922 3942 in
949 3870 1220 3960 Mislowice,
1248 3874 1283 3940 et
1308 3869 1406 3939 valor
1433 3869 1478 3939 ad
1504 3874 1638 3958 septem
1659 3891 1754 3940 mar-

200 4015 257 4066 cas
285 3995 503 4067 aestimatur.
1730 3992 1734 4000 ’

304 4114 601 4206 Manszowrczn,
628 4113 712 4186 villa
739 4115 803 4186 suh
830 4113 995 4203 parochia
1021 4111 1187 4184 ecclesiae
1213 4103 1257 4182 de
1282 4110 1581 4201 Luborzycza
1607 4110 1685 4180 sita.
1711 4109 1752 4180 In

199 4257 267 4328 qua
295 4243 378 4308 sunt
405 4242 555 4328 quatuor
580 4237 673 4307 lanei
700 4235 944 4326 cmcthonaleS,
973 4239 1009 4304 et
1034 4217 1107 4305 una
1129 4234 1278 4330 taberna
1304 4232 1436 4302 hahens
1456 4251 1587 4320 agrum,
1608 4251 1754 4320 quorum

198 4359 397 4450 proprietas
433 4358 477 4428 ad
512 4357 747 4447 episcopatum
783 4354 1048 4427 Cracoviensem
1084 4355 1255 4444 pertinet;
1291 4353 1374 4423 item
1402 4348 1445 4422 de
1464 4353 1631 4456 omnibus
1658 4352 1754 4442 agris

197 4479 378 4569 praelatae
405 4479 508 4551 villae
535 4478 818 4568 cmethonalibus‚
844 4461 1079 4567 praedialihus
1106 4481 1143 4546 ct
1168 4475 1418 4563 tabernatoris,
1441 4473 1589 4544 solvitur
1615 4478 1650 4541 et
1668 4493 1750 4543 con-

199 4601 340 4672 ducitur
374 4601 507 4673 decima
540 4599 765 4689 manipularis
792 4603 828 4669 et
854 4597 1028 4687 canapalis
1056 4617 1120 4687 pro
1148 4595 1298 4685 capitulo
1326 4593 1564 4682 Cracoviensi‚
1592 4594 1647 4663 cui
1673 4613 1755 4663 ean-

200 4721 278 4794 dem
319 4722 486 4809 decimam
526 4719 703 4792 lohannes
742 4719 1050 4809 Rzeszowsky
1082 4719 1266 4807 episcopus
1307 4714 1546 4786 Oracoriensis
1583 4719 1752 4807 perpetuo

200 4843 354 4933 donavit,
381 4849 418 4914 et
443 4842 542 4915 valor
568 4842 642 4913 eius
669 4841 873 4914 aestimatur
899 4841 944 4912 ad
970 4893 978 4910 .
1006 4891 1013 4909 .
1042 4893 1049 4909 .

847 4960 1113 5032 Ponrnnurrrr.

304 5083 401 5158 Villa
433 5050 565 5156 hahens
600 5082 832 5172 parochialem
868 5081 1046 5152 ecclesiam
1082 5079 1118 5148 in
1146 5097 1183 5148 se
1209 5076 1378 5167 ligneam,
1404 5074 1532 5146 Sancto
1559 5073 1753 5145 hdalbcrto

202 5206 368 5297 dicatam,
396 5205 492 5276 cuins
527 5205 725 5295 proprietas
753 5203 796 5274 ad
824 5200 1103 5274 sanctimoniales
1129 5199 1166 5269 in
1193 5198 1564 5288 Zwyeraynyecz
1590 5195 1753 5284 pertinet.

201 5327 240 5398 ln
267 5348 337 5420 qna
363 5331 445 5398 sunt
480 5331 558 5396 octo
585 5325 677 5394 lanei
704 5323 954 5413 cmetbouales,
982 5323 1065 5392 item
1092 5341 1161 5392 una
1186 5319 1335 5390 taberna
1359 5318 1491 5388 habens
1518 5336 1641 5405 agros,
1668 5315 1753 5384 item
1877 5337 1880 5340 ’

202 5449 359 5521 scoltetia
392 5448 525 5518 habens
552 5446 638 5518 duos
663 5445 783 5517 laneos
810 5465 873 5534 pro
901 5464 963 5515 suo
990 5441 1153 5533 praedio,
1179 5441 1263 5511 item
1290 5438 1470 5530 praedium
1496 5455 1602 5506 unum
1629 5442 1753 5505 coeno-

202 5569 310 5659 biale,
337 5569 421 5640 item
455 5567 675 5640 hortulaniae
702 5588 764 5637 scx
790 5567 959 5636 habentes
987 5583 1109 5654 agros,
1136 5562 1179 5632 de
1206 5561 1330 5652 quibus
1358 5559 1516 5632 omnibus
1542 5556 1693 5627 solvitur·
1717 5541 1753 5625 et

203 5690 404 5762 conducitur
439 5688 571 5760 decima
605 5687 829 5790 manipularis
865 5692 901 5760 et
936 5684 1111 5774 canapalis
1146 5682 1311 5754 ecclesiae
1338 5684 1374 5751 et
1399 5679 1510 5768 ipsius
1536 5677 1684 5767 plebano
1712 5676 1759 5746 in

304 5857 535 5923 unnenscare
923 5877 928 5882 -
1447 5885 1451 5892 .
1550 5823 1588 5872 ²⁰
1628 5849 1634 5854 '
