4550 6600
1690 744 1774 815 425-

198 924 460 1017 existeutibus,
500 934 536 999 ct
562 936 642 1019 6661
667 935 752 1011 tres,
773 932 1007 1025 16616166166,
1047 936 1198 1027 percipit
1231 958 1307 1011 cam
1343 942 1488 1021 ecclesia
1514 946 1551 1015 in
1576 945 1766 1043 Jauina,

196 1046 300 1119 66166
331 1048 433 1120 66166
459 1051 664 1161 aestimatur
690 1052 734 1124 ad
761 1057 834 1125 tres
861 1076 1005 1127 marcas.
1225 1126 1232 1153 ,

307 1169 525 1261 BoaszW,
552 1171 724 1245 61116661
751 1176 986 1265 6666611616
1022 1162 1369 1269 Olyeschnicza
1396 1186 1474 1257 sita.
1517 1187 1557 1259 In
1586 1198 1765 1279 quaeunt

148 1278 154 1288 ’
195 1289 293 1361 16661
324 1292 580 1384 umethonales,
612 1294 697 1365 item
724 1297 911 1389 tabernae,
946 1298 1029 1370 item
1056 1300 1294 1393 hortulaniae,
1329 1304 1373 1375 de
1400 1307 1525 1396 quibus
1552 1310 1764 1386 6616116661

196 1411 413 1485 conducitur
440 1413 574 1485 166166
599 1416 825 1506 manipularis
852 1423 888 1490 et
915 1407 1090 1511 canapalis
1118 1443 1182 1511 pro
1209 1424 1417 1497 6661661616
1444 1428 1699 1521 Xagnicze,
1726 1441 1764 1506 61

197 1532 300 1605 valor
329 1534 407 1605 eius
434 1536 640 1607 aestimatur
666 1537 709 1607 61
738 1560 797 1609 sex
824 1561 967 1613 marcas.
993 1542 1082 1614 Item
1110 1548 1165 1614 661
1190 1545 1241 1616 111
1266 1568 1371 1617 unum
1394 1546 1575 1638 praedium
1602 1553 1763 1646 militare,

197 1654 345 1745 dequo
374 1656 566 1730 decimatur
593 1648 758 1732 adelasiae
784 1662 820 1731 16
856 1660 1219 1757 016666161666,
1258 1672 1295 1739 61
1321 1669 1419 1741 valor
1453 1671 1528 1744 eius
1554 1675 1763 1748 aestimatur

198 1775 243 1847 ad
272 1776 365 1849 duas
393 1799 536 1850 marcas.
808 1770 810 1775 ’
900 1804 905 1811 ·

305 1897 432 1989 Gonu,
457 1900 539 1972 villa
566 1904 631 1974 661
657 1904 823 1993 parochia
849 1905 893 1976 16
912 1960 919 1975 .
939 1960 946 1977 .
966 1961 973 1975 .
993 1960 1026 1975 ..
1054 1908 1131 1979 6116.
1167 1908 1208 1979 Ι6
1225 1930 1305 1999 ,666
1329 1917 1412 1983 sunt
1437 1912 1530 1985 lanei
1561 1918 1761 1990 666611666-

197 2021 258 2109 166,
287 2021 376 2092 item
403 2022 581 2113 tabernae,
608 2024 690 2095 item
717 2024 956 2116 hortulauiae,
983 2026 1027 2098 16
1054 2028 1179 2119 quibus
1206 2032 1366 2103 omnibus
1393 2023 1541 2107 solvitur
1567 2042 1604 2107 61
1630 2038 1760 2110 66616-

198 2143 291 2212 61166
319 2142 456 2215 decima
481 2144 708 2235 manipularis
735 2152 771 2217 et
798 2148 973 2238 canapalis
1001 2169 1065 2239 pro
1092 2150 1239 2221 ecclesia
1265 2152 1301 2221 in
1327 2152 1581 2248 Xagniczc,
1607 2164 1644 2230 61
1661 2160 1760 2232 valor

200 2264 274 2335 6166
303 2266 512 2337 6661166166
538 2266 581 2338 61
610 2288 670 2339 666
697 2288 841 2341 marcas.
867 2270 955 2341 Item
983 2270 1166 2361 praedium
1192 2272 1353 2345 militare.
1418 2246 1422 2259 ¹

305 2385 568 2477 Vitruvium,
608 2388 692 2459 villa
729 2390 792 2461 661
820 2391 985 2480 66666116
1020 2390 1065 2463 16
1092 2391 1148 2463 (16
1157 2393 1296 2482 yrnin
1332 2395 1418 2485 sita,
1458 2397 1556 2469 cuins
1592 2399 1759 2474 haeredes

197 2507 387 2579 Florianus
415 2512 451 2579 61
477 2508 605 2583 Petrus
639 2508 1005 2603 Paczanowsczy
1041 2511 1084 2584 de
1111 2514 1218 2585 666616
1255 2511 1456 2589 Gelitha.
1500 2518 1542 2588 In
1578 2540 1649 2609 qua
1675 2528 1758 2594 6661

198 2628 290 2699 16661
320 2630 575 2721 emethonales,
602 2630 685 2701 item
712 2631 887 2722 tabernac,
915 2633 996 2703 itum
1025 2632 1216 2721 hortulani,
1244 2634 1287 2705 de
1315 2636 1441 2726 quibus
1468 2640 1627 2711 omnibus
1654 2641 1759 2713 solvi·

200 2756 256 2821 tur
283 2757 322 2823 61
350 2751 558 2823 conducitur
585 2752 718 2823 decima
744 2752 971 2843 manipularis
998 2758 1034 2825 et
1061 2754 1236 2845 canapalis
1263 2777 1328 2845 pro
1342 2810 1484 2829 ......
1510 2760 1600 2831 Item
1626 2766 1681 2832 661
1707 2762 1757 2834 111

200 2872 381 2961 praedium
409 2873 579 2965 militare,
619 2872 662 2944 16
690 2895 757 2963 quo
785 2872 975 2946 decimatur
1003 2876 1170 2948 ecclesiae
1195 2876 1232 2946 iu
1267 2874 1489 2970 Gzyrnin,
1530 2881 1627 2953 cuius
1653 2882 1753 2955 calor
1824 2928 1829 2937 -
1928 2963 1932 2973 ¹

180 2995 409 3067 ¹aestimatur
435 2994 478 3067 ad
507 3000 656 3086 quatuor
682 3016 825 3067 marcas.
920 3023 923 3035 ·

304 3116 487 3207 Vumozn,
514 3116 597 3189 villa
624 3118 688 3189 sub
714 3118 881 3207 parochia
908 3118 951 3190 de
971 3171 1138 3189 .......
1166 3118 1244 3210 slta
1275 3118 1316 3189 In
1344 3141 1413 3210 qua
1439 3125 1522 3191 suut
1545 3109 1639 3193 lanei
1665 3145 1755 3196 cme-

202 3238 382 3328 thonale-s,
422 3238 504 3310 item
531 3238 714 3330 tabernae,
756 3238 838 3310 item
866 3238 1099 3328 hortulauiae,
1135 3237 1179 3310 de
1206 3238 1332 3331 quibus
1358 3240 1518 3314 omnibus
1545 3243 1694 3317 solvitur
1720 3250 1758 3318 et

203 3359 407 3432 conducitur
434 3361 567 3432 decima
592 3360 819 3450 manipularis
846 3367 883 3432 61
910 3359 1085 3450 canapalis
1111 3381 1176 3450 pro
1194 3415 1202 3430 .
1221 3415 1255 3431 ..
1282 3361 1371 3434 Item
1389 3364 1570 3453 praedium
1592 3366 1754 3439 militare.
1795 3389 1797 3394 ·

303 3481 590 3572 Pouurusurrrn,
619 3481 701 3554 villa
727 3483 791 3554 661
817 3482 984 3573 parochia
1010 3468 1240 3554 16...’....
1269 3483 1347 3554 6116.
1391 3484 1432 3554 16
1460 3507 1529 3576 qua
1555 3492 1637 3558 6661
1661 3487 1785 3560 16661·

203 3603 455 3693 66611666166,
482 3603 566 3674 item
592 3603 777 3693 tabernac,
813 3604 897 3674 Item
925 3603 1162 3693 hortulauiac,
1198 3603 1395 3694 dequibus
1422 3607 1580 3678 omnibus
1607 3608 1756 3680 solvitur

202 3731 236 3794 et
261 3724 468 3797 conducitur
496 3724 632 3796 decima
655 3724 881 3814 manipularIs
909 3729 945 3796 et
971 3724 1147 3814 canapaIIs
1173 3743 1238 3815 pro
1265 3725 1413 3796 eeclesia
1438 3726 1474 3796 in
1501 3727 1754 3821 Xagniczc,

203 3851 237 3918 et
262 3847 364 3920 valor
390 3847 464 3920 6166
491 3847 696 3918 aestimatur
722 3845 766 3916 ad
793 3845 880 3918 1666
906 3866 1049 3932 marcas.
1078 3845 1168 3916 Item
1193 3843 1373 3934 praedium
1393 3846 1560 3929 militare.
1634 3851 1645 3860 '

304 3969 542 4057 Rmzmow,
582 3967 665 4038 villa
691 3968 755 4038 sub
783 3966 948 4058 parochia
984 3965 1027 4036 de
1053 3965 1345 4038 Dobrowoda
1380 3967 1465 4057 sila,
1505 3967 1602 4038 cuius
1628 3967 1753 4040 166666

204 4089 367 4162 Nicolaus
394 4088 437 4160 de
464 4088 565 4160 dumo
592 4088 828 4160 Habdanlr.
859 4088 900 4159 16
928 4109 997 4178 qua
1023 4087 1642 4180 66616666161666166611666166,
1668 4091 1753 4161 item

204 4232 270 4282 una
294 4213 443 4284 taberna
474 4210 607 4282 161666
634 4231 754 4300 agros,
795 4209 876 4281 item
905 4230 973 4281 666
999 4209 1201 4282 1661616616
1231 4209 1368 4288 161666
1394 4231 1518 4300 agros,
1556 4208 1753 4301 dequibus

123 4385 124 4390 ,
204 4333 360 4404 omnibus
388 4331 535 4404 solvitur
553 4337 588 4402 et
605 4330 809 4402 conducitur
837 4329 970 4402 decima
996 4330 1222 4421 manipularis
1249 4336 1286 4401 61
1313 4331 1489 4421 666666116
1515 4351 1579 4420 666
1606 4332 1753 4403 66616616

205 4453 238 4522 16
264 4452 447 4543 Ghotel,
475 4451 736 4546 villacustodIs
755 4451 982 4542 VislicIensis,
1009 4455 1045 4522 et
1071 4451 1169 4540 valor
1196 4452 1270 4522 eius
1297 4452 1502 4523 aestimatur
1528 4449 1573 4522 ad
1600 4451 1750 4523 sedecim

204 4593 344 4648 marcas
388 4574 475 4644 Item
503 4578 557 4646 661
583 4573 619 4643 16
646 4572 766 4644 eadem
794 4573 876 4644 villa
903 4575 998 4644 ouria
1025 4573 1186 4644 militaris
1213 4593 1300 4662 666,
1321 4581 1430 4663 'quae
1456 4572 1533 4644 iure
1559 4572 1751 4663 parochiali
1827 4616 1829 4619 -

204 4715 268 4766 666
296 4695 341 4768 61
366 4694 719 4784 Dobruwodam,
747 4693 807 4765 sed
835 4695 880 4766 ad
906 4694 1061 4766 Busko
1089 4693 1254 4784 pertinet,
1277 4693 1408 4765 liabens
1427 4713 1529 4783 agros
1556 4692 1750 4782 praediales
1844 4685 1850 4696 “

205 4813 319 4905 16666,
346 4817 382 4886 16
410 4823 482 4888 1666
510 4836 649 4906 campos
675 4814 819 4904 1161666,
847 4814 1038 4904 dequibus
1065 4819 1145 4904 post
1170 4833 1278 4884 uuum
1303 4833 1461 4903 campum
1488 4813 1750 4887 1661616666-

205 4937 291 5024 tem,
332 4935 390 5026 qui
417 4934 515 5008 vadit
542 4935 585 5007 dc
611 4933 797 5006 066666
805 4957 827 5026 y
861 4936 897 5004 16
924 4934 1150 5024 Η616666,
1192 4932 1340 5005 solvitur
1366 4933 1499 5005 decima
1524 4932 1751 5023 manipularis

207 5073 265 5141 pro
291 5057 501 5127 monasterio
529 5055 565 5126 in
591 5055 764 5145 Busko,
800 5054 843 5126 de
869 5051 1018 5126 residuis
1045 5075 1128 5126 vero
1156 5053 1307 5144 66661116
1333 5035 1469 5144 praedii
1495 5051 1654 5144 praefati,
1681 5053 1749 5125 sol·
1788 5146 1793 5156 Ι

206 5173 294 5246 uitur
320 5176 452 5278 decima
478 5175 515 5247 16
541 5177 606 5248 Xe
613 5177 792 5268 guluce,
820 5181 856 5248 et
883 5175 981 5266 valor
1007 5175 1080 5248 eius
1108 5175 1314 5248 aestimatur
1340 5173 1386 5246 ad
1413 5173 1499 5246 duas
1525 5193 1670 5245 marcas.

303 5298 553 5388 Zasramruw,
580 5297 663 5370 villa
689 5298 820 5370 habeus
848 5299 883 5368 in
911 5318 949 5368 66
976 5297 1155 5398 ecclesiam
1182 5277 1778 5390 666661161666866616166116-Χ

207 5411 331 5490 lomoeo
359 5420 518 5509 dicatam,
545 5420 641 5491 cuius
668 5419 834 5491 haeredes
862 5423 899 5490 61
915 5419 1064 5509 6616661
1092 5417 1363 5508 christophorus
1390 5413 1749 5508 Sclrafiraupecz

207 5536 335 5609 ratione
361 5540 478 5611 uxoris
506 5539 548 5610 de
576 5539 682 5638 666616
708 5539 1019 5630 Antiquarum
1054 5538 1302 5630 Equorum,
1338 5537 1505 5628 Aegidius
1532 5535 1576 5610 16
1603 5535 1748 5610 Sudul

210 5651 248 5724 16
273 5661 374 5732 armis
401 5659 626 5732 Habdanlr
654 5665 690 5732 et
716 5659 909 5732 Stanislaus
936 5659 1105 5731 Romak
1117 5712 1197 5730 .....
1224 5659 1264 5730 16
1293 5679 1362 5748 qua
1389 5662 1470 5729 sunt
1497 5661 1629 5748 septem
1655 5657 1748 5733 lanei

305 5827 351 5870 111.
363 5828 459 5874 3666116.
479 5829 510 5870 n
615 5857 618 5864 ⁴
1497 5840 1503 5851 ¹
1543 5805 1582 5854 5⁴
