4550 6600
1635 712 1641 719 ⁸
1689 764 1761 834 241

214 970 381 1055 tempore,
409 964 506 1035 euius
533 964 694 1037 altarista
730 963 916 1037 modernus
953 964 1119 1037 Albentus
1148 965 1190 1036 de
1211 1021 1330 1035 .....
1358 966 1445 1039 ltonn
1474 967 1633 1039 alturista
1659 971 1763 1040 babet

213 1107 275 1175 pro
302 1086 382 1157 doto
410 1107 531 1176 agrum
560 1107 635 1157 enm
664 1087 792 1177 pratis,
821 1087 967 1159 liberum
996 1109 1017 1158 a
1043 1108 1167 1178 censu,
1193 1090 1389 1179 propnium,
1417 1090 1477 1161 sed
1505 1090 1547 1161 de
1575 1090 1635 1161 illo
1662 1091 1766 1163 soluit

213 1207 376 1279 decimam
404 1206 551 1297 plebano
579 1208 612 1303 in
641 1206 840 1295 Caelina-⁷3
867 1210 951 1281 item
970 1209 1075 1281 babet
1095 1230 1198 1280 unum
1218 1208 1358 1281 lnortuiu
1376 1211 1522 1299 bonum,
1549 1211 1632 1281 item
1660 1212 1765 1283 babet
1822 1227 1831 1244 ‘

213 1348 326 1399 aream
354 1335 390 1400 et
418 1328 555 1400 domunn
592 1329 627 1398 in
656 1329 783 1400 circulo
820 1330 937 1420 oppidi
974 1329 1173 1419 Ozebou',
1210 1330 1348 1421 dequo
1384 1331 1564 1401 solvuntur
1601 1332 1668 1401 sibi
1703 1354 1766 1422 pro

213 1469 313 1519 rennsu
341 1469 463 1521 novem
501 1469 654 1537 marcae;
691 1452 773 1541 item
806 1456 945 1521 tenetur
982 1451 1128 1541 quilibet·
1163 1451 1323 1522 altarista
1358 1452 1504 1540 singulis
1540 1443 1765 1523 hebdomadis
1829 1534 1836 1544 ,

212 1579 282 1641 tres
310 1571 433 1641 missas
459 1568 547 1641 feria
573 1570 735 1641 videlieet.
763 1579 863 1643 sexta
891 1572 933 1641 de
961 1572 1111 1661 quinque
1141 1572 1358 1662 vulneribm,
1387 1572 1557 1642 sabbatim
1585 1573 1628 1643 de
1656 1572 1764 1644 Beata

211 1690 371 1779 Virgine,
399 1691 455 1762 die
482 1712 564 1763 vero
592 1692 762 1763 dominico
791 1691 833 1762 de
860 1691 1084 1764 Sanctissima
1112 1692 1284 1765 Trinitate
1311 1694 1427 1783 legere
1455 1700 1490 1764 et
1517 1694 1666 1783 explere.

313 1811 419 1883 Aliud
455 1812 567 1884 altare
594 1818 649 1883 est
676 1814 711 1883 in
739 1813 858 1884 eodem
896 1814 1023 1903 oppido
1058 1812 1241 1885 Ozelnow
1277 1814 1414 1885 Sanctis
1451 1813 1557 1885 Petro
1595 1824 1629 1885 et
1657 1815 1763 1886 Paulo

212 1933 388 2022 Apostolis
402 1933 573 2023 dicatum,
602 1940 638 2003 et
657 1933 747 2023 quod
767 1933 894 2005 Paulus
921 1934 1091 2005 Zlodze
1101 1957 1123 2025 y
1143 1935 1268 2005 nobilis
1287 1934 1330 2005 de
1356 1934 1486 2004 familia
1514 1934 1545 2004 N
1554 1938 1765 2025 p'eszoba‚

211 2055 332 2125 haeres
360 2054 403 2125 de
430 2055 736 2145 Biskupicne,
771 2055 869 2125 miles
906 2055 1105 2145 hispanicus
1141 2053 1298 2126 fundavit
1336 2062 1372 2126 et
1408 2055 1561 2145 dotavit,
1597 2063 1632 2127 et·
1669 2057 1765 2127 dedit

211 2174 367 2265 praefato
403 2176 507 2246 altari
535 2177 672 2247 eteius
700 2176 869 2247 altaristis
897 2196 960 2267 pro
988 2183 1163 2267 tempore,
1200 2183 1272 2247 tres
1310 2176 1429 2247 laneos
1466 2196 1541 2247 rum
1570 2179 1663 2248 onnnnni
1689 2180 1765 2248 iure

211 2304 245 2366 et
272 2317 378 2368 censu
397 2270 432 2367 in
452 2296 535 2367 nilla
563 2297 865 2387 Bislnupieze3
893 2297 975 2369 item
995 2298 1177 2368 tabernam
1205 2298 1239 2367 in
1268 2297 1553 2386 Riskupieze
1580 2298 1766 2370 habentem
1818 2325 1822 2331 ·

210 2437 310 2506 agros
338 2424 375 2488 et
402 2424 521 2507 pratu,
558 2438 644 2507 qnae
672 2418 776 2489 soluit
810 2418 989 2491 altanistae
1016 2439 1080 2508 pro
1108 2438 1223 2488 annnuo
1260 2438 1365 2489 censu
1401 2426 1478 2488 orto
1507 2438 1655 2505 nnareas3
1682 2419 1765 2489 item

212 2538 306 2608 dedit
342 2520 501 2628 praelato
540 2538 643 2609 altari
680 2538 816 2609 donnnnm
846 2540 879 2607 in
909 2537 1096 2609 Czebou
1133 2559 1210 2608 cnnn
1237 2539 1390 2628 pomerio
1418 2545 1454 2609 et
1481 2540 1601 2628 lnonto,
1637 2540 1672 2609 in
1700 2560 1766 2629 qua

166 2684 170 2689 ·
210 2658 370 2728 altarista
396 2665 532 2746 nnanet3
568 2659 650 2729 item
668 2635 775 2729 'dedit
802 2657 959 2748 praefato
986 2658 1088 2729 altari
1118 2665 1153 2729 et
1179 2659 1416 2747 incorporavit
1451 2660 1703 2731 braseaton'um
1731 2660 1765 2729 in

211 2780 349 2851 civitate
378 2778 523 2851 Ozebou
549 2779 715 2867 liberum,
743 2780 872 2869 dequo
901 2780 1084 2851 solvuntur
1109 2779 1289 2851 altanistae
1307 2800 1371 2869 pro
1390 2800 1495 2851 censu
1521 2786 1593 2851 tres
1620 2800 1766 2869 marrae,

210 2901 290 2971 item
311 2901 346 2970 in
368 2899 525 2990 praefata
548 2900 630 2971 villa
658 2900 940 2989 Bisknnpieze
968 2907 1048 2971 sunt
1067 2900 1277 2987 vigintiduo
1296 2900 1386 2970 lanei
1405 2901 1657 2989 emetbonaluS,
1684 2901 1765 2971 item
1822 2992 1825 3000 μ
1911 2956 1916 2967 .

210 3022 356 3091 taberna
383 3042 453 3093 una
479 3022 610 3093 babens
647 3042 767 3111 agros,
805 3021 886 3091 item
924 3020 1142 3093 lnortulaniae
1178 3028 1256 3091 octo
1284 3040 1353 3091 non
1380 3021 1547 3092 babentes
1575 3042 1695 3111 agros,
1722 3021 1765 3091 de

211 3142 332 3231 quibus
362 3142 510 3213 solvitur
537 3142 670 3216 decimu
696 3142 922 3232 manipularis
959 3141 1061 3213 altari
1098 3140 1215 3212 Sancti
1243 3141 1421 3211 Laurentii
1450 3141 1483 3211 in
1512 3141 1657 3213 eeclesia
1683 3140 1767 3212 Cra-

211 3264 380 3353 eoviensi,
416 3264 499 3336 item
536 3271 572 3335 et
608 3258 783 3354 canapalis
818 3263 985 3350 sobitum
1021 3262 1119 3334 valor
1154 3262 1306 3334 decimae
1334 3261 1378 3333 ad
1394 3261 1589 3334 ‘duodecim
1625 3282 1768 3334 marcas:

214 3387 293 3456 itom
324 3387 359 3456 in
389 3385 509 3456 eadenn
546 3386 629 3456 uilla
664 3385 948 3474 Bislrnpicze
985 3391 1040 3456 est
1067 3384 1245 3474 praedium
1278 3383 1443 3472 militare,
1481 3383 1523 3454 do
1560 3405 1627 3474 quo
1658 3391 1695 3455 et
1725 3383 1768 3455 de

138 3587 140 3596 Ι
211 3507 384 3598 aliquibus
402 3507 496 3596 agnis
524 3508 583 3597 qni
610 3519 710 3601 opums
737 3506 976 3596 appellantur,
1005 3520 1090 3596 quos
1118 3505 1236 3577 colunt
1263 3505 1481 3593 annelinum,
1509 3506 1569 3595 qni
1597 3505 1789 3594 quondam·

213 3636 310 3699 erant
346 3629 483 3717 curiae,
519 3627 666 3698 solm'tur
692 3626 825 3698 decima
861 3626 1078 3716 praebendae
1105 3626 1310 3697 Sanctorum
1338 3625 1464 3695 Felicis
1488 3632 1527 3695 ot
1555 3625 1704 3696 Adanrti
1733 3626 1768 3696 in

212 3756 324 3822 castro
344 3749 576 3821 Craaoviensi.
604 3748 755 3843 Tenetur
773 3755 888 3818 autem
907 3747 1019 3818 dietus
1047 3747 1226 3835 ultoriam,
1259 3747 1317 3836 qni
1335 3745 1519 3816 innodemus
1538 3751 1592 3815 est
1611 3745 1768 3816 Clemens

160 3855 163 3863 ’
213 3869 252 3940 de
278 3869 480 3958 (lachen,
508 3869 652 3959 singulis
690 3869 890 3958 septimanis
918 3867 1004 3940 duas
1040 3867 1180 3956 missas,
1216 3866 1304 3936 seria
1330 3865 1492 3967 videlieet
1526 3865 1675 3936 secunda
1704 3886 1767 3954 pro

212 3991 384 4062 defunctis
420 3989 716 4078 benefactoribuS,
752 3989 838 4061 feria
866 3995 979 4061 antem
1016 3989 1123 4059 tentia
1150 4009 1214 4076 pro
1242 3987 1330 4057 nivis
1358 3992 1393 4057 et
1421 4007 1484 4076 pro
1513 3986 1662 4076 pereatis
1689 4006 1767 4074 per-

162 4154 166 4164 ·
213 4118 314 4200 petuo
343 4111 493 4202 explere.
1024 4203 1026 4212 Α

887 4229 1103 4306 Rorozneznn.

877 4475 1116 4546 ldlnsannezn.

314 4597 410 4670 Villa
438 4597 568 4670 babens
597 4597 630 4670 iu
660 4620 696 4668 so
724 4597 956 4687 parochialem
985 4596 1167 4668 ecelesiam
1195 4595 1362 4685 ligneam,
1389 4595 1536 4664 Sanctae
1564 4593 1771 4664 Catlnerinae

213 4717 350 4810 Virgini
370 4727 406 4791 et
424 4719 573 4810 blartpri
602 4717 769 4807 dicatam,
799 4720 895 4788 cuius
914 4719 1037 4788 haeres
1065 4716 1191 4787 Petrus
1218 4716 1415 4806 Knnptba
1444 4715 1486 4784 do
1514 4715 1620 4784 armis
1648 4714 1770 4784 Srze-

215 4862 379 4932 nyanua.
415 4841 454 4910 ln
483 4861 550 4931 qua
577 4847 658 4911 sunt
686 4840 777 4910 lanei
810 4839 1063 4926 ennetlnonales,
1101 4839 1183 4908 item
1211 4838 1394 4924 tabernae,
1433 4836 1514 4904 item
1543 4835 1770 4923 lnontulaniae‚

215 4963 408 5053 dequibus
437 4963 583 5032 solvitur
610 4969 645 5032 et
673 4961 878 5032 conducitur
905 4960 1034 5030 denium
1063 4957 1288 5048 manipularis
1316 4964 1348 5026 et
1378 4956 1552 5044 cannapalis
1579 4976 1696 5045 pro..
1717 5011 1723 5024 .
1744 4979 1771 5041 .;

215 5083 294 5154 item
324 5089 380 5154 est
407 5083 454 5154 ibi
483 5104 587 5154 unum
624 5083 802 5182 praedium
838 5081 1006 5170 militare,
1044 5079 1085 5149 nlo
1114 5078 1211 5150 euius
1247 5078 1341 5166 agris
1377 5077 1510 5147 decima
1545 5076 1769 5165 manipularis

216 5205 378 5276 eeclesiae
405 5210 441 5276 et
467 5203 614 5293 plebano
642 5204 716 5274 eius
739 5205 780 5274 in
799 5203 1066 5292 ll'ysnyeze,
1094 5207 1129 5270 et
1157 5199 1256 5270 valor
1274 5199 1348 5268 eins
1366 5197 1573 5267 aestimatur
1598 5197 1670 5286 ad„
1689 5252 1696 5266 .
1716 5252 1723 5266 .
1743 5221 1770 5284 .;
1857 5283 1861 5291 ⁴

138 5385 140 5406 ,
216 5326 294 5396 item
324 5327 375 5396 ibi
402 5325 569 5415 plebanus
596 5331 632 5395 et
658 5324 803 5396 ecelesia
839 5323 944 5392 lnabet
971 5341 1074 5410 agros
1110 5320 1270 5411 proprios
1298 5326 1331 5389 et
1360 5324 1478 5409 prata,
1516 5338 1580 5406 pro
1607 5339 1669 5388 suo
1697 5338 1771 5405 usu,
1868 5329 1874 5349 “

218 5447 359 5536 praedio
386 5452 422 5516 et
448 5447 666 5528 necessitato.
1233 5430 1236 5437 ’

317 5567 559 5650 Donuznean,
589 5565 669 5636 villa
697 5567 760 5636 sub
780 5565 941 5655 pamelniu
963 5563 1005 5634 de
1027 5563 1068 5632 W
1080 5581 1310 5654 ysznnyezo
1338 5560 1424 5649 situ,
1451 5558 1547 5628 euius
1575 5559 1770 5647 proprietas

219 5688 259 5760 ad
287 5689 447 5758 abbatem
477 5686 788 5757 Wanrboraonsunn
818 5685 978 5776 pertinet.
1006 5685 1045 5755 ln
1074 5705 1141 5773 qua
1170 5688 1249 5752 sunt
1278 5680 1368 5752 lanei
1405 5680 1770 5779 cnnnetlnnjrnnrnle3,·item

318 5853 477 5896 anemonae.
490 5854 520 5894 11.
817 5909 823 5920 ι
1478 5913 1483 5923 .
1563 5828 1600 5876 81
