4550 6600
1683 751 1766 828 aaa
1910 712 2065 761 ’“

215 958 434 1061 scholastriae
462 956 712 1029 Cracoviensis.
754 956 842 1028 ltem
869 962 924 1029 est
950 957 1000 1030 ibi
1027 959 1346 1031 scultetis-hahens
1372 959 1502 1047 laneos3
1527 959 1620 1030 item·
1638 958 1756 1050 pleba-

215 1102 276 1153 nus
302 1084 337 1151 et
363 1078 510 1151 ecclesia
535 1078 644 1183 habet
670 1078 720 1149 ihi
746 1098 849 1167 agros
876 1078 1005 1153 liberos
1032 1086 1069 1151 et
1092 1084 1207 1177 prata,
1233 1099 1297 1170 pro
1325 1100 1388 1151 suo
1414 1080 1559 1171 praedio
1579 1085 1623 1151 et
1639 1100 1757 1153 neces-

214 1203 323 1275 sitate.

313 1321 517 1412 Pouousza,
544 1321 628 1392 villa
655 1321 719 1393 suh
746 1321 913 1411 parochia
939 1322 982 1393 (le
1008 1321 1182 1393 Zathor
1209 1323 1290 1411 sita,
1319 1323 1416 1394 cuius
1442 1322 1567 1393 haeres
1593 1322 1760 1395 Nicolaus

213 1444 534 1537 Myschkowsk
544 1466 567 1534 y
594 1441 637 1513 de
665 1443 766 1513 domo
793 1441 1096 1532 Accipitrum.
1124 1444 1165 1514 In
1192 1464 1261 1533 qua
1287 1449 1370 1513 suut
1395 1444 1487 1515 lanei
1514 1444 1763 1534 cmethonales,

213 1566 253 1638 de
285 1565 410 1656 quibus
446 1565 605 1637 omnihus
641 1563 790 1635 solvitur
824 1562 957 1635 decima
992 1564 1219 1654 manipularis
1254 1564 1483 1637 scholastriae
1518 1564 1761 1655 Cracoviensi3

215 1679 307 1759 cuius
343 1686 449 1757 etiam
485 1686 662 1775 perceptio
699 1685 734 1754 in
761 1684 946 1774 manipulis
973 1706 995 1755 a
1021 1686 1228 1757 scholastria
1254 1687 1431 1759 abstracta
1457 1690 1529 1775 est,
1564 1691 1603 1757 et
1627 1686 1760 1759 incolae
1903 1731 1906 1735 »

213 1808 301 1879 illam
328 1806 394 1878 soli
421 1806 636 1899 percipiunt,
662 1814 698 1877 et
726 1806 923 1877 summatim
951 1806 1090 1877 solvunt
1125 1828 1190 1898 pro
1216 1806 1277 1877 illa
1302 1806 1511 1879 scholastico
1539 1805 1760 1879 Oracoviensi

212 1936 279 2001 tres
305 1947 441 1999 marcas
468 1926 618 1999 latorum
646 1946 859 2017 grossorum
885 1926 970 1999 item
996 1927 1227 2019 hortulauiae,
1253 1928 1338 2001 item
1355 1928 1531 2019 tabernae,
1557 1916 1642 2001 item
1660 1908 1760 2021 prae·

214 2051 302 2123 dium
321 2103 438 2120 .....

311 2170 660 2259 Tszusranozrczs,
688 2169 770 2241 villa
796 2170 860 2241 sub
888 2170 1054 2260 parochia
1080 2169 1123 2242 de
1150 2170 1327 2244 Zathor
1353 2172 1439 2262 sita,
1467 2172 1565 2243 cuius
1592 2171 1760 2244 haeredes

214 2294 313 2365 duces
339 2292 596 2363 Zathorienses.
623 2291 662 2361 Iu
692 2312 761 2381 qua
783 2297 864 2362 sunt
890 2291 983 2362 lanei
1010 2292 1254 2382 cmethonales,
1281 2292 1324 2365 de
1342 2293 1469 2383 quibus
1486 2285 1762 2366 soluiturmani-
1868 2275 1896 2330 s

211 2414 338 2506 pularis
368 2413 500 2486 decima
527 2413 754 2485 scholastriae
782 2412 1021 2503 Oracoviensi3
1049 2414 1148 2485 cuius
1175 2414 1282 2486 etiam
1308 2416 1485 2505 perceptio
1511 2415 1549 2487 in
1574 2415 1760 2506 manipulis

214 2536 390 2637 abstracta
416 2541 471 2607 est
498 2555 519 2605 a
546 2534 770 2624 scholastria,
807 2539 843 2606 et
869 2535 1002 2607 incolae
1029 2536 1123 2605 illam
1150 2536 1364 2626 percipiunt,
1400 2542 1436 2607 et
1461 2537 1602 2608 solvunt
1628 2557 1694 2626 pro
1720 2557 1763 2607 ea

215 2657 410 2728 summatim
436 2641 647 2727 scholastico
669 2654 890 2728 cracoviensi
916 2676 1018 2727 unam
1046 2676 1123 2727 cum
1149 2656 1293 2728 dimidia
1319 2676 1471 2729 marcam
1496 2658 1648 2729 latorum
1665 2678 1764 2747 gros·

211 2800 322 2863 sorum
348 2776 589 2867 Pragensium3
615 2777 699 2849 item
725 2777 901 2867 tabernae,
928 2777 1012 2849 item
1039 2777 1227 2868 hortulani,
1254 2778 1338 2849 item
1364 2778 1598 2869 praedium..
1618 2832 1652 2849 ..

307 2898 543 2989 Samonium,
570 2898 653 2971 villa
679 2900 743 2971 suh
761 2899 926 2989 parochia
952 2898 995 2970 de
1020 2898 1197 2971 Zathor
1223 2900 1305 2989 sita,
1332 2900 1429 2973 cuius
1455 2900 1624 2972 haeredes
1651 2899 1756 2972 Nico·

212 3024 282 3093 laus
308 3020 634 3111 Szaschorsky
660 3019 824 3093 dedomo
852 3020 1102 3091 Fossorum
1128 3019 1573 3093 ctJohauuesRadwau
1599 3021 1762 3093 dedomo

212 3142 550 3215 Raduanorum.
591 3140 632 3211 In
651 3161 719 3232 qua
745 3146 826 3215 sunt
844 3140 936 3213 lanei
963 3140 1215 3231 cmetnonales,
1242 3140 1429 3232 dequibus
1456 3142 1604 3215 solvitur
1630 3142 1763 3214 decima

213 3264 434 3355 manipularis
469 3283 533 3354 pro
570 3262 777 3336 scholastria
813 3261 1054 3352 Gracouiensi3
1095 3261 1158 3336 sed
1193 3263 1268 3335 eius
1302 3264 1485 3355 perceptio.
1517 3265 1553 3335 iu
1588 3262 1763 3354 manipulo

214 3388 386 3459 abstracta
413 3391 468 3457 est
520 3406 542 3456 a
568 3384 793 3474 scholastria,
818 3389 856 3456 et
882 3384 1014 3456 incolae
1041 3384 1136 3454 illam
1163 3383 1379 3476 percipiunt,
1407 3385 1613 3477 solvuntque
1639 3406 1704 3475 pro
1723 3405 1765 3456 ea

213 3507 403 3580 summatim
431 3506 637 3580 scholastico
660 3504 881 3579 Gracovieusi
908 3526 1013 3578 unam
1031 3525 1107 3577 cum
1125 3506 1241 3578 media
1267 3526 1419 3578 marcam
1444 3507 1595 3579 latorum
1621 3527 1761 3598 grosso·

213 3651 283 3702 rum
308 3628 556 3720 Pragensium3
583 3629 667 3702 item
692 3627 847 3718 taberna,
875 3627 959 3700 item
984 3627 1215 3718 hortulauiae,
1241 3628 1325 3700 item
1351 3628 1533 3718 praedium

314 3751 551 3840 Lanaricus,
578 3749 662 3822 villa
688 3750 753 3821 sub
771 3748 938 3842 parochia
964 3749 1007 3820 de
1025 3748 1200 3821 Zathor
1226 3749 1313 3839 sita,
1341 3750 1439 3821 cuius
1464 3749 1589 3822 haeres
1615 3748 1767 3820 Michael
1799 3791 1808 3800 ·
1872 3847 1879 3854 η

125 3887 126 3890 ’
215 3870 557 3965 Lyaszkowsky
583 3871 627 3942 de
654 3870 869 3962 Gornycz.
908 3870 949 3941 In
968 3891 1036 3960 qua
1063 3875 1146 3942 sunt
1171 3869 1264 3941 lanei
1290 3870 1543 3960 emethonales,
1569 3869 1613 3941 de
1640 3870 1766 3960 quihus

216 3994 370 4065 omnibus
398 3991 546 4065 solvitur
580 3991 713 4063 decima
739 3991 965 4083 manipularis
1002 3990 1228 4063 scholastriae
1264 3988 1504 4066 Oracoviensi:
1531 3992 1634 4063 huius
1661 3993 1765 4062 etiam

214 4115 385 4206 perceptio
413 4114 450 4186 in
476 4113 660 4205 manipulis
688 4114 865 4186 abstracta
891 4120 962 4206 est,
990 4118 1025 4186 et
1051 4114 1187 4186 incolae
1213 4113 1281 4186 sibi
1307 4113 1402 4186 illam
1429 4113 1575 4204 quilibet
1600 4113 1644 4185 (ie
1671 4113 1765 4203 agris

215 4237 281 4308 suis
307 4236 523 4327 percipiunt,
559 4241 596 4308 et
632 4235 771 4308 solvimt
805 4235 1000 4308 summatim
1037 4255 1100 4326 pro
1137 4255 1181 4308 ea
1215 4255 1321 4308 unum
1338 4235 1527 4310 'fertonem
1563 4226 1775 4308 scholastico

215 4355 432 4432 Gracoriensi
458 4357 609 4432 latorum
634 4377 834 4450 grossorum
861 4357 1097 4448 Prageusium.
1158 4429 1160 4432 Α

839 4598 1144 4674 Sarrimowrczu.

313 4724 409 4798 Villa
434 4723 567 4798 habens
593 4725 630 4796 in
648 4741 686 4796 se
703 4721 936 4815 parochialem
963 4722 1161 4813 ecclesiam,
1188 4722 1336 4796 Sanctae
1363 4721 1573 4796 Gatheriuae
1602 4721 1765 4813 dicatam,

218 4846 309 4920 cuius
335 4846 534 4939 proprietas
562 4846 607 4918 ad
625 4845 729 4918 duces
755 4844 1002 4918 Zathurienses
1029 4845 1192 4935 pertinet.
1232 4845 1272 4915 In
1292 4865 1362 4935 qua
1387 4850 1470 4917 sunt
1496 4845 1588 4915 lanei
1614 4844 1767 4916 cmetho-

219 4967 318 5058 sales,
346 4967 535 5059 dequibus
562 4946 710 5040 solvitur
737 4965 869 5039 decima
895 4966 1120 5058 manipularis
1147 4965 1378 5038 scholastriae
1404 4964 1646 5054 cracoviensi3
1672 4965 1769 5037 cuius

219 5090 392 5180 perceptio
429 5090 466 5161 in
501 5087 687 5180 manipulis
718 5109 739 5159 a
774 5087 979 5161 scholastria
1013 5088 1192 5159 abstracta
1226 5091 1298 5178 est,
1334 5091 1370 5159 et
1405 5087 1537 5159 incolae
1572 5083 1669 5157 illam
1703 5087 1770 5158 soli

219 5209 359 5300 quilibet
394 5210 437 5283 de
464 5231 549 5302 agro
576 5195 652 5284 suo'
665 5209 875 5301 percipiunt,
911 5215 948 5282 et
974 5208 1114 5282 solvunt
1150 5209 1347 5280 summatim
1381 5228 1446 5300 pro
1473 5207 1534 5279 illa
1560 5207 1767 5279 scholastico

222 5336 295 5404 octo
326 5351 462 5404 marcas
497 5333 648 5405 latorum
673 5351 874 5424 grossorum
901 5330 1147 5422 Prageusium:
1177 5329 1263 5402 item
1289 5330 1437 5402 taberna
1461 5349 1549 5419 uua,
1575 5328 1661 5400 item
1686 5329 1769 5400 hor-

142 5527 148 5536 ,
221 5450 369 5524 tulaniae
404 5453 494 5526 duae
529 5451 573 5526 ad
600 5453 851 5545 proprietatem
886 5452 1027 5543 plebani
1061 5452 1295 5543 pertinentes,
1332 5451 1417 5523 item
1452 5449 1649 5542 praedium,
1684 5451 1770 5522 item

125 5605 127 5608 ·
221 5571 359 5648 ecclesia
381 5579 431 5652 ,et
455 5575 625 5666 plebanus
660 5574 767 5652 babet
801 5572 852 5646 ibi
887 5573 1049 5672 proprios
1083 5593 1187 5672 agros
1223 5577 1260 5645 et
1286 5577 1405 5670 prata,
1441 5591 1506 5671 pro
1539 5593 1601 5649 suo
1632 5591 1699 5649 usu
1733 5577 1770 5644 et

225 5693 435 5775 euastata
