4550 6600
497 752 571 827 238

495 960 666 1051 dimtam,
702 962 801 1033 euius
832 961 1030 1053 proprietas
1065 960 1218 1051 pertinet
1242 959 1287 1030 acl
1312 958 1559 1032 monasterinm
1586 956 1872 1029 Wancbocnense.
1914 958 1955 1029 In
1981 979 2048 1049 qua

496 1088 579 1155 sunt
614 1084 741 1173 viginti
777 1083 871 1173 agri,
908 1083 981 1153 sive
1007 1081 1099 1151 lanei
1134 1080 1345 1170 indistincti,
1380 1082 1464 1152 item
1491 1101 1560 1151 nna
1593 1080 1740 1150 taberna
1768 1079 1902 1150 babens
1937 1100 2047 1169 agrae

495 1206 581 1277 item
609 1210 664 1277 est
690 1205 740 1276 ibi
767 1204 928 1275 scoltetia
954 1202 1087 1273 babens
1114 1201 1201 1272 duos
1228 1202 1364 1290 laneos,
1391 1221 1494 1272 nnam
1519 1201 1703 1272 tabernam
1729 1206 1768 1271 et
1789 1220 1896 1271 unnm
1920 1200 2048 1271 rnolcn-

495 1326 634 1415 dinum,
669 1326 838 1397 habentes
874 1344 997 1414 agros3
1041 1322 1085 1393 de
1120 1323 1279 1395 omnibns
1315 1328 1430 1394 autem
1466 1322 1560 1412 agris
1592 1320 1868 1393 cmetbonalibns
1904 1321 2049 1392 solvitur

496 1448 632 1521 decima
666 1446 893 1537 manipularis
929 1450 966 1515 et
1001 1444 1176 1534 canapalis
1211 1465 1275 1534 pro
1311 1444 1415 1515 altari
1449 1442 1652 1515 Sanctarum
1686 1442 1784 1514 Petri
1820 1447 1857 1513 et
1890 1440 1991 1511 Panli
2014 1442 2049 1513 in

495 1568 643 1641 ecclesia
669 1568 793 1639 maiori
820 1565 1060 1653 Oracoviensi,
1092 1570 1128 1636 et
1155 1564 1252 1636 valor
1278 1566 1354 1636 eius
1380 1565 1585 1636 aestimatur
1610 1564 1656 1634 ad
1682 1568 1761 1635 octo
1787 1582 1942 1633 marcas:
1968 1563 2048 1633 item

499 1690 542 1783 ple
570 1690 666 1782 agris
693 1688 848 1777 scolteti,
874 1688 1042 1757 tabernae
1060 1690 1097 1757 ct
1114 1686 1303 1757 molendini
1328 1686 1484 1757 eiusdem
1510 1685 1657 1757 solvitur
1678 1684 1810 1755 decium
1826 1684 2050 1774 manipularis

497 1812 665 1886 ecclesiae
692 1815 729 1884 at
754 1810 828 1883 eius
855 1807 1003 1900 plebano
1030 1807 1066 1879 in
1093 1805 1329 1898 Olcbawa,
1356 1807 1493 1879 eteius
1519 1806 1617 1879 valor
1643 1804 1921 1881 aestimatnrad
1939 1858 2050 1875 .....

1093 1927 1239 2000 Manus
1265 1928 1466 2001 Lmnrcza.
1509 2002 1513 2007 ,

602 2054 697 2125 Villa
722 2050 854 2123 babens
881 2050 917 2119 in
943 2069 982 2121 se
1008 2048 1188 2121 ecclesiam
1213 2050 1466 2139 parochialem,
1492 2048 1607 2139 lapide
1633 2052 1821 2138 muratam,
1848 2046 2051 2122 visitationi

499 2176 647 2247 Sanctae
673 2171 808 2244 Maniae
842 2170 1008 2259 dicatam,
1044 2171 1143 2242 cuius
1169 2171 1294 2242 haeres
1320 2170 1473 2242 Jacobns
1508 2170 1855 2261 Trzeczyessky
1880 2171 1924 2243 (le
1952 2173 2052 2246 domo

498 2296 780 2383 Strepnrum.
816 2290 857 2359 In
884 2310 953 2380 qua
980 2295 1061 2362 snut
1086 2291 1179 2362 lanei
1201 2292 1461 2381 cmetbonales,
1496 2290 1539 2362 (le
1566 2291 1691 2381 quibus
1718 2290 1878 2361 omnibus
1905 2292 2052 2366 solvitur

498 2420 534 2486 et
560 2412 765 2485 conuincitur
791 2410 925 2482 decima
955 2412 1181 2502 manipularis
1207 2418 1245 2483 et
1270 2413 1445 2503 canapalis
1471 2432 1536 2502 pro
1561 2412 1723 2502 episcopo
1750 2410 1991 2504 Gracoriensi,
2017 2422 2053 2486 et

498 2536 596 2608 valor
623 2535 697 2605 eius
724 2532 930 2603 aestimatur
948 2532 992 2603 ad
1010 2534 1158 2623 triginta
1173 2553 1317 2605 marcas.
1344 2534 1432 2605 Item
1458 2533 1621 2625 oppidani
1647 2532 1789 2604 solvunt
1812 2552 1877 2623 pro
1903 2534 2052 2624 plebano

498 2678 596 2753 oszap
624 2674 687 2745 per
714 2673 820 2724 unum
847 2654 991 2725 eborum
1018 2654 1184 2744 siliginis,
1211 2675 1276 2745 per
1301 2654 1408 2727 alium
1434 2675 1582 2726 avenae:
1608 2675 1679 2726 non
1705 2659 1760 2725 est
1785 2653 1835 2724 ibi
1861 2656 2051 2743 praedium.

609 2774 824 2864 assureni,
859 2775 942 2847 villa
977 2776 1042 2847 sub
1069 2776 1234 2866 parochia
1268 2775 1312 2846 cle
1347 2775 1593 2867 Lypnycna
1627 2776 1712 2865 mia,
1746 2775 1846 2848 cuins
1880 2778 2050 2851 haeredes

497 2896 756 2985 Franczud,
783 2896 1038 2968 Domaratb
1065 2902 1101 2969 et
1127 2896 1303 2988 Schrop
1330 2897 1782 2970 nobilesdedomo...;.
1807 2898 1849 2970 In
1875 2920 1945 2991 qua
1970 2906 2052 2973 sunt

497 3020 589 3091 lanei
626 3017 877 3108 cmetbonales,
912 3018 995 3088 item
1032 3038 1102 3088 una
1138 3019 1299 3090 scoltetia
1332 3019 1465 3090 babens
1501 3040 1604 3109 agros
1639 3020 1818 3110 proprios,
1854 3020 2051 3111 dequibus

497 3138 656 3213 omnibns
682 3138 831 3209 solvitur
848 3143 884 3209 et
901 3138 1106 3209 conducitur
1132 3139 1265 3211 decima
1282 3140 1508 3230 manipularis
1534 3145 1572 3211 et
1597 3142 1772 3231 canapalis
1797 3160 1863 3231 pro
1888 3143 2052 3234 episcopo

497 3258 728 3335 Cracoviensi.
755 3259 843 3331 Item
870 3264 951 3332 sunt
978 3259 1027 3331 ibi
1053 3260 1123 3332 tria
1149 3261 1293 3352 praedia
1319 3261 1503 3353 militaria,
1539 3261 1583 3334 (le
1610 3262 1734 3353 quibua
1760 3262 1955 3336 decimatur
1978 3265 2052 3357 ple-

495 3384 587 3456 bano
614 3382 651 3452 in
677 3401 835 3472 magna
860 3381 1123 3474 Lypnycza,
1150 3383 1248 3454 cuius
1274 3383 1373 3454 valor
1400 3384 1606 3456 aestimatur
1631 3385 1676 3457 ad
1695 3440 1702 3455 .
1722 3439 1730 3454 .
1749 3439 1783 3455 ..

600 3501 845 3589 Znnnncznn,
880 3503 963 3574 villa
999 3503 1064 3576 sub
1099 3504 1265 3594 parocbia
1291 3503 1334 3574 rle
1360 3524 1520 3595 magna
1554 3505 1798 3596 Lypnycza
1831 3506 1918 3597 sita,
1952 3511 2050 3580 cuius

496 3626 619 3696 haeres
646 3623 819 3714 Schrop
845 3624 1030 3714 praefatus.
1056 3625 1098 3696 In
1125 3646 1193 3716 qna
1219 3629 1300 3697 sunt
1325 3626 1418 3697 lanei
1444 3627 1696 3717 cmetbonales,
1723 3627 1766 3698 dc
1793 3627 1918 3718 quibus
1945 3630 2049 3700 solvi-

494 3751 553 3816 tur
580 3744 713 3816 decima
746 3745 934 3836 pecunialis
961 3767 1024 3837 per
1051 3767 1158 3818 unum
1183 3746 1353 3818 fertonem
1381 3747 1425 3818 de
1452 3748 1608 3838 quolibet
1641 3748 1760 3837 laneo,
1795 3769 1861 3838 pro
1886 3752 2049 3840 episcopo

496 3864 725 3938 Oracoviensi.
751 3867 840 3938 Item
867 3873 922 3939 est
948 3868 996 3940 ibi
1024 3889 1093 3939 una
1110 3867 1288 3958 scoltetia,
1314 3868 1358 3939 de
1376 3888 1446 3958 qua
1463 3867 1597 3940 decima
1623 3869 1730 3940 etiam
1755 3868 1937 3943 fertonalis
1963 3872 2049 3943 lato-

495 4007 572 4058 rum
599 4007 801 4076 grossorum
828 4009 892 4077 pro
918 3989 1067 4078 plebano
1095 3990 1131 4059 in
1158 3989 1411 4081 Lypnycza.

600 4107 855 4198 Bunowrncz,
890 4108 974 4180 uilla
1009 4111 1074 4182 sub
1108 4111 1275 4200 parocbia
1308 4110 1353 4182 de
1378 4131 1538 4212 magna
1572 4111 1797 4202 Lipnicza
1831 4113 1918 4202 sita,
1952 4115 2048 4196 cuins

495 4228 693 4302 haereditas
720 4229 765 4301 acl
791 4229 985 4320 praefatum
1016 4231 1193 4323 Scbrop
1220 4233 1382 4322 pertinet
1417 4233 1458 4303 In
1485 4254 1554 4324 qua
1580 4240 1662 4306 snnt
1687 4234 1779 4306 lanei
1806 4235 2046 4326 cmetbonales,

495 4351 538 4424 de
566 4351 690 4442 quibus
717 4351 851 4423 decima
875 4352 1058 4426 fertonalis
1086 4353 1236 4426 solvitur
1257 4355 1419 4445 episcopo
1445 4353 1686 4446 Oracoviensi3
1712 4357 1796 4428 item
1822 4377 1892 4431 non
1920 4363 1976 4430 cst
1999 4358 2047 4428 ibi

495 4473 636 4566 aliquod
662 4473 851 4564 praedium.

1186 4597 1362 4669 Iwnown.

597 4715 692 4787 Villa
718 4717 849 4791 habens
875 4719 911 4791 in
938 4741 976 4793 sc
1003 4719 1183 4792 ecclesiam
1210 4719 1445 4810 parochialem
1470 4719 1636 4811 ligneam,
1663 4716 1810 4794 Sanctae
1838 4713 1968 4792 Crucis
1987 4722 2044 4793 bo

493 4839 570 4914 nori
598 4835 765 4928 dicatam,
802 4842 898 4914 cuins
933 4843 1130 4934 proprietas
1166 4840 1212 4914 ad
1238 4841 1495 4913 serenissimum
1530 4839 1697 4912 Poloniae
1731 4861 1850 4931 regem
1885 4843 2045 4932 pertinet.

491 4963 531 5036 ln
560 4979 629 5053 qua
655 4965 737 5032 sunt
763 4960 855 5034 lanei
882 4965 1132 5056 cmetbonales,
1160 4965 1246 5036 item
1262 4961 1501 5052 hortulaniae,
1527 4962 1612 5033 item
1638 4962 1823 5046 tabernae,
1851 4962 1895 5034 (le
1923 4963 2043 5053 quibus

492 5083 652 5160 omnibus
679 5081 827 5155 solvitur
863 5085 995 5160 decima
1030 5087 1221 5179 pecunialis
1247 5105 1312 5178 per
1338 5105 1444 5156 unum
1479 5082 1649 5154 fertonem
1676 5082 1720 5154 <le
1747 5083 1904 5174 quolibet
1939 5084 2044 5173 laneo,

490 5228 555 5304 pro
583 5203 743 5298 episcopo
771 5203 1001 5281 (linconiensi.
1027 5209 1115 5282 Item
1138 5215 1194 5282 est
1219 5209 1270 5280 ibi
1296 5206 1456 5280 scoltetia
1481 5224 1552 5277 una
1577 5204 1709 5276 habens
1735 5203 1823 5276 dnos
1849 5205 1979 5297 laneos,
2004 5204 2044 5276 ‹le

490 5329 616 5426 quibus
643 5327 791 5400 solvitur
817 5328 950 5404 decima
985 5331 1214 5426 manipularis
1246 5329 1412 5403 ecclesiae
1438 5333 1476 5400 et
1501 5326 1650 5418 plebano
1677 5326 1752 5398 eius
1778 5325 1815 5396 in
1841 5326 2043 5417 lerona

491 5459 527 5527 et
554 5451 651 5525 valor
679 5451 752 5522 eius
780 5451 986 5526 aestimatur
1012 5456 1057 5528 ad
1075 5511 1191 5526 .....
1218 5454 1308 5525 Item
1335 5452 1442 5523 habet
1467 5450 1518 5521 ibi
1544 5447 1713 5539 plebanus
1736 5448 1773 5518 in
1791 5447 1874 5520 villa
1890 5447 2044 5540 praefata

489 5573 683 5650 Iwkowa
709 5569 878 5665 niocetae,
906 5597 928 5647 a
954 5578 1109 5672 quolibet
1135 5577 1317 5654 cmetbone
1343 5571 1387 5650 de
1413 5572 1515 5647 laneo
1542 5590 1646 5646 unam
1659 5589 1870 5648 'mensnram
1897 5567 2041 5668 siliginis
