4550 6600
488 768 536 837 84

481 972 647 1061 Magna
673 972 838 1059 Xansz‚
866 970 964 1039 cuius
991 970 1090 1040 valor
1116 970 1321 1040 aestimatur
1347 968 1393 1041 ad
1418 967 1565 1056 triginta
1591 955 1746 1055 marcas,
1772 969 1857 1037 item
1883 987 1952 1037 nou
1980 974 2033 1037 est

480 1094 530 1163 ibi
555 1093 746 1181 praedium,
778 1111 889 1181 neque
917 1090 1092 1161 tabernae.

585 1213 901 1299 Konnscuowrrn,
936 1212 1021 1281 villa
1056 1212 1119 1281 sub
1155 1210 1320 1299 parochia
1356 1210 1398 1280 de
1425 1208 1593 1299 Magna
1628 1208 1779 1280 Xasolr
1815 1210 1902 1297 sita,
1937 1210 2034 1279 cuius

384 1364 387 1372 =
480 1334 648 1404 haeredes
667 1333 843 1403 lohannes
865 1331 1218 1421 Rapschtinslry
1237 1330 1280 1399 de
1299 1330 1405 1400 armis
1432 1329 1759 1418 Bippeunium,
1787 1328 2033 1399 etStanislans

483 1452 933 1541 Ozasthoschowsky
960 1450 1002 1520 de
1029 1452 1135 1520 armis
1154 1506 1162 1519 .
1181 1504 1189 1519 .
1207 1504 1215 1519 .
1235 1499 1260 1518 ,ι
1261 1503 1369 1538 .....
1404 1450 1441 1518 in
1467 1470 1537 1538 qna
1563 1456 1645 1520 sunt
1671 1449 1764 1520 lanei
1791 1448 2034 1537 emethouales,

481 1576 565 1644 item
592 1574 775 1661 tabernae,
812 1573 897 1642 item
923 1571 1160 1659 hortulaniae,
1196 1572 1364 1640 habentes
1401 1590 1524 1659 agroS,
1559 1571 1643 1639 item
1671 1570 1849 1659 praedium
1884 1569 2036 1639 militare

481 1697 617 1783 bonnm,
646 1693 737 1782 quod
763 1693 941 1764 lohannes
968 1691 1324 1781 Rapschtiuslry
1350 1690 1530 1760 transtulit
1547 1690 1591 1761 de
1609 1690 1800 1780 Wyelga
1824 1710 1975 1779 wyesz
2001 1691 2036 1759 iu

483 1815 855 1903 Kuuaschowka‚
893 1814 935 1883 de
963 1814 1087 1902 quibus
1115 1814 1274 1883 omnibus
1301 1812 1449 1882 solvitur
1476 1816 1513 1882 et
1538 1810 1741 1882 conducitur
1767 1812 1901 1881 decima
1927 1813 2037 1881 mani-

482 1935 613 2024 pularis
640 1940 675 2004 et
702 1934 876 2023 canapalis
903 1954 967 2023 pro
995 1934 1144 2022 plebano
1179 1933 1255 2003 sive
1280 1931 1479 2022 praeposito
1505 1931 1542 2001 in
1569 1930 1735 2021 Magna
1769 1931 1975 2020 Xausch,
2001 1936 2038 2001 et

482 2054 580 2125 valor
607 2056 812 2125 aestimatur
839 2052 885 2123 ad
910 2053 1036 2142 viginti
1063 2072 1207 2123 marcas

588 2168 1092 2260 Czanscus'rrioscnowrczs,
1119 2172 1203 2243 villa
1221 2174 1285 2242 sub
1303 2172 1469 2261 parochia
1487 2171 1530 2242 de
1556 2171 1724 2261 Magna
1748 2171 1934 2242 Xausch
1961 2172 2038 2260 situ,

485 2296 582 2365 cuius
600 2293 770 2363 haeredes
788 2292 940 2363 Jacobus
967 2292 1510 2383 Czaschsthoscluowsky
1533 2292 1577 2362 de
1595 2294 1701 2363 armis
1720 2346 1854 2380 ......
1872 2292 2039 2362 Nicolaus

485 2420 522 2484 et
547 2413 724 2484 Johannes
760 2413 1040 2502 Szynowczy
1071 2413 1114 2482 de
1142 2412 1247 2482 armis
1274 2411 1585 2502 Antiquorum
1620 2412 1871 2502 Equorum,
1906 2413 1943 2482 in
1970 2434 2040 2502 qua

367 2577 370 2582 ·
487 2540 568 2605 sunt
594 2534 684 2603 lanei
711 2533 954 2622 cmethonales,
981 2534 1064 2603 item
1092 2535 1269 2621 tabernae,
1296 2534 1379 2603 item
1405 2534 1644 2621 hortulaniae;
1671 2534 1756 2604 item
1783 2539 1865 2604 sunt
1891 2534 1941 2605 ibi
1969 2533 2039 2604 duo

486 2654 638 2743 praedia,
666 2674 771 2725 uuum
799 2652 931 2742 Jacobi,
959 2653 1053 2724 aliud
1072 2653 1208 2723 Nicolai
1226 2660 1262 2723 et
1278 2652 1458 2742 Johanuis,
1485 2652 1678 2742 dequibus
1706 2654 1864 2724 omnibus
1891 2653 2040 2724 solvitur

485 2779 522 2844 et
549 2774 751 2844 conducitur
777 2773 910 2843 decima
935 2774 1161 2864 manipularis
1188 2779 1225 2844 ct
1251 2774 1426 2863 canapalis
1453 2795 1517 2863 pro
1544 2773 1689 2844 ecclesia
1714 2779 1751 2845 et
1776 2774 1978 2864 praeposito
2003 2774 2040 2843 iu

486 2894 556 2964 Ma
564 2915 658 2991 gna,
674 2893 842 2983 Xasch,
871 2900 907 2963 et
933 2894 1031 2964 valor
1059 2894 1133 2964 eius
1161 2894 1366 2964 aestimatur
1392 2893 1437 2963 ad
1464 2893 1645 2965 duodecim
1669 2914 1814 2964 marcas.

600 3014 904 3101 Zannuowrczn,
940 3014 1023 3083 villa
1056 3014 1119 3083 sub
1155 3014 1320 3101 parochia
1355 3013 1398 3084 de
1433 3013 1598 3103 Magna
1632 3013 1783 3084 Xasch
1819 3014 1906 3098 sita,
1943 3014 2040 3084 cuius

487 3134 684 3223 proprietas
703 3133 748 3202 ad
766 3132 1024 3203 serenissimum
1042 3133 1206 3203 Poloniae
1232 3154 1349 3222 regem
1368 3134 1539 3222 pertinet,
1567 3135 1603 3205 in
1622 3156 1691 3224 qua
1708 3139 1789 3205 sunt
1807 3133 1932 3223 viginti
1949 3134 2042 3204 lanei

488 3252 731 3342 emethouales,
759 3253 842 3323 item
860 3253 1026 3342 scoltetia,
1053 3254 1185 3324 habens
1204 3310 1211 3323 .
1231 3309 1239 3323 .
1258 3309 1265 3323 .
1285 3309 1292 3323 .
1315 3254 1433 3326 laneos
1457 3276 1630 3345 agrorum,
1655 3256 1739 3327 item
1758 3254 1847 3326 duae
1864 3254 2041 3345 tabernae,

488 3376 571 3444 item
598 3373 827 3461 hortulaniae,
855 3374 898 3444 de
926 3375 1051 3462 quibus
1080 3375 1239 3445 omnibus
1267 3375 1415 3446 solvitur
1443 3382 1479 3447 et
1497 3377 1699 3446 conducitur
1726 3377 1859 3447 decima
1884 3377 2041 3466 manipu-

487 3493 572 3563 laris
600 3498 635 3563 et
661 3493 835 3581 canapalis
871 3515 934 3583 pro
970 3495 1130 3584 episcopo
1168 3495 1406 3584 Oracoviensi,
1443 3501 1479 3566 et
1515 3496 1612 3568 valor
1647 3498 1722 3568 eius
1756 3497 1963 3568 aestimatur
1998 3497 2042 3567 ad

487 3605 612 3702 viginti
639 3634 792 3701 marcas;
828 3614 912 3684 item
940 3619 993 3686 est
1019 3616 1067 3686 ibi
1094 3616 1276 3705 praedium
1311 3617 1462 3707 regium,
1494 3617 1537 3688 de
1565 3638 1632 3707 quo
1659 3617 1850 3690 decimatur
1875 3617 2042 3689 ecclesiae

488 3734 523 3803 in
551 3731 715 3824 Magna
740 3734 901 3805 Xasch.

591 3855 890 3946 Mranoczrczn,
918 3857 1001 3929 villa
1019 3859 1083 3928 sub
1105 3859 1272 3947 parochia
1290 3859 1333 3929 de
1352 3858 1500 3949 Magna
1526 3859 1669 3929 Xasch
1696 3859 1774 3947 sita,
1801 3859 1899 3930 ouius
1917 3860 2042 3930 haeres

489 3975 662 4046 Gristinus
690 3976 990 4067 Miauoczslry
1024 3978 1067 4048 de
1093 3981 1199 4050 armis
1218 4033 1378 4066 .......
1405 3980 1441 4049 in
1468 4001 1539 4068 qna
1565 3984 1646 4050 snut
1670 3979 1763 4050 lanei
1797 3979 2042 4069 emethonales,

492 4097 576 4164 item
603 4095 831 4182 hortulaniae,
859 4096 902 4165 de
930 4097 1055 4184 quibus
1082 4099 1240 4169 omnibus
1268 4099 1415 4169 solvitur
1441 4105 1478 4168 et
1495 4101 1697 4170 conducitur
1725 4100 1858 4171 decima
1883 4101 2042 4190 manipu-

488 4215 571 4285 laris
599 4219 635 4284 et
662 4214 836 4301 canapalis
855 4237 919 4304 pro
938 4269 1071 4304 ......
1098 4218 1183 4286 item
1209 4225 1263 4289 est
1281 4220 1330 4288 ibi
1350 4219 1540 4309 praedium,
1559 4220 1602 4291 de
1620 4220 1718 4292 cuius
1736 4221 1831 4310 agris
1849 4221 2040 4291 decimatur

489 4356 553 4424 pro
573 4387 731 4420 .......
759 4333 842 4403 item
870 4340 924 4404 est
951 4335 1000 4405 ibi
1026 4337 1260 4408 molendinum
1286 4360 1401 4409 unum.

591 4452 845 4542 Menoscuow,
874 4454 957 4524 villa
984 4457 1047 4527 sub
1074 4458 1240 4547 parochia
1266 4459 1308 4528 de
1334 4458 1500 4549 Magna
1526 4461 1678 4532 Xasch
1705 4462 1782 4552 sita,
1801 4462 1899 4533 cuius
1917 4464 2041 4534 haeres

489 4570 666 4645 Johanues
703 4573 1071 4668 Gebolthowsky
1099 4578 1142 4648 de
1169 4581 1275 4649 armis
1302 4579 1536 4672 Vulpium,
1563 4583 1600 4651 in
1628 4603 1697 4671 qua
1723 4588 1806 4654 sunt
1831 4583 1925 4670 lanei
1952 4603 2041 4653 crue·

489 4695 668 4783 thonales,
695 4696 778 4766 item
814 4696 999 4785 tabernae,
1026 4698 1110 4768 item
1145 4700 1382 4791 hortulaniae,
1409 4702 1451 4772 de
1486 4704 1609 4792 quibus
1646 4704 1805 4774 omuibus
1832 4705 1981 4775 solvitur
2007 4709 2043 4774 et

392 4811 396 4822 '
490 4817 694 4887 conducitur
722 4816 854 4887 decima
880 4817 1106 4907 manipularis
1130 4826 1166 4891 et
1185 4822 1360 4910 canapalis
1379 4844 1442 4912 pro
1461 4823 1871 4914 episeopooraeoviensi,
1889 4830 1926 4896 et
1944 4826 2042 4898 valor

489 4937 562 5007 eius
589 4938 633 5007 ad
661 4938 783 5026 viginti
810 4959 963 5026 marcas3
990 4940 1074 5010 item
1101 4941 1150 5012 ibi
1176 4943 1371 5034 praedium,
1398 4944 1442 5015 de
1469 4945 1566 5016 cuius
1592 4946 1698 5017 etiam
1727 4946 1821 5036 agris
1849 4945 2043 5018 decimatur

490 5057 651 5147 episcopo
678 5059 714 5128 in
738 5057 961 5154 poaptlrwom.

594 5177 842 5268 Tnocrronow,
869 5180 953 5250 villa
979 5181 1042 5252 sub
1070 5183 1236 5272 parochia
1262 5183 1305 5254 de
1332 5183 1496 5274 Magna
1521 5185 1669 5257 Xasch
1696 5187 1773 5277 sita,
1801 5187 1898 5259 cuius
1917 5187 2040 5259 lraeres

348 5347 356 5360 .
490 5297 667 5384 praefatus
695 5296 971 5372 Gabolthow
984 5301 1074 5392 sky,
1101 5303 1137 5372 in
1165 5325 1234 5392 qua
1261 5311 1343 5375 sunt
1368 5305 1466 5376 lanei.
1482 5307 1722 5397 emethonales,
1741 5309 1824 5378 item
1841 5328 1911 5379 uua
1927 5310 2042 5380 taber-

490 5437 545 5503 na,
573 5417 614 5486 de
642 5419 765 5506 quibus
794 5421 952 5492 omuibus
980 5422 1128 5494 solvitur
1152 5423 1287 5495 decima
1303 5426 1533 5517 manipularis
1551 5433 1588 5498 et
1605 5428 1780 5520 canapalis
1797 5450 1862 5520 pro
1881 5429 2041 5521 episeopo

491 5533 723 5627 Oracoviensi,
751 5545 786 5614 et
812 5541 911 5614 valor
938 5541 1011 5614 eius
1038 5545 1245 5616 aestimatur
1269 5546 1316 5618 ad
1340 5548 1465 5637 viginti
1492 5569 1635 5620 marcas.
