4550 6600
1687 793 1762 880 397

198 1018 364 1087 nostram
392 1034 469 1087 cnm
494 1008 684 1110 imbrayop,
712 1013 878 1087 decimam
905 1008 942 1085 in
968 1004 1185 1105 Klyszow
1210 1020 1292 1106 post
1313 1020 1492 1089 arsuram
1511 1018 1668 1087 nostram
1686 1032 1764 1087 cnm

196 1134 406 1233 iatbrzpoy,
433 1136 601 1209 decimam
636 1136 766 1208 ibidem
793 1137 828 1207 in
856 1135 1074 1227 Klyszou
1100 1141 1182 1229 post
1207 1156 1310 1226 agros
1337 1135 1568 1228 scoltetiales,
1596 1134 1764 1209 decimam

198 1259 236 1329 in
265 1258 669 1350 Dzyeuyanthlye
696 1264 776 1349 post
802 1262 911 1330 totam
940 1258 1067 1350 villam,
1097 1258 1266 1329 decimam
1292 1258 1329 1329 in
1355 1258 1551 1330 Zdalrovv
1578 1262 1659 1350 post
1685 1279 1763 1329 ara-

197 1384 319 1451 turam
346 1384 506 1453 nostram
532 1397 609 1451 cum
636 1376 825 1475 inthrzyay,
854 1379 1020 1451 decimam
1048 1380 1084 1451 in
1109 1378 1442 1452 Sczulromloth
1468 1385 1506 1451 et
1522 1380 1558 1451 in
1576 1379 1763 1452 Rablow

199 1505 284 1592 post
313 1506 492 1573 araturam
519 1507 676 1575 nostram
703 1520 779 1572 cum
807 1492 1003 1597 dativayby,
1031 1502 1200 1573 decimam
1225 1504 1263 1573 in
1290 1500 1552 1594 Brzesczye
1578 1506 1660 1593 post
1686 1521 1764 1573 ara-

199 1627 321 1695 turam
358 1628 514 1694 nostram
550 1642 628 1701 eum
662 1618 851 1717 imbvzpoy.
890 1622 1022 1696 Damus
1055 1623 1162 1695 etiam
1188 1622 1301 1695 eidem
1328 1622 1494 1695 ecclesiae
1519 1623 1702 1695 tabernam
1727 1623 1764 1694 in
1797 1666 1801 1675 ι
1886 1704 1890 1711 ,

200 1744 308 1835 rippa
337 1742 383 1813 W
391 1744 624 1835 yszlocze,
653 1764 730 1817 cum
757 1744 861 1815 horto
883 1744 1059 1839 'ediscenti
1085 1765 1192 1836 penes
1218 1742 1520 1837 Wyszlokam,
1535 1744 1763 1848 ¹obstaculum

152 1848 154 1852 ’
200 1865 237 1935 in
264 1864 374 1937 llnvio
402 1866 495 1937 dicto
523 1866 652 1957 Bren,
678 1866 790 1937 lacum
818 1864 974 1938 Mssan
1002 1886 1078 1938 cum
1105 1867 1273 1938 ambabus
1299 1868 1419 1959 rippis,
1440 1866 1609 1959 incipiens
1636 1888 1658 1938 a
1683 1867 1762 1937 Ro-

201 2006 396 2077 goszno,
424 2006 533 2078 usque
569 1987 613 2058 ad
639 1986 782 2059 fluvium
808 1984 1074 2081 Wyszlolra,
1101 1988 1214 2059 lacum
1240 1986 1512 2080 Nycczycza
1538 2008 1614 2060 cum
1641 1988 1762 2080 pratis,

201 2108 318 2199 agria,
349 2129 437 2200 quae
472 2110 522 2180 ihi
558 2102 656 2200 sunl,
684 2114 720 2181 et
746 2108 823 2180 fieri
850 2108 1013 2202 possunt,
1042 2129 1118 2182 eum
1144 2113 1220 2182 tota
1245 2110 1345 2202 sylva
1380 2110 1475 2183 dicta
1501 2110 1762 2203 Zavvyerzb,
1801 2190 1811 2210 ‚

201 2250 280 2302 cum
307 2230 502 2321 mellificiis,
529 2231 578 2301 nil
605 2251 669 2322 pro
696 2231 796 2305 nobis
824 2232 994 2304 servando
1022 2238 1058 2303 et
1084 2232 1216 2303 nostris
1243 2234 1518 2326 successoribus,
1548 2233 1716 2323 incipiens
1743 2250 1765 2301 a

201 2372 295 2423 nova
321 2352 598 2444 Nyeezycza,
625 2372 734 2443 usque
754 2354 799 2424 ad
817 2374 975 2445 campum
993 2354 1029 2425 in
1047 2354 1165 2426 villam
1184 2354 1316 2444 eundo,
1343 2374 1500 2447 campum
1518 2360 1598 2446 post
1615 2353 1763 2444 Mssan,

204 2480 373 2565 tangens,
401 2475 474 2546 sive
511 2474 600 2546 viam
636 2472 846 2546 tendentem
872 2476 907 2546 in
944 2475 978 2547 N
986 2476 1268 2567 yeczyczlry,
1293 2476 1423 2548 ibidem
1449 2496 1526 2548 cum
1553 2480 1656 2567 prato
1682 2480 1764 2568 post

154 2580 159 2593 ’
205 2594 384 2687 Mssan,
419 2616 529 2687 usque
566 2596 609 2667 ad
645 2596 813 2687 granities
848 2597 952 2669 villae
987 2596 1204 2687 Klyszow
1238 2598 1435 2689 incipiendo
1470 2618 1492 2670 a
1526 2597 1700 2688 Mssan,
1728 2602 1764 2669 et
1798 2644 1803 2656 ·

205 2736 367 2809 campum
403 2718 497 2789 ultra
522 2722 679 2814 pratum,
708 2718 801 2789 circa
828 2718 936 2822 viam,
964 2739 1052 2809 quae
1079 2718 1178 2791 vadit
1204 2718 1247 2789 de
1273 2716 1699 2792 Gauluscbowicze
1725 2720 1762 2789 in

205 2837 420 2911 Kliszow.
461 2838 578 2911 Etiam
614 2839 734 2911 damus
770 2840 964 2913 rectoribus
1001 2840 1156 2911 eiusdem
1191 2839 1356 2913 ecclesiae
1393 2860 1528 2912 omnem
1563 2840 1761 2913 libertatem
1796 2819 1800 2826 ⁵

206 2960 381 3051 pascendi,
407 2960 503 3051 ligna
529 2960 670 3032 secandi
696 2980 760 3051 pro
788 2962 881 3033 omni
907 2962 1123 3061 necessitate,
1150 2962 1202 3033 ita
1228 2966 1354 3053 tamen,
1383 2962 1474 3052 quod
1499 2982 1563 3034 nos
1590 2968 1627 3035 et
1651 2962 1783 3048 nostm·

205 3100 435 3172 successores,
462 3086 498 3153 at
525 3082 585 3153 alii
613 3082 805 3187 quicunque
832 3083 870 3153 in
896 3083 981 3173 ipsis
1007 3082 1283 3155 haereditatibus
1310 3087 1471 3155 araturas
1486 3083 1676 3175 habebunt,
1692 3104 1762 3154 non

208 3204 420 3275 tenebantur
447 3203 550 3275 alicui
576 3204 687 3295 alteri,
716 3224 818 3295 quam
845 3204 954 3300 ipsius
972 3204 1137 3277 ecclesiae
1155 3204 1293 3294 rectori,
1312 3205 1371 3294 qui
1389 3224 1454 3295 pro
1472 3192 1629 3296 tempore
1646 3203 1762 3299 inerit,

209 3327 435 3415 quovismodo
471 3327 669 3417 assignare,
696 3333 732 3398 et
766 3328 881 3426 omnia
916 3327 1156 3418 suprascripta
1190 3331 1361 3417 perpetuo
1396 3312 1487 3398 idem
1515 3331 1631 3398 rector
1658 3327 1764 3398 debet

207 3447 395 3537 possidere,
422 3453 462 3519 ut
489 3447 569 3519 inde
595 3453 712 3520 rector
739 3449 904 3520 ecclesiae
930 3448 1130 3540 praedictae
1159 3467 1201 3519 eo
1228 3447 1390 3520 devotius
1416 3467 1481 3539 pro
1508 3448 1622 3520 salute
1643 3452 1764 3520 nostra

209 3573 243 3639 et
268 3569 531 3661 progenitomm
566 3575 765 3644 nostrorum
801 3571 917 3644 valeat
951 3571 1063 3642 Deum
1098 3589 1253 3641 exorare.
1294 3569 1344 3642 Ut
1370 3575 1487 3642 autem
1513 3571 1601 3642 haec
1629 3569 1765 3641 dotatio

209 3695 327 3763 nostra
363 3692 471 3764 robur
507 3691 662 3764 obtineat
696 3698 887 3784 perpetuae
921 3693 1115 3782 firmitatiS,
1151 3691 1394 3781 praesentibus
1429 3691 1580 3781 sigillum
1606 3695 1763 3762 nomrum

209 3811 370 3884 iussimus
398 3813 556 3904 appendi.
583 3813 710 3886 Actum
737 3819 773 3886 'et
799 3813 919 3886 datum
946 3814 981 3885 in
1009 3813 1230 3904 Klyszovr,
1255 3813 1292 3882 in
1318 3811 1420 3883 domo
1447 3818 1578 3903 nostra,
1603 3813 1680 3902 ipso
1708 3809 1764 3881 die

211 3931 326 4006 Sancti
355 3934 518 4026 Gregorii
545 3935 760 4026 confessoris,
779 3957 869 4008 anno
888 3935 1028 4008 Domini
1045 3933 1227 4006 millesimo
1245 3933 1480 4006 ducentesimo
1499 3933 1763 4024 decimoquinto,

211 4059 451 4146 praesentibus
486 4058 541 4128 his
576 4059 741 4131 testibus:
777 4063 918 4131 strenuo
957 4057 1067 4128 milite
1094 4057 1213 4148 Zyra
1239 4053 1431 4128 vexillifero
1457 4056 1502 4127 de
1528 4032 1763 4150 ltathlrou,

213 4176 434 4251 Jaroslao
469 4179 620 4252 haerede
655 4181 698 4252 de
726 4180 998 4272 ByeganoW,
1026 4179 1336 4252 Ranimiro‘de
1362 4177 1765 4270 Woyslavvicze'et

212 4298 406 4374 honorabili
441 4301 516 4373 viro
553 4301 692 4374 domino
728 4301 947 4394 Sigismundo
979 4303 1127 4394 plebano
1156 4301 1199 4373 de
1225 4301 1525 4393 Konyeczno,
1551 4306 1589 4372 et
1613 4299 1764 4371 discreto

214 4417 348 4496 domino
376 4423 508 4496 Jacobo
536 4423 839 4516 Sczelroczyn,
867 4429 902 4496 et
929 4423 1006 4496 aliis
1034 4443 1136 4516 quam
1163 4423 1323 4516 pluribus
1350 4423 1395 4496 ad
1413 4423 1604 4515 praemissa
1620 4421 1764 4503 vocatis.

195 4659 199 4666 ’
257 4683 426 4769 fundus
459 4709 589 4793 super
622 4687 826 4824 decimam
862 4687 1117 4793 praedialem
1150 4687 1397 4770 attenuatam
1432 4689 1470 4769 in
1505 4689 1704 4808 ltlyszow

315 4907 547 5001 Sbigneus
577 4909 643 4981 Dei
674 4911 793 5001 ¹gratia
828 4911 1011 5002 episcopus
1038 4909 1277 4982 cracoviensis
1312 4909 1357 4982 ad
1382 4915 1587 5002 perpetuam
1613 4913 1667 4988 rci
1694 4930 1764 4982 me·

218 5029 365 5100 moriam.
399 5029 484 5102 Oum
513 5031 679 5122 optimum
707 5037 743 5102 et
767 5032 946 5122 egregium
972 5031 1126 5103 iustitiae
1153 5051 1263 5121 genus
1290 5032 1355 5123 sit,
1382 5031 1595 5104 differentias
1621 5038 1658 5103 et
1684 5032 1763 5103 lites

190 5141 191 5145 ’
218 5151 419 5244 reprimere,
446 5157 486 5223 ut
512 5153 644 5224 cunctis
670 5154 781 5245 possit
808 5153 934 5244 quietis
961 5153 1113 5226 suavitas
1141 5154 1344 5244 provenire,
1371 5153 1481 5225 multo
1508 5159 1625 5225 umen
1652 5153 1764 5225 excel-

219 5265 338 5344 lentius
374 5279 410 5345 et
436 5273 646 5346 laudabilius
673 5280 744 5366 est,
771 5273 914 5346 reducta
940 5274 984 5346 ad
1010 5295 1129 5366 pacem
1156 5276 1316 5366 negotia,
1342 5296 1387 5347 ne
1413 5275 1513 5348 novis
1540 5295 1701 5348 successu
1726 5283 1763 5347 et

220 5391 419 5482 antiquitate
445 5397 612 5487 temporis
640 5397 863 5470 involvantur
880 5397 1150 5488 quaestionibus,
1169 5397 1336 5468 stabilire.
1362 5395 1514 5469 Proinde
1531 5397 1763 5488 significamus

222 5509 384 5588 universis
412 5515 537 5608 quibus
564 5519 723 5609 expedit,
751 5518 901 5608 qualiter
926 5519 1149 5590 honorabiles
1177 5519 1261 5590 viri:
1288 5517 1466 5590 Johannes
1493 5520 1530 5589 in
1558 5517 1764 5610 Wyelya·

120 5685 124 5690 -
222 5648 362 5720 illesa
389 5644 425 5710 et
443 5637 606 5712 Nicolaus
625 5639 660 5710 in
680 5637 1122 5731 Gauluschovycze,
1142 5640 1363 5712 ecclesiarum
1382 5639 1633 5732 parochialium
1651 5646 1764 5712 recto-

223 5765 291 5846 res,
323 5765 474 5833 nostram
510 5761 714 5834 accedentes
748 5763 981 5852 praesentiam
1017 5767 1054 5833 et
1090 5767 1310 5854 conspectum
1346 5755 1628 5854 supplicaverunt
1661 5764 1762 5834 nohis
