4550 6600
520 762 593 835 368
729 784 733 793 ·

517 972 630 1043 lacum
644 988 776 1041 uersus
803 966 1069 1059 Suadowye,
1095 967 1190 1038 inter
1209 968 1311 1057 prata
1329 966 1558 1057 omcthonum3
1585 966 1670 1038 item
1687 967 1794 1040 habet
1811 968 1848 1038 iu
1864 966 1944 1039 lacu
1960 967 2069 1039 uillae

516 1092 707 1164 Wrzawi
734 1090 900 1162 decimam
928 1091 1079 1161 omnium
1105 1089 1262 1180 piscium,
1288 1088 1428 1179 quaudo
1455 1108 1585 1179 sagena
1610 1090 1771 1161 trahitur.

619 1211 960 1301 Goczauuowrczu,
987 1210 1071 1283 villa
1097 1212 1161 1283 sub
1188 1211 1355 1301 parochia
1380 1211 1424 1283 (16
1442 1210 1636 1283 Wrzawi
1661 1213 1740 1302 sita,
1768 1212 1864 1283 cuius
1882 1211 2070 1282 haeredes·

515 1334 675 1407 Andreas
700 1331 746 1403 de
772 1330 980 1403 Schenno
1021 1352 1084 1422 pro
1111 1352 1182 1402 uua
1207 1327 1410 1422 medietate,
1447 1331 1490 1403 de
1517 1331 1738 1421 Dambno‚
1777 1336 1815 1402 et
1839 1330 1997 1403 lacobus
2026 1330 2073 1401 de

514 1454 868 1547 Gouyeozpolye
895 1474 959 1545 pro
987 1452 1099 1525 altera
1125 1452 1323 1543 medietate,
1350 1452 1393 1524 de
1420 1452 1673 1544 Pohodrye.
1699 1452 1740 1523 ln
1768 1474 1836 1543 qua
1862 1458 1946 1524 suut
1971 1452 2074 1522 lanei

514 1576 765 1666 curethonaleS,
798 1576 881 1646 item
908 1574 1093 1664 tabernae,
1128 1576 1213 1645 item
1240 1575 1477 1664 hadrianiae,
1513 1576 1599 1647 item
1635 1574 1832 1666 praedium,
1867 1575 2075 1665 dequibus

515 1698 672 1771 omnibus
700 1696 846 1769 solvitur
865 1700 901 1769 et
920 1676 1123 1768 conducitur
1151 1696 1284 1767 decima
1309 1697 1536 1787 manipularis
1562 1702 1600 1768 et
1625 1696 1800 1788 canapalis
1826 1715 1891 1786 pro
1917 1694 2076 1767 ecclesia

513 1822 549 1892 iu¹
575 1819 789 1909 Wrzauy,
816 1823 852 1890 ct
878 1818 976 1891 valor
1003 1818 1076 1889 cius
1104 1818 1309 1890 aestimatur
1335 1818 1379 1889 ad
1398 1872 1513 1888 .....

617 1942 915 2031 Brnuuowrczu,
942 1940 1026 2011 villa
1053 1939 1116 2011 sub
1144 1940 1310 2030 parochia
1337 1940 1380 2012 de
1406 1938 1601 2012 Wrzaui
1628 1941 1705 2031 sita,
1733 1939 1831 2011 cuins
1857 1940 1987 2010 haeres
2008 1936 2075 2007 Ni-

514 2063 631 2136 colaus
659 2062 971 2157 Byalkowsky
998 2061 1041 2137 de
1069 2062 1175 2133 armis
1201 2061 1456 2154 Nycczuya.
1482 2062 1523 2133 In
1551 2082 1620 2153 qua
1637 2067 1718 2134 sunt
1743 2060 1837 2132 lanei
1862 2060 2076 2131 cmethoua-

512 2186 582 2275 les,
618 2185 701 2257 item
727 2183 910 2274 tabernae,
947 2184 1030 2256 item
1054 2184 1292 2275 hortulauiae‚
1329 2183 1414 2254 item
1439 2183 1636 2275 praedium,
1672 2182 1867 2273 dequibus
1900 2182 2076 2253 omnibus

407 2380 411 2391 ,
513 2307 659 2380 soluitur
677 2312 713 2379 ct
732 2306 935 2379 conducitur
954 2304 1086 2377 decima
1103 2306 1330 2397 manipularis
1349 2310 1385 2378 ct
1402 2306 1578 2398 canapalis
1596 2327 1660 2397 pro
1679 2305 1824 2378 ecclesia
1849 2306 1886 2375 in
1913 2302 2076 2375 Wrza-

512 2428 583 2519 wi‚
611 2432 647 2499 et
672 2428 771 2499 valor
796 2428 870 2501 eius
898 2426 1103 2499 aestimatur
1130 2427 1175 2499 ad
1193 2482 1334 2498 ......
1605 2507 1612 2519 ,
2064 2486 2067 2489 ,

616 2548 835 2641 Sunnowuu,
862 2549 945 2621 villa
962 2549 1027 2621 sub
1045 2548 1212 2641 parochia
1230 2549 1274 2622 de
1290 2548 1485 2622 Wrzawi
1511 2550 1590 2640 sita,
1609 2548 1706 2621 cuius
1723 2548 1846 2620 haeres
1863 2567 1929 2639 pro
1947 2546 2076 2636 media

512 2674 612 2765 parte
640 2670 799 2745 Andreas
827 2670 869 2744 dc
897 2670 1046 2744 Senno
1082 2672 1125 2744 (16
1153 2672 1373 2763 Dambno,
1413 2676 1450 2743 et
1475 2670 1628 2745 Jacobus
1658 2670 1702 2742 de
1737 2669 2075 2763 Couyeczpolc

509 2816 572 2887 pro
600 2795 712 2868 altera
738 2794 943 2887 medietate,
971 2794 1013 2866 de
1040 2792 1261 2867 Pobodzc.
1306 2794 1346 2865 lu
1374 2814 1442 2885 qua
1468 2798 1551 2865 sunt
1576 2793 1668 2865 lauei
1693 2792 1949 2883 cmothoualeS,
1977 2792 2073 2863 item

432 2988 434 2997 ,
509 2917 685 3008 tabernae,
712 2916 796 2989 item
823 2916 1052 3006 hortulaniac,
1079 2916 1163 2988 item
1189 2915 1342 3006 praedia,
1369 2912 1413 2987 (16
1431 2914 1556 3006 quibus
1574 2914 1732 2987 omuibus
1759 2913 1905 2985 solvitur
1921 2917 1960 2984 et
1980 2934 2074 2985 cou-

509 3038 650 3111 ducitur
676 3036 809 3110 decima
835 3036 1060 3128 manipularis
1087 3042 1123 3109 et
1149 3037 1334 3131 canapalis‚
1360 3057 1425 3128 pro
1443 3036 1589 3109 ecclesia
1614 3038 1651 3108 in
1668 3036 1880 3127 Wraauy,
1905 3041 1944 3107 et
1961 3035 2075 3108 valor

509 3160 583 3233 eius
610 3160 814 3233 aestimatur
841 3159 886 3231 ad
904 3214 1018 3231 .....

614 3278 807 3374 Gurunru,
835 3280 917 3354 villa
944 3282 1007 3354 sub
1035 3280 1200 3374 parochia
1226 3279 1270 3354 de
1295 3278 1500 3374 Wrzawy
1527 3281 1604 3372 sita,
1631 3280 1729 3354 cuius
1754 3280 1878 3354 haeres
1895 3278 2071 3355 Andreas

507 3403 552 3476 do
579 3401 790 3476 Schenno
828 3403 927 3476 miles
954 3403 997 3476 (16
1024 3403 1125 3476 domo
1162 3403 1372 3477 Dambuo.
1415 3405 1456 3475 Iu
1483 3408 1659 3496 quaeunt
1693 3404 1786 3476 lanei
1811 3403 2071 3494 cmothouales‚

508 3525 604 3612 item
619 3525 795 3618 tabernae,
823 3527 906 3598 item
933 3526 1162 3618 hortulauiae,
1188 3527 1273 3600 item
1299 3527 1489 3618 praedium,
1516 3526 1559 3599 de
1578 3527 1703 3617 quibus
1722 3526 1882 3599 omuibus
1908 3526 2071 3599 solvitur

506 3652 542 3720 et
568 3645 772 3721 conducitur
808 3647 940 3721 decima
975 3649 1201 3741 manipularis
1227 3655 1265 3722 et
1290 3649 1466 3740 canapalis
1501 3669 1565 3741 pro
1592 3649 1738 3722 ecclesia
1771 3650 1808 3720 iu
1834 3648 2068 3741 Wrzawp,

507 3775 543 3844 et
569 3771 668 3844 valor
695 3771 768 3843 eius
795 3771 998 3844 aestimatur
1025 3771 1070 3844 ad
1088 3826 1204 3843 .....

610 3893 855 3985 Oczracuow,
881 3894 964 3965 villa
991 3894 1055 3966 sub
1083 3893 1250 3985 parochia
1276 3892 1319 3966 (16
1345 3891 1519 3966 Wrzau
1526 3916 1550 3984 y
1576 3894 1653 3966 sita
1693 3893 1734 3964 lu
1761 3913 1830 3984 qua
1855 3897 1940 3966 suut
1963 3895 2069 3966 lanei

504 4015 756 4105 cmothouales‚
795 4015 880 4086 item
906 4015 1093 4108 tabernac,
1129 4018 1214 4087 item
1239 4015 1476 4106 hortulauiae,
1510 4016 1595 4087 item
1625 4015 1823 4107 praedium,
1859 4015 2067 4107 dequibus

391 4225 395 4242 Ι
505 4135 663 4208 omnibus
691 4136 839 4209 solvitur
865 4141 901 4208 et
924 4137 1129 4209 conducitur
1157 4137 1291 4208 decima
1315 4137 1542 4228 manipularis
1560 4141 1596 4210 et
1614 4137 1790 4229 canapalis
1817 4157 1882 4229 pro
1909 4139 2068 4210 ecelesia

503 4258 539 4328 in
566 4256 781 4350 Wrzawy,
809 4262 846 4331 et
873 4259 971 4332 valor
998 4259 1071 4330 eius
1099 4259 1305 4332 aestimatur
1331 4258 1377 4331 ad
1395 4313 1510 4329 .....

1203 4503 1354 4576 Purow.

548 4659 554 4667 ·
606 4623 700 4696 Villa
725 4623 857 4696 habens
885 4624 920 4695 in
948 4645 985 4697 sc
1016 4625 1250 4716 parochialem
1287 4625 1467 4698 ecclesiam
1494 4624 1663 4716 ligneam,
1701 4625 1840 4698 noviter
1875 4623 2061 4700 fundatam

501 4751 537 4817 61
563 4745 736 4836 dotatam,
767 4751 810 4818 ct
837 4745 962 4820 Sancto
991 4746 1221 4838 Sigismundo‘
1238 4748 1383 4838 martyri
1419 4751 1455 4819 et
1479 4748 1555 4837 regi
1595 4747 1761 4838 dicatam,
1802 4748 1903 4822 cuius
1931 4749 2061 4822 haeres

500 4867 677 4940 Johannes
704 4866 990 4960 Puyowszlry
1026 4869 1069 4942 de
1096 4870 1203 4940 armis
1230 4869 1464 4942 Hahdank.
1508 4868 1549 4939 ln
1577 4889 1645 4960 qua
1671 4875 1753 4941 sunt
1778 4870 1872 4941 lanei
1898 4874 2060 4945 emetha

500 4989 606 5080 nales,
634 4991 716 5062 item
744 4990 924 5083 tabernae,
952 4992 1036 5063 item
1062 4991 1299 5082 hortulauiae,
1326 4991 1370 5063 de
1397 4992 1522 5082 quihus
1549 4991 1707 5064 omuibus
1734 4992 1883 5064 solvitur
1910 5000 1948 5066 et
1974 5016 2059 5067 cou-

500 5110 640 5183 dncitnr
667 5111 799 5184 decima
825 5113 1050 5204 manipularis
1077 5120 1113 5186 et
1139 5112 1324 5205 canapalis‚
1351 5135 1415 5205 pro
1443 5113 1588 5186 ecclesia
1614 5112 1732 5186 Sancti
1758 5112 1859 5186 Petri
1885 5116 1923 5186 in
1950 5115 2059 5189 San·

500 5233 716 5325 domiria,
743 5239 780 5306 et
806 5234 905 5306 valor
931 5235 1004 5307 eius
1032 5235 1237 5308 aestimatur
1264 5235 1309 5307 ad
1328 5289 1469 5307 ......
1558 5330 1563 5336 ¹

603 5355 918 5450 Nruurszunnnn,
945 5357 1029 5430 villa
1055 5357 1119 5430 sub
1146 5359 1311 5448 parochia
1330 5413 1470 5429 ......
1497 5358 1578 5448 sita,
1614 5341 1712 5431 onius
1738 5358 1863 5432 haeres
1892 5361 2056 5435 Andreas
2095 5377 2101 5387 ·
2151 5366 2152 5429 T

498 5474 541 5546 de
567 5475 777 5550 Schenno
814 5478 986 5553 dedomo
1022 5479 1236 5554 Dombno.
1264 5482 1321 5553 .In
1349 5503 1418 5572 qna
1445 5488 1527 5554 snut
1552 5480 1645 5552 lanei
1672 5481 1927 5575 cmothouales‚
1968 5487 2055 5557 item
2151 5506 2152 5565 4

496 5595 672 5688 tabernae,
694 5599 781 5672 'item
808 5601 1039 5691 hortulaniao,¹
1065 5602 1108 5674 (16
1136 5603 1260 5694 quibus
1283 5603 1443 5676 omuibus
1471 5604 1619 5676 solvitur
1638 5608 1674 5676 et
1691 5602 1898 5677 conducitur
1917 5606 2054 5678 decima

415 5709 420 5720 '
498 5716 723 5810 manipularis
750 5727 787 5795 et
813 5722 986 5816 canapalis
1013 5745 1077 5818 pro
1096 5725 1298 5817 episcopatu
1317 5722 1553 5817 Oracoriensi,
1579 5731 1617 5799 et
1634 5726 1733 5800 valor
1750 5726 1826 5800 eius
1842 5730 2056 5804 aestimatur
