<?xml version="1.0" encoding="UTF-8"?>
<!DOCTYPE html PUBLIC "-//W3C//DTD XHTML 1.0 Transitional//EN"
    "http://www.w3.org/TR/xhtml1/DTD/xhtml1-transitional.dtd">
<html xmlns="http://www.w3.org/1999/xhtml" xml:lang="en" lang="en">
 <head>
  <title>
</title>
<meta http-equiv="Content-Type" content="text/html;charset=utf-8" />
  <meta name='ocr-system' content='tesseract 3.04.00' />
  <meta name='ocr-capabilities' content='ocr_page ocr_carea ocr_par ocr_line ocrx_word'/>
</head>
<body>
  <div class='ocr_page' id='page_1' title='image "./operaomnia03paulgoog_0327.png"; bbox 0 0 4550 6600; ppageno 0'>
   <div class='ocr_carea' id='block_1_1' title="bbox 483 778 557 853">
    <p class='ocr_par' dir='ltr' id='par_1_1' title="bbox 483 778 557 853">
     <span class='ocr_line' id='line_1_1' title="bbox 483 778 557 853; baseline 0 -1"><span class='ocrx_word' id='word_1_1' title='bbox 483 778 557 853; x_wconf 75' lang='lat'>284</span> 
     </span>
    </p>
   </div>
   <div class='ocr_carea' id='block_1_2' title="bbox 481 974 2045 2037">
    <p class='ocr_par' dir='ltr' id='par_1_2' title="bbox 481 974 2042 1678">
     <span class='ocr_line' id='line_1_2' title="bbox 585 974 2037 1072; baseline -0.007 -15"><span class='ocrx_word' id='word_1_2' title='bbox 585 986 847 1072; x_wconf 78' lang='lat' dir='ltr'>Connczrczn,</span> <span class='ocrx_word' id='word_1_3' title='bbox 884 980 1048 1071; x_wconf 86' lang='lat' dir='ltr'>oppidum</span> <span class='ocrx_word' id='word_1_4' title='bbox 1075 979 1207 1049; x_wconf 88' lang='lat' dir='ltr'>habens</span> <span class='ocrx_word' id='word_1_5' title='bbox 1244 977 1423 1049; x_wconf 90' lang='lat' dir='ltr'>ecclesiam</span> <span class='ocrx_word' id='word_1_6' title='bbox 1458 977 1693 1067; x_wconf 80' lang='lat' dir='ltr'>parochialem</span> <span class='ocrx_word' id='word_1_7' title='bbox 1729 976 1879 1049; x_wconf 86' lang='lat' dir='ltr'>Sanctae</span> <span class='ocrx_word' id='word_1_8' title='bbox 1905 974 2037 1047; x_wconf 87' lang='lat' dir='ltr'>Mariae</span> 
     </span>
     <span class='ocr_line' id='line_1_3' title="bbox 486 1080 2040 1194; baseline -0.008 -16"><span class='ocrx_word' id='word_1_9' title='bbox 486 1108 652 1194; x_wconf 91' lang='lat' dir='ltr'>dicatam,</span> <span class='ocrx_word' id='word_1_10' title='bbox 685 1105 782 1173; x_wconf 87' lang='lat' dir='ltr'>cuius</span> <span class='ocrx_word' id='word_1_11' title='bbox 809 1102 1006 1192; x_wconf 78' lang='lat' dir='ltr'><strong>proprietas</strong></span> <span class='ocrx_word' id='word_1_12' title='bbox 1035 1080 1082 1171; x_wconf 68' lang='lat' dir='ltr'>ad&#39;</span> <span class='ocrx_word' id='word_1_13' title='bbox 1106 1100 1354 1174; x_wconf 89' lang='lat' dir='ltr'>monasterinm</span> <span class='ocrx_word' id='word_1_14' title='bbox 1383 1098 1682 1189; x_wconf 83' lang='lat' dir='ltr'>Thynczense</span> <span class='ocrx_word' id='word_1_15' title='bbox 1708 1100 1870 1187; x_wconf 83' lang='lat' dir='ltr'>pertinet.</span> <span class='ocrx_word' id='word_1_16' title='bbox 1906 1097 1948 1166; x_wconf 92' lang='lat' dir='ltr'>ln</span> <span class='ocrx_word' id='word_1_17' title='bbox 1975 1117 2040 1185; x_wconf 89' lang='lat' dir='ltr'>quo</span> 
     </span>
     <span class='ocr_line' id='line_1_4' title="bbox 482 1217 2042 1311; baseline -0.008 -13"><span class='ocrx_word' id='word_1_18' title='bbox 482 1233 562 1298; x_wconf 89' lang='lat' dir='ltr'>sunt</span> <span class='ocrx_word' id='word_1_19' title='bbox 590 1246 712 1297; x_wconf 90' lang='lat' dir='ltr'>novem</span> <span class='ocrx_word' id='word_1_20' title='bbox 741 1225 834 1293; x_wconf 92' lang='lat' dir='ltr'>lanei</span> <span class='ocrx_word' id='word_1_21' title='bbox 861 1223 1130 1311; x_wconf 81' lang='lat' dir='ltr'>oppidanorum,</span> <span class='ocrx_word' id='word_1_22' title='bbox 1158 1220 1345 1310; x_wconf 90' lang='lat' dir='ltr'>dequibus</span> <span class='ocrx_word' id='word_1_23' title='bbox 1373 1241 1435 1309; x_wconf 91' lang='lat' dir='ltr'>pro</span> <span class='ocrx_word' id='word_1_24' title='bbox 1464 1220 1597 1291; x_wconf 86' lang='lat' dir='ltr'>decima</span> <span class='ocrx_word' id='word_1_25' title='bbox 1622 1219 1832 1308; x_wconf 81' lang='lat' dir='ltr'>manipulari</span> <span class='ocrx_word' id='word_1_26' title='bbox 1858 1217 2042 1289; x_wconf 84' lang='lat' dir='ltr'>solvuntur</span> 
     </span>
     <span class='ocr_line' id='line_1_5' title="bbox 483 1339 2042 1437; baseline -0.008 -19"><span class='ocrx_word' id='word_1_27' title='bbox 483 1348 629 1437; x_wconf 85' lang='lat' dir='ltr'>singulis</span> <span class='ocrx_word' id='word_1_28' title='bbox 656 1347 754 1415; x_wconf 79' lang='lat' dir='ltr'>alariis</span> <span class='ocrx_word' id='word_1_29' title='bbox 783 1350 931 1434; x_wconf 88' lang='lat' dir='ltr'>quatuor</span> <span class='ocrx_word' id='word_1_30' title='bbox 959 1364 1094 1413; x_wconf 88' lang='lat' dir='ltr'>marcae</span> <span class='ocrx_word' id='word_1_31' title='bbox 1131 1342 1298 1413; x_wconf 89' lang='lat' dir='ltr'>ecclesiae</span> <span class='ocrx_word' id='word_1_32' title='bbox 1325 1342 1361 1411; x_wconf 94' lang='lat' dir='ltr'>in</span> <span class='ocrx_word' id='word_1_33' title='bbox 1388 1341 1675 1432; x_wconf 79' lang='lat' dir='ltr'>Zrzanczyn,</span> <span class='ocrx_word' id='word_1_34' title='bbox 1702 1341 1850 1430; x_wconf 88' lang='lat' dir='ltr'>pecunia</span> <span class='ocrx_word' id='word_1_35' title='bbox 1876 1339 2042 1435; x_wconf 68' lang='lat' dir='ltr'>currenti,</span> 
     </span>
     <span class='ocr_line' id='line_1_6' title="bbox 481 1461 2041 1555; baseline -0.007 -15"><span class='ocrx_word' id='word_1_36' title='bbox 481 1471 564 1541; x_wconf 89' lang='lat' dir='ltr'>licet</span> <span class='ocrx_word' id='word_1_37' title='bbox 591 1469 672 1539; x_wconf 92' lang='lat' dir='ltr'>olim</span> <span class='ocrx_word' id='word_1_38' title='bbox 700 1468 789 1537; x_wconf 86' lang='lat' dir='ltr'>sient</span> <span class='ocrx_word' id='word_1_39' title='bbox 816 1467 1001 1555; x_wconf 87' lang='lat' dir='ltr'>asseritur,</span> <span class='ocrx_word' id='word_1_40' title='bbox 1030 1465 1231 1537; x_wconf 84' lang='lat' dir='ltr'>solvebatur</span> <span class='ocrx_word' id='word_1_41' title='bbox 1258 1464 1391 1533; x_wconf 90' lang='lat' dir='ltr'>decima</span> <span class='ocrx_word' id='word_1_42' title='bbox 1417 1464 1644 1553; x_wconf 83' lang='lat' dir='ltr'>manipularis</span> <span class='ocrx_word' id='word_1_43' title='bbox 1670 1463 1784 1533; x_wconf 89' lang='lat' dir='ltr'>dictae</span> <span class='ocrx_word' id='word_1_44' title='bbox 1812 1462 1980 1533; x_wconf 88' lang='lat' dir='ltr'>ecclesiae</span> <span class='ocrx_word' id='word_1_45' title='bbox 2007 1461 2041 1529; x_wconf 94' lang='lat' dir='ltr'>in</span> 
     </span>
     <span class='ocr_line' id='line_1_7' title="bbox 483 1590 758 1678; baseline -0.018 -17"><span class='ocrx_word' id='word_1_46' title='bbox 483 1590 758 1678; x_wconf 82' lang='lat' dir='ltr'>Zrzanczyn.</span> 
     </span>
    </p>

    <p class='ocr_par' dir='ltr' id='par_1_3' title="bbox 481 1704 2045 2037">
     <span class='ocr_line' id='line_1_8' title="bbox 586 1704 2045 1798; baseline -0.006 -18"><span class='ocrx_word' id='word_1_47' title='bbox 586 1709 886 1798; x_wconf 75' lang='lat' dir='ltr'>Macnnuownn,</span> <span class='ocrx_word' id='word_1_48' title='bbox 923 1708 1006 1778; x_wconf 90' lang='lat' dir='ltr'>villa</span> <span class='ocrx_word' id='word_1_49' title='bbox 1033 1706 1096 1777; x_wconf 90' lang='lat' dir='ltr'>sub</span> <span class='ocrx_word' id='word_1_50' title='bbox 1124 1705 1291 1795; x_wconf 86' lang='lat' dir='ltr'>parochia</span> <span class='ocrx_word' id='word_1_51' title='bbox 1317 1705 1361 1775; x_wconf 91' lang='lat' dir='ltr'>de</span> <span class='ocrx_word' id='word_1_52' title='bbox 1386 1704 1415 1775; x_wconf 93' lang='lat' dir='ltr'>Z</span> <span class='ocrx_word' id='word_1_53' title='bbox 1424 1726 1656 1795; x_wconf 84' lang='lat' dir='ltr'>raanczyn</span> <span class='ocrx_word' id='word_1_54' title='bbox 1683 1706 1759 1775; x_wconf 88' lang='lat' dir='ltr'>sita.</span> <span class='ocrx_word' id='word_1_55' title='bbox 1795 1704 1835 1774; x_wconf 94' lang='lat' dir='ltr'>In</span> <span class='ocrx_word' id='word_1_56' title='bbox 1865 1723 1934 1793; x_wconf 86' lang='lat' dir='ltr'>qua</span> <span class='ocrx_word' id='word_1_57' title='bbox 1961 1706 2045 1773; x_wconf 84' lang='lat' dir='ltr'>sunt</span> 
     </span>
     <span class='ocr_line' id='line_1_9' title="bbox 481 1822 2043 1919; baseline -0.006 -18"><span class='ocrx_word' id='word_1_58' title='bbox 481 1831 574 1903; x_wconf 91' lang='lat' dir='ltr'>lanei</span> <span class='ocrx_word' id='word_1_59' title='bbox 601 1829 843 1919; x_wconf 77' lang='lat' dir='ltr'>cinethonaleS,</span> <span class='ocrx_word' id='word_1_60' title='bbox 871 1830 953 1899; x_wconf 83' lang='lat' dir='ltr'>item</span> <span class='ocrx_word' id='word_1_61' title='bbox 982 1829 1146 1917; x_wconf 85' lang='lat' dir='ltr'>taberna,</span> <span class='ocrx_word' id='word_1_62' title='bbox 1174 1827 1257 1897; x_wconf 89' lang='lat' dir='ltr'>item</span> <span class='ocrx_word' id='word_1_63' title='bbox 1284 1826 1522 1916; x_wconf 86' lang='lat' dir='ltr'>hortulaniae,</span> <span class='ocrx_word' id='word_1_64' title='bbox 1559 1826 1603 1895; x_wconf 90' lang='lat' dir='ltr'>de</span> <span class='ocrx_word' id='word_1_65' title='bbox 1630 1827 1756 1915; x_wconf 88' lang='lat' dir='ltr'>quibus</span> <span class='ocrx_word' id='word_1_66' title='bbox 1783 1826 1944 1896; x_wconf 88' lang='lat' dir='ltr'>omnibns</span> <span class='ocrx_word' id='word_1_67' title='bbox 1971 1822 2043 1894; x_wconf 90' lang='lat' dir='ltr'>sol-</span> 
     </span>
     <span class='ocr_line' id='line_1_10' title="bbox 482 1944 2043 2037; baseline -0.006 -14"><span class='ocrx_word' id='word_1_68' title='bbox 482 1951 578 2023; x_wconf 87' lang='lat' dir='ltr'>vitur</span> <span class='ocrx_word' id='word_1_69' title='bbox 605 1956 641 2020; x_wconf 91' lang='lat' dir='ltr'>et</span> <span class='ocrx_word' id='word_1_70' title='bbox 667 1949 869 2021; x_wconf 81' lang='lat' dir='ltr'>coradueitnr</span> <span class='ocrx_word' id='word_1_71' title='bbox 896 1949 1028 2019; x_wconf 90' lang='lat' dir='ltr'>decima</span> <span class='ocrx_word' id='word_1_72' title='bbox 1055 1947 1281 2035; x_wconf 88' lang='lat' dir='ltr'>manipularis</span> <span class='ocrx_word' id='word_1_73' title='bbox 1300 1951 1335 2016; x_wconf 88' lang='lat' dir='ltr'>et</span> <span class='ocrx_word' id='word_1_74' title='bbox 1353 1948 1527 2036; x_wconf 80' lang='lat' dir='ltr'>canapalis</span> <span class='ocrx_word' id='word_1_75' title='bbox 1545 1967 1608 2035; x_wconf 93' lang='lat' dir='ltr'>pro</span> <span class='ocrx_word' id='word_1_76' title='bbox 1627 1948 1788 2037; x_wconf 86' lang='lat' dir='ltr'>episcopo</span> <span class='ocrx_word' id='word_1_77' title='bbox 1807 1944 2043 2032; x_wconf 73' lang='lat' dir='ltr'>cracoviensi,</span> 
     </span>
    </p>
   </div>
   <div class='ocr_carea' id='block_1_3' title="bbox 366 2067 2044 2280">
    <p class='ocr_par' dir='ltr' id='par_1_4' title="bbox 366 2067 2044 2280">
     <span class='ocr_line' id='line_1_11' title="bbox 369 2067 2043 2156; baseline -0.005 -14"><span class='ocrx_word' id='word_1_78' title='bbox 369 2086 377 2095; x_wconf 93' lang='grc'><em>“</em></span> <span class='ocrx_word' id='word_1_79' title='bbox 484 2079 520 2142; x_wconf 90' lang='lat' dir='ltr'>et</span> <span class='ocrx_word' id='word_1_80' title='bbox 545 2072 643 2143; x_wconf 89' lang='lat' dir='ltr'>valor</span> <span class='ocrx_word' id='word_1_81' title='bbox 677 2072 751 2142; x_wconf 87' lang='lat' dir='ltr'>eins</span> <span class='ocrx_word' id='word_1_82' title='bbox 787 2071 992 2141; x_wconf 88' lang='lat' dir='ltr'>aestimatur</span> <span class='ocrx_word' id='word_1_83' title='bbox 1026 2068 1184 2139; x_wconf 88' lang='lat' dir='ltr'>adduas</span> <span class='ocrx_word' id='word_1_84' title='bbox 1220 2088 1375 2156; x_wconf 83' lang='lat' dir='ltr'>marcas3</span> <span class='ocrx_word' id='word_1_85' title='bbox 1410 2068 1491 2138; x_wconf 83' lang='lat' dir='ltr'>item</span> <span class='ocrx_word' id='word_1_86' title='bbox 1530 2073 1584 2138; x_wconf 87' lang='lat' dir='ltr'>est</span> <span class='ocrx_word' id='word_1_87' title='bbox 1611 2068 1660 2139; x_wconf 96' lang='lat' dir='ltr'>ibi</span> <span class='ocrx_word' id='word_1_88' title='bbox 1686 2068 1871 2155; x_wconf 81' lang='lat' dir='ltr'>scoltetus,</span> <span class='ocrx_word' id='word_1_89' title='bbox 1907 2067 2043 2137; x_wconf 84' lang='lat' dir='ltr'>hahens</span> 
     </span>
     <span class='ocr_line' id='line_1_12' title="bbox 366 2187 2044 2280; baseline -0.005 -15"><span class='ocrx_word' id='word_1_90' title='bbox 366 2264 369 2272; x_wconf 89' lang='grc'><em>,</em></span> <span class='ocrx_word' id='word_1_91' title='bbox 402 2226 404 2231; x_wconf 96' lang='grc'><strong><em>·</em></strong></span> <span class='ocrx_word' id='word_1_92' title='bbox 484 2194 570 2264; x_wconf 91' lang='lat' dir='ltr'>duos</span> <span class='ocrx_word' id='word_1_93' title='bbox 597 2194 732 2280; x_wconf 88' lang='lat' dir='ltr'>laneos,</span> <span class='ocrx_word' id='word_1_94' title='bbox 761 2198 797 2261; x_wconf 92' lang='lat' dir='ltr'>et</span> <span class='ocrx_word' id='word_1_95' title='bbox 823 2214 887 2280; x_wconf 91' lang='lat' dir='ltr'>pro</span> <span class='ocrx_word' id='word_1_96' title='bbox 915 2190 1047 2261; x_wconf 88' lang='lat' dir='ltr'>decima</span> <span class='ocrx_word' id='word_1_97' title='bbox 1073 2189 1279 2279; x_wconf 88' lang='lat' dir='ltr'>manipulari</span> <span class='ocrx_word' id='word_1_98' title='bbox 1306 2210 1447 2259; x_wconf 89' lang='lat' dir='ltr'>suornm</span> <span class='ocrx_word' id='word_1_99' title='bbox 1475 2210 1647 2279; x_wconf 77' lang='lat' dir='ltr'>agroriim,</span> <span class='ocrx_word' id='word_1_100' title='bbox 1675 2210 1776 2279; x_wconf 88' lang='lat' dir='ltr'>quam</span> <span class='ocrx_word' id='word_1_101' title='bbox 1803 2193 1944 2259; x_wconf 79' lang='lat' dir='ltr'>tenetur</span> <span class='ocrx_word' id='word_1_102' title='bbox 1971 2187 2044 2258; x_wconf 91' lang='lat' dir='ltr'>sol-</span> 
     </span>
    </p>
   </div>
   <div class='ocr_carea' id='block_1_4' title="bbox 419 2310 2043 4336">
    <p class='ocr_par' dir='ltr' id='par_1_5' title="bbox 421 2310 2043 3368">
     <span class='ocr_line' id='line_1_13' title="bbox 483 2310 2043 2401; baseline -0.003 -17"><span class='ocrx_word' id='word_1_103' title='bbox 483 2334 564 2385; x_wconf 90' lang='lat' dir='ltr'>vere</span> <span class='ocrx_word' id='word_1_104' title='bbox 593 2314 774 2401; x_wconf 88' lang='lat' dir='ltr'>ecclesiae,</span> <span class='ocrx_word' id='word_1_105' title='bbox 802 2312 905 2383; x_wconf 88' lang='lat' dir='ltr'>solvit</span> <span class='ocrx_word' id='word_1_106' title='bbox 931 2332 1036 2381; x_wconf 91' lang='lat' dir='ltr'>unum</span> <span class='ocrx_word' id='word_1_107' title='bbox 1063 2310 1232 2382; x_wconf 82' lang='lat' dir='ltr'>fertonem</span> <span class='ocrx_word' id='word_1_108' title='bbox 1260 2310 1424 2381; x_wconf 88' lang='lat' dir='ltr'>ecclesiae</span> <span class='ocrx_word' id='word_1_109' title='bbox 1451 2311 1486 2380; x_wconf 94' lang='lat' dir='ltr'>in</span> <span class='ocrx_word' id='word_1_110' title='bbox 1513 2310 1803 2400; x_wconf 87' lang='lat' dir='ltr'>Zrzanczyn;</span> <span class='ocrx_word' id='word_1_111' title='bbox 1830 2310 1913 2381; x_wconf 85' lang='lat' dir='ltr'>itenr</span> <span class='ocrx_word' id='word_1_112' title='bbox 1941 2310 2043 2380; x_wconf 83' lang='lat' dir='ltr'>iuxta</span> 
     </span>
     <span class='ocr_line' id='line_1_14' title="bbox 482 2431 2042 2526; baseline -0.003 -21"><span class='ocrx_word' id='word_1_113' title='bbox 482 2434 706 2505; x_wconf 86' lang='lat' dir='ltr'>assertionem</span> <span class='ocrx_word' id='word_1_114' title='bbox 735 2432 946 2521; x_wconf 87' lang='lat' dir='ltr'>aliquorum,</span> <span class='ocrx_word' id='word_1_115' title='bbox 974 2432 1009 2500; x_wconf 92' lang='lat' dir='ltr'>in</span> <span class='ocrx_word' id='word_1_116' title='bbox 1037 2438 1184 2526; x_wconf 82' lang='lat' dir='ltr'>utraque</span> <span class='ocrx_word' id='word_1_117' title='bbox 1211 2431 1421 2502; x_wconf 87' lang='lat' dir='ltr'>Polanka</span> <span class='ocrx_word' id='word_1_118' title='bbox 1447 2453 1555 2522; x_wconf 90' lang='lat' dir='ltr'>prope</span> <span class='ocrx_word' id='word_1_119' title='bbox 1574 2432 1690 2505; x_wconf 88' lang='lat' dir='ltr'>villam</span> <span class='ocrx_word' id='word_1_120' title='bbox 1717 2432 2042 2520; x_wconf 78' lang='lat' dir='ltr'>Zarnowyecz,</span> 
     </span>
     <span class='ocr_line' id='line_1_15' title="bbox 483 2552 2043 2645; baseline -0.002 -20"><span class='ocrx_word' id='word_1_121' title='bbox 483 2554 702 2645; x_wconf 85' lang='lat' dir='ltr'>episcopatus</span> <span class='ocrx_word' id='word_1_122' title='bbox 739 2552 979 2624; x_wconf 83' lang='lat' dir='ltr'>Cracoviensis</span> <span class='ocrx_word' id='word_1_123' title='bbox 1014 2553 1106 2623; x_wconf 91' lang='lat' dir='ltr'>tollit</span> <span class='ocrx_word' id='word_1_124' title='bbox 1142 2552 1292 2623; x_wconf 89' lang='lat' dir='ltr'>decimas</span> <span class='ocrx_word' id='word_1_125' title='bbox 1328 2574 1391 2642; x_wconf 90' lang='lat' dir='ltr'>pro</span> <span class='ocrx_word' id='word_1_126' title='bbox 1419 2573 1481 2623; x_wconf 90' lang='lat' dir='ltr'>sua</span> <span class='ocrx_word' id='word_1_127' title='bbox 1508 2574 1644 2643; x_wconf 91' lang='lat' dir='ltr'>mensa,</span> <span class='ocrx_word' id='word_1_128' title='bbox 1680 2574 1826 2643; x_wconf 89' lang='lat' dir='ltr'>quarum</span> <span class='ocrx_word' id='word_1_129' title='bbox 1860 2552 2043 2641; x_wconf 84' lang='lat' dir='ltr'>perceptio</span> 
     </span>
     <span class='ocr_line' id='line_1_16' title="bbox 484 2671 2043 2763; baseline -0.003 -18"><span class='ocrx_word' id='word_1_130' title='bbox 484 2676 626 2747; x_wconf 88' lang='lat' dir='ltr'>deberet</span> <span class='ocrx_word' id='word_1_131' title='bbox 653 2675 696 2745; x_wconf 86' lang='lat' dir='ltr'>ad</span> <span class='ocrx_word' id='word_1_132' title='bbox 724 2674 902 2745; x_wconf 86' lang='lat' dir='ltr'>ecclesiam</span> <span class='ocrx_word' id='word_1_133' title='bbox 930 2674 966 2743; x_wconf 95' lang='lat' dir='ltr'>in</span> <span class='ocrx_word' id='word_1_134' title='bbox 1001 2672 1269 2763; x_wconf 83' lang='lat' dir='ltr'>Zrzanczyn</span> <span class='ocrx_word' id='word_1_135' title='bbox 1297 2673 1395 2743; x_wconf 83' lang='lat' dir='ltr'>iuxta</span> <span class='ocrx_word' id='word_1_136' title='bbox 1428 2673 1614 2762; x_wconf 85' lang='lat' dir='ltr'>privilegia</span> <span class='ocrx_word' id='word_1_137' title='bbox 1648 2674 1843 2761; x_wconf 89' lang='lat' dir='ltr'>pertinere;</span> <span class='ocrx_word' id='word_1_138' title='bbox 1878 2671 1939 2741; x_wconf 90' lang='lat' dir='ltr'>sed</span> <span class='ocrx_word' id='word_1_139' title='bbox 1967 2678 2043 2740; x_wconf 83' lang='lat' dir='ltr'>tarn</span> 
     </span>
     <span class='ocr_line' id='line_1_17' title="bbox 482 2793 2043 2886; baseline -0.002 -20"><span class='ocrx_word' id='word_1_140' title='bbox 482 2796 667 2886; x_wconf 79' lang='lat' dir='ltr'>perceptio,</span> <span class='ocrx_word' id='word_1_141' title='bbox 696 2816 796 2885; x_wconf 91' lang='lat' dir='ltr'>quam</span> <span class='ocrx_word' id='word_1_142' title='bbox 824 2794 998 2885; x_wconf 90' lang='lat' dir='ltr'>possessio</span> <span class='ocrx_word' id='word_1_143' title='bbox 1034 2794 1190 2882; x_wconf 84' lang='lat' dir='ltr'>neglecta</span> <span class='ocrx_word' id='word_1_144' title='bbox 1216 2799 1287 2864; x_wconf 88' lang='lat' dir='ltr'>est:</span> <span class='ocrx_word' id='word_1_145' title='bbox 1315 2795 1395 2864; x_wconf 84' lang='lat' dir='ltr'>item</span> <span class='ocrx_word' id='word_1_146' title='bbox 1433 2794 1639 2883; x_wconf 73' lang='lat' dir='ltr'>nomndnm,</span> <span class='ocrx_word' id='word_1_147' title='bbox 1667 2794 1785 2883; x_wconf 88' lang='lat' dir='ltr'>plnres</span> <span class='ocrx_word' id='word_1_148' title='bbox 1810 2799 1912 2864; x_wconf 88' lang='lat' dir='ltr'>erant</span> <span class='ocrx_word' id='word_1_149' title='bbox 1949 2793 2043 2863; x_wconf 80' lang='lat' dir='ltr'>aliae</span> 
     </span>
     <span class='ocr_line' id='line_1_18' title="bbox 481 2914 2043 3005; baseline -0.003 -18"><span class='ocrx_word' id='word_1_150' title='bbox 481 2917 583 2988; x_wconf 82' lang='lat' dir='ltr'>uillae</span> <span class='ocrx_word' id='word_1_151' title='bbox 611 2917 655 2987; x_wconf 89' lang='lat' dir='ltr'>ad</span> <span class='ocrx_word' id='word_1_152' title='bbox 682 2917 860 2987; x_wconf 84' lang='lat' dir='ltr'>ecclesiam</span> <span class='ocrx_word' id='word_1_153' title='bbox 888 2918 923 2987; x_wconf 93' lang='lat' dir='ltr'>in</span> <span class='ocrx_word' id='word_1_154' title='bbox 951 2915 1186 3005; x_wconf 76' lang='lat' dir='ltr'>Zrzanczyn</span> <span class='ocrx_word' id='word_1_155' title='bbox 1214 2916 1289 2985; x_wconf 91' lang='lat' dir='ltr'>inre</span> <span class='ocrx_word' id='word_1_156' title='bbox 1316 2914 1508 3004; x_wconf 87' lang='lat' dir='ltr'>parochiali</span> <span class='ocrx_word' id='word_1_157' title='bbox 1534 2919 1664 2985; x_wconf 90' lang='lat' dir='ltr'>etcum</span> <span class='ocrx_word' id='word_1_158' title='bbox 1690 2914 1833 2985; x_wconf 84' lang='lat' dir='ltr'>decimis</span> <span class='ocrx_word' id='word_1_159' title='bbox 1859 2914 2043 3003; x_wconf 89' lang='lat' dir='ltr'>pertinen·</span> 
     </span>
     <span class='ocr_line' id='line_1_19' title="bbox 421 3036 2041 3135; baseline -0.001 -28"><span class='ocrx_word' id='word_1_160' title='bbox 421 3128 425 3135; x_wconf 90' lang='lat'><em>.</em></span> <span class='ocrx_word' id='word_1_161' title='bbox 481 3044 555 3127; x_wconf 90' lang='lat' dir='ltr'>tes;</span> <span class='ocrx_word' id='word_1_162' title='bbox 591 3038 651 3107; x_wconf 90' lang='lat' dir='ltr'>sed</span> <span class='ocrx_word' id='word_1_163' title='bbox 679 3058 742 3127; x_wconf 90' lang='lat' dir='ltr'>per</span> <span class='ocrx_word' id='word_1_164' title='bbox 768 3038 907 3108; x_wconf 86' lang='lat' dir='ltr'>fluvium</span> <span class='ocrx_word' id='word_1_165' title='bbox 934 3036 1066 3107; x_wconf 88' lang='lat' dir='ltr'>Jasel</span> <span class='ocrx_word' id='word_1_166' title='bbox 1094 3041 1129 3105; x_wconf 90' lang='lat' dir='ltr'>et</span> <span class='ocrx_word' id='word_1_167' title='bbox 1156 3056 1265 3124; x_wconf 88' lang='lat' dir='ltr'>aquae</span> <span class='ocrx_word' id='word_1_168' title='bbox 1301 3037 1464 3125; x_wconf 89' lang='lat' dir='ltr'>impetum</span> <span class='ocrx_word' id='word_1_169' title='bbox 1497 3036 1680 3106; x_wconf 88' lang='lat' dir='ltr'>demolitae</span> <span class='ocrx_word' id='word_1_170' title='bbox 1707 3042 1806 3124; x_wconf 84' lang='lat' dir='ltr'>sunt,</span> <span class='ocrx_word' id='word_1_171' title='bbox 1835 3041 1871 3105; x_wconf 92' lang='lat' dir='ltr'>et</span> <span class='ocrx_word' id='word_1_172' title='bbox 1897 3036 2041 3124; x_wconf 86' lang='lat' dir='ltr'>penitus</span> 
     </span>
     <span class='ocr_line' id='line_1_20' title="bbox 482 3155 2039 3245; baseline -0.001 -18"><span class='ocrx_word' id='word_1_173' title='bbox 482 3158 750 3245; x_wconf 78' lang='lat' dir='ltr'>exterminatae3</span> <span class='ocrx_word' id='word_1_174' title='bbox 786 3158 868 3227; x_wconf 89' lang='lat' dir='ltr'>item</span> <span class='ocrx_word' id='word_1_175' title='bbox 896 3158 939 3227; x_wconf 88' lang='lat' dir='ltr'>de</span> <span class='ocrx_word' id='word_1_176' title='bbox 966 3156 1161 3226; x_wconf 86' lang='lat' dir='ltr'>missalibus</span> <span class='ocrx_word' id='word_1_177' title='bbox 1198 3156 1345 3227; x_wconf 84' lang='lat' dir='ltr'>solvitur</span> <span class='ocrx_word' id='word_1_178' title='bbox 1372 3157 1483 3227; x_wconf 89' lang='lat' dir='ltr'>eidem</span> <span class='ocrx_word' id='word_1_179' title='bbox 1511 3156 1676 3227; x_wconf 89' lang='lat' dir='ltr'>ecclcsiae</span> <span class='ocrx_word' id='word_1_180' title='bbox 1703 3156 1737 3225; x_wconf 92' lang='lat' dir='ltr'>in</span> <span class='ocrx_word' id='word_1_181' title='bbox 1765 3155 2039 3245; x_wconf 75' lang='lat' dir='ltr'>Zrzanczyu</span> 
     </span>
     <span class='ocr_line' id='line_1_21' title="bbox 483 3276 1697 3368; baseline 0 -20"><span class='ocrx_word' id='word_1_182' title='bbox 483 3278 593 3368; x_wconf 88' lang='lat' dir='ltr'>siligo,</span> <span class='ocrx_word' id='word_1_183' title='bbox 620 3282 656 3349; x_wconf 92' lang='lat' dir='ltr'>et</span> <span class='ocrx_word' id='word_1_184' title='bbox 682 3278 890 3366; x_wconf 80' lang='lat' dir='ltr'>proueniunt</span> <span class='ocrx_word' id='word_1_185' title='bbox 917 3282 1052 3347; x_wconf 88' lang='lat' dir='ltr'>centnm</span> <span class='ocrx_word' id='word_1_186' title='bbox 1080 3280 1116 3348; x_wconf 89' lang='lat' dir='ltr'>et</span> <span class='ocrx_word' id='word_1_187' title='bbox 1142 3276 1235 3348; x_wconf 91' lang='lat' dir='ltr'>ultra</span> <span class='ocrx_word' id='word_1_188' title='bbox 1262 3278 1359 3349; x_wconf 90' lang='lat' dir='ltr'>chori</span> <span class='ocrx_word' id='word_1_189' title='bbox 1385 3278 1550 3348; x_wconf 89' lang='lat' dir='ltr'>ecclesiae</span> <span class='ocrx_word' id='word_1_190' title='bbox 1577 3277 1697 3348; x_wconf 87' lang='lat' dir='ltr'>eidem.</span> 
     </span>
    </p>

    <p class='ocr_par' dir='ltr' id='par_1_6' title="bbox 419 3397 2039 4336">
     <span class='ocr_line' id='line_1_22' title="bbox 586 3397 2039 3491; baseline 0.002 -24"><span class='ocrx_word' id='word_1_191' title='bbox 586 3397 851 3488; x_wconf 72' lang='lat' dir='ltr'>Korr&#39;ruown,</span> <span class='ocrx_word' id='word_1_192' title='bbox 886 3398 970 3468; x_wconf 81' lang='lat' dir='ltr'>villa</span> <span class='ocrx_word' id='word_1_193' title='bbox 997 3398 1060 3470; x_wconf 91' lang='lat' dir='ltr'>sub</span> <span class='ocrx_word' id='word_1_194' title='bbox 1098 3401 1264 3490; x_wconf 85' lang='lat' dir='ltr'>parochia</span> <span class='ocrx_word' id='word_1_195' title='bbox 1290 3400 1334 3470; x_wconf 90' lang='lat' dir='ltr'>de</span> <span class='ocrx_word' id='word_1_196' title='bbox 1361 3400 1628 3491; x_wconf 83' lang='lat' dir='ltr'>Zrzanczyn</span> <span class='ocrx_word' id='word_1_197' title='bbox 1665 3401 1750 3489; x_wconf 86' lang='lat' dir='ltr'>sita,</span> <span class='ocrx_word' id='word_1_198' title='bbox 1787 3401 1885 3470; x_wconf 91' lang='lat' dir='ltr'>cuins</span> <span class='ocrx_word' id='word_1_199' title='bbox 1911 3401 2039 3470; x_wconf 89' lang='lat' dir='ltr'>haeres</span> 
     </span>
     <span class='ocr_line' id='line_1_23' title="bbox 481 3517 2038 3610; baseline 0.001 -22"><span class='ocrx_word' id='word_1_200' title='bbox 481 3517 616 3589; x_wconf 88' lang='lat' dir='ltr'>Barnth</span> <span class='ocrx_word' id='word_1_201' title='bbox 644 3519 686 3588; x_wconf 87' lang='lat' dir='ltr'>de</span> <span class='ocrx_word' id='word_1_202' title='bbox 716 3521 821 3589; x_wconf 89' lang='lat' dir='ltr'>armis</span> <span class='ocrx_word' id='word_1_203' title='bbox 840 3573 955 3589; x_wconf 89' lang='grc'><strong>.....</strong></span> <span class='ocrx_word' id='word_1_204' title='bbox 989 3519 1030 3590; x_wconf 92' lang='lat' dir='ltr'>In</span> <span class='ocrx_word' id='word_1_205' title='bbox 1058 3541 1125 3610; x_wconf 88' lang='lat' dir='ltr'>qua</span> <span class='ocrx_word' id='word_1_206' title='bbox 1151 3528 1233 3592; x_wconf 89' lang='lat' dir='ltr'>sunt</span> <span class='ocrx_word' id='word_1_207' title='bbox 1258 3521 1350 3592; x_wconf 90' lang='lat' dir='ltr'>lanei</span> <span class='ocrx_word' id='word_1_208' title='bbox 1378 3522 1622 3610; x_wconf 89' lang='lat' dir='ltr'>cmetbonales,</span> <span class='ocrx_word' id='word_1_209' title='bbox 1648 3522 1732 3592; x_wconf 91' lang='lat' dir='ltr'>item</span> <span class='ocrx_word' id='word_1_210' title='bbox 1759 3522 1924 3610; x_wconf 85' lang='lat' dir='ltr'>taberna,</span> <span class='ocrx_word' id='word_1_211' title='bbox 1951 3522 2038 3592; x_wconf 88' lang='lat' dir='ltr'>item</span> 
     </span>
     <span class='ocr_line' id='line_1_24' title="bbox 481 3640 2037 3734; baseline 0.001 -24"><span class='ocrx_word' id='word_1_212' title='bbox 481 3640 676 3730; x_wconf 89' lang='lat' dir='ltr'>hortulani,</span> <span class='ocrx_word' id='word_1_213' title='bbox 704 3640 746 3710; x_wconf 91' lang='lat' dir='ltr'>de</span> <span class='ocrx_word' id='word_1_214' title='bbox 774 3641 897 3732; x_wconf 88' lang='lat' dir='ltr'>quibus</span> <span class='ocrx_word' id='word_1_215' title='bbox 924 3641 1071 3712; x_wconf 90' lang='lat' dir='ltr'>solvitur</span> <span class='ocrx_word' id='word_1_216' title='bbox 1097 3641 1231 3712; x_wconf 88' lang='lat' dir='ltr'>decima</span> <span class='ocrx_word' id='word_1_217' title='bbox 1248 3644 1456 3734; x_wconf 89' lang='lat' dir='ltr'>pecunialis,</span> <span class='ocrx_word' id='word_1_218' title='bbox 1483 3643 1526 3714; x_wconf 93' lang='lat' dir='ltr'>de</span> <span class='ocrx_word' id='word_1_219' title='bbox 1545 3641 1700 3733; x_wconf 90' lang='lat' dir='ltr'>quolibet</span> <span class='ocrx_word' id='word_1_220' title='bbox 1717 3642 1818 3713; x_wconf 92' lang='lat' dir='ltr'>laneo</span> <span class='ocrx_word' id='word_1_221' title='bbox 1836 3663 1926 3712; x_wconf 88' lang='lat' dir='ltr'>unns</span> <span class='ocrx_word' id='word_1_222' title='bbox 1942 3641 2037 3712; x_wconf 85' lang='lat' dir='ltr'>ferto</span> 
     </span>
     <span class='ocr_line' id='line_1_25' title="bbox 480 3761 2034 3854; baseline 0.003 -24"><span class='ocrx_word' id='word_1_223' title='bbox 480 3761 628 3832; x_wconf 89' lang='lat' dir='ltr'>latorum</span> <span class='ocrx_word' id='word_1_224' title='bbox 657 3782 854 3851; x_wconf 82' lang='lat' dir='ltr'>grossorum</span> <span class='ocrx_word' id='word_1_225' title='bbox 883 3761 1127 3853; x_wconf 89' lang='lat' dir='ltr'>Pragensinm‚</span> <span class='ocrx_word' id='word_1_226' title='bbox 1156 3765 1391 3834; x_wconf 86' lang='lat' dir='ltr'>asserentibus</span> <span class='ocrx_word' id='word_1_227' title='bbox 1418 3764 1504 3853; x_wconf 91' lang='lat' dir='ltr'>aliis,</span> <span class='ocrx_word' id='word_1_228' title='bbox 1532 3764 1625 3854; x_wconf 88' lang='lat' dir='ltr'>qnod</span> <span class='ocrx_word' id='word_1_229' title='bbox 1651 3764 1797 3834; x_wconf 82' lang='lat' dir='ltr'>deberet</span> <span class='ocrx_word' id='word_1_230' title='bbox 1822 3764 1911 3834; x_wconf 89' lang='lat' dir='ltr'>solvi</span> <span class='ocrx_word' id='word_1_231' title='bbox 1939 3763 2034 3834; x_wconf 86' lang='lat' dir='ltr'>deci·</span> 
     </span>
     <span class='ocr_line' id='line_1_26' title="bbox 419 3883 2034 3974; baseline -0.002 -17"><span class='ocrx_word' id='word_1_232' title='bbox 419 3953 421 3957; x_wconf 79' lang='grc'>,</span> <span class='ocrx_word' id='word_1_233' title='bbox 479 3903 536 3952; x_wconf 87' lang='lat' dir='ltr'>rna</span> <span class='ocrx_word' id='word_1_234' title='bbox 561 3883 785 3972; x_wconf 90' lang='lat' dir='ltr'>manipularis</span> <span class='ocrx_word' id='word_1_235' title='bbox 804 3905 867 3973; x_wconf 94' lang='lat' dir='ltr'>pro</span> <span class='ocrx_word' id='word_1_236' title='bbox 887 3884 1031 3954; x_wconf 88' lang='lat' dir='ltr'>ecclesia</span> <span class='ocrx_word' id='word_1_237' title='bbox 1058 3883 1177 3955; x_wconf 88' lang='lat' dir='ltr'>Sancti</span> <span class='ocrx_word' id='word_1_238' title='bbox 1195 3883 1351 3954; x_wconf 84' lang='lat' dir='ltr'>Floriani</span> <span class='ocrx_word' id='word_1_239' title='bbox 1377 3885 1413 3954; x_wconf 91' lang='lat' dir='ltr'>in</span> <span class='ocrx_word' id='word_1_240' title='bbox 1430 3883 1633 3974; x_wconf 87' lang='lat' dir='ltr'>Kleparz:</span> <span class='ocrx_word' id='word_1_241' title='bbox 1660 3886 1744 3955; x_wconf 89' lang='lat' dir='ltr'>item</span> <span class='ocrx_word' id='word_1_242' title='bbox 1771 3885 1951 3974; x_wconf 88' lang='lat' dir='ltr'>praedium</span> <span class='ocrx_word' id='word_1_243' title='bbox 1971 3939 1979 3953; x_wconf 90' lang='lat'><strong>.</strong></span> <span class='ocrx_word' id='word_1_244' title='bbox 1999 3939 2034 3954; x_wconf 87' lang='lat'>..</span> 
     </span>
     <span class='ocr_line' id='line_1_27' title="bbox 479 3999 2038 4097; baseline 0.004 -27"><span class='ocrx_word' id='word_1_245' title='bbox 479 3999 565 4072; x_wconf 86' lang='lat' dir='ltr'>Item</span> <span class='ocrx_word' id='word_1_246' title='bbox 593 4007 647 4072; x_wconf 89' lang='lat' dir='ltr'>est</span> <span class='ocrx_word' id='word_1_247' title='bbox 673 4003 721 4073; x_wconf 95' lang='lat' dir='ltr'>ibi</span> <span class='ocrx_word' id='word_1_248' title='bbox 749 4003 906 4074; x_wconf 88' lang='lat' dir='ltr'>scoltetia</span> <span class='ocrx_word' id='word_1_249' title='bbox 932 4004 1064 4074; x_wconf 89' lang='lat' dir='ltr'>habens</span> <span class='ocrx_word' id='word_1_250' title='bbox 1092 4004 1178 4075; x_wconf 91' lang='lat' dir='ltr'>dnos</span> <span class='ocrx_word' id='word_1_251' title='bbox 1204 4004 1342 4094; x_wconf 74' lang='lat' dir='ltr'>lane0S,</span> <span class='ocrx_word' id='word_1_252' title='bbox 1379 4026 1468 4094; x_wconf 79' lang='lat' dir='ltr'>qnae</span> <span class='ocrx_word' id='word_1_253' title='bbox 1494 4027 1558 4097; x_wconf 94' lang='lat' dir='ltr'>pro</span> <span class='ocrx_word' id='word_1_254' title='bbox 1585 4006 1718 4076; x_wconf 90' lang='lat' dir='ltr'>decima</span> <span class='ocrx_word' id='word_1_255' title='bbox 1753 4006 1963 4095; x_wconf 89' lang='lat' dir='ltr'>manipulari</span> <span class='ocrx_word' id='word_1_256' title='bbox 1990 4006 2038 4076; x_wconf 87' lang='lat' dir='ltr'>ad</span> 
     </span>
     <span class='ocr_line' id='line_1_28' title="bbox 480 4102 2033 4218; baseline 0.003 -26"><span class='ocrx_word' id='word_1_257' title='bbox 480 4141 582 4210; x_wconf 88' lang='lat' dir='ltr'>quam</span> <span class='ocrx_word' id='word_1_258' title='bbox 610 4123 800 4212; x_wconf 87' lang='lat' dir='ltr'>obligatur,</span> <span class='ocrx_word' id='word_1_259' title='bbox 828 4123 932 4194; x_wconf 90' lang='lat' dir='ltr'>solvit</span> <span class='ocrx_word' id='word_1_260' title='bbox 957 4125 1170 4214; x_wconf 87' lang='lat' dir='ltr'>pecunialem</span> <span class='ocrx_word' id='word_1_261' title='bbox 1198 4126 1233 4196; x_wconf 94' lang='lat' dir='ltr'>in</span> <span class='ocrx_word' id='word_1_262' title='bbox 1260 4102 1528 4218; x_wconf 78' lang='lat' dir='ltr'>Zrzanczyn</span> <span class='ocrx_word' id='word_1_263' title='bbox 1555 4126 1599 4198; x_wconf 91' lang='lat' dir='ltr'>de</span> <span class='ocrx_word' id='word_1_264' title='bbox 1625 4127 1781 4218; x_wconf 85' lang='lat' dir='ltr'>quolibet</span> <span class='ocrx_word' id='word_1_265' title='bbox 1807 4127 1909 4198; x_wconf 90' lang='lat' dir='ltr'>laneo</span> <span class='ocrx_word' id='word_1_266' title='bbox 1936 4127 2033 4198; x_wconf 90' lang='lat' dir='ltr'>simi·</span> 
     </span>
     <span class='ocr_line' id='line_1_29' title="bbox 479 4241 1297 4336; baseline 0.005 -24"><span class='ocrx_word' id='word_1_267' title='bbox 479 4241 560 4312; x_wconf 90' lang='lat' dir='ltr'>liter</span> <span class='ocrx_word' id='word_1_268' title='bbox 587 4264 690 4314; x_wconf 90' lang='lat' dir='ltr'>unum</span> <span class='ocrx_word' id='word_1_269' title='bbox 718 4243 886 4316; x_wconf 80' lang='lat' dir='ltr'>fertonem</span> <span class='ocrx_word' id='word_1_270' title='bbox 912 4244 1062 4316; x_wconf 90' lang='lat' dir='ltr'>latorum</span> <span class='ocrx_word' id='word_1_271' title='bbox 1088 4267 1297 4336; x_wconf 81' lang='lat' dir='ltr'>grossorum.</span> 
     </span>
    </p>
   </div>
   <div class='ocr_carea' id='block_1_5' title="bbox 1091 4471 1421 4544">
    <p class='ocr_par' dir='ltr' id='par_1_7' title="bbox 1091 4471 1421 4544">
     <span class='ocr_line' id='line_1_30' title="bbox 1091 4471 1421 4544; baseline 0 -2"><span class='ocrx_word' id='word_1_272' title='bbox 1091 4471 1421 4544; x_wconf 78' lang='lat' dir='ltr'>Domanrnowrczn.</span> 
     </span>
    </p>
   </div>
   <div class='ocr_carea' id='block_1_6' title="bbox 409 4972 2048 5791">
    <p class='ocr_par' dir='ltr' id='par_1_8' title="bbox 409 4972 2048 5791">
     <span class='ocr_line' id='line_1_31' title="bbox 1166 4972 1341 5044; baseline 0 0"><span class='ocrx_word' id='word_1_273' title='bbox 1166 4972 1341 5044; x_wconf 80' lang='lat' dir='ltr'>Jnssrnn.</span> 
     </span>
     <span class='ocr_line' id='line_1_32' title="bbox 579 5090 2025 5186; baseline 0.003 -23"><span class='ocrx_word' id='word_1_274' title='bbox 579 5090 750 5183; x_wconf 87' lang='lat' dir='ltr'>Oppidum</span> <span class='ocrx_word' id='word_1_275' title='bbox 777 5093 909 5164; x_wconf 89' lang='lat' dir='ltr'>habens</span> <span class='ocrx_word' id='word_1_276' title='bbox 936 5094 971 5163; x_wconf 92' lang='lat' dir='ltr'>in</span> <span class='ocrx_word' id='word_1_277' title='bbox 1000 5113 1036 5163; x_wconf 89' lang='lat' dir='ltr'>se</span> <span class='ocrx_word' id='word_1_278' title='bbox 1064 5094 1243 5164; x_wconf 87' lang='lat' dir='ltr'>ecelesiam</span> <span class='ocrx_word' id='word_1_279' title='bbox 1271 5094 1514 5185; x_wconf 88' lang='lat' dir='ltr'>parochialem,</span> <span class='ocrx_word' id='word_1_280' title='bbox 1532 5093 1637 5166; x_wconf 81' lang='lat' dir='ltr'>Sanct</span> <span class='ocrx_word' id='word_1_281' title='bbox 1656 5150 1690 5165; x_wconf 90' lang='lat'>..</span> <span class='ocrx_word' id='word_1_282' title='bbox 1718 5151 1725 5165; x_wconf 89' lang='lat'>.</span> <span class='ocrx_word' id='word_1_283' title='bbox 1752 5096 1912 5186; x_wconf 84' lang='lat' dir='ltr'>dicatam,</span> <span class='ocrx_word' id='word_1_284' title='bbox 1931 5097 2025 5167; x_wconf 87' lang='lat' dir='ltr'>cuins</span> 
     </span>
     <span class='ocr_line' id='line_1_33' title="bbox 409 5207 2025 5304; baseline 0.004 -22"><span class='ocrx_word' id='word_1_285' title='bbox 409 5207 411 5218; x_wconf 79' lang='grc'>’</span> <span class='ocrx_word' id='word_1_286' title='bbox 474 5213 598 5284; x_wconf 89' lang='lat' dir='ltr'>haeres</span> <span class='ocrx_word' id='word_1_287' title='bbox 633 5215 872 5285; x_wconf 87' lang='lat' dir='ltr'>screnissimus</span> <span class='ocrx_word' id='word_1_288' title='bbox 899 5214 1063 5286; x_wconf 91' lang='lat' dir='ltr'>Poloniae</span> <span class='ocrx_word' id='word_1_289' title='bbox 1090 5235 1171 5304; x_wconf 84' lang='lat' dir='ltr'>rex,</span> <span class='ocrx_word' id='word_1_290' title='bbox 1198 5215 1295 5286; x_wconf 81' lang='lat' dir='ltr'>cniirs</span> <span class='ocrx_word' id='word_1_291' title='bbox 1323 5216 1479 5297; x_wconf 87' lang='lat' dir='ltr'>consules</span> <span class='ocrx_word' id='word_1_292' title='bbox 1507 5223 1543 5286; x_wconf 92' lang='lat' dir='ltr'>et</span> <span class='ocrx_word' id='word_1_293' title='bbox 1568 5223 1645 5287; x_wconf 92' lang='lat' dir='ltr'>tota</span> <span class='ocrx_word' id='word_1_294' title='bbox 1672 5217 1901 5287; x_wconf 87' lang='lat' dir='ltr'>communitas</span> <span class='ocrx_word' id='word_1_295' title='bbox 1928 5218 2025 5288; x_wconf 89' lang='lat' dir='ltr'>annis</span> 
     </span>
     <span class='ocr_line' id='line_1_34' title="bbox 474 5333 2023 5428; baseline 0.004 -25"><span class='ocrx_word' id='word_1_296' title='bbox 474 5333 619 5424; x_wconf 85' lang='lat' dir='ltr'>singulis</span> <span class='ocrx_word' id='word_1_297' title='bbox 655 5336 789 5407; x_wconf 89' lang='lat' dir='ltr'>solvere</span> <span class='ocrx_word' id='word_1_298' title='bbox 816 5341 955 5406; x_wconf 89' lang='lat' dir='ltr'>tenetur</span> <span class='ocrx_word' id='word_1_299' title='bbox 982 5336 1149 5407; x_wconf 89' lang='lat' dir='ltr'>ecclesiae</span> <span class='ocrx_word' id='word_1_300' title='bbox 1175 5343 1212 5407; x_wconf 88' lang='lat' dir='ltr'>et</span> <span class='ocrx_word' id='word_1_301' title='bbox 1238 5338 1386 5426; x_wconf 85' lang='lat' dir='ltr'>plebano</span> <span class='ocrx_word' id='word_1_302' title='bbox 1415 5339 1449 5408; x_wconf 93' lang='lat' dir='ltr'>in</span> <span class='ocrx_word' id='word_1_303' title='bbox 1476 5337 1744 5428; x_wconf 74' lang='lat' dir='ltr'>Zrzanczyn</span> <span class='ocrx_word' id='word_1_304' title='bbox 1771 5345 1845 5409; x_wconf 89' lang='lat' dir='ltr'>tres</span> <span class='ocrx_word' id='word_1_305' title='bbox 1872 5337 2023 5410; x_wconf 82' lang='lat' dir='ltr'>fertones</span> 
     </span>
     <span class='ocr_line' id='line_1_35' title="bbox 473 5455 2048 5556; baseline 0.005 -34"><span class='ocrx_word' id='word_1_306' title='bbox 473 5455 607 5526; x_wconf 90' lang='lat' dir='ltr'>ratione</span> <span class='ocrx_word' id='word_1_307' title='bbox 635 5463 783 5545; x_wconf 84' lang='lat' dir='ltr'>quatuor</span> <span class='ocrx_word' id='word_1_308' title='bbox 810 5479 983 5548; x_wconf 79' lang='lat' dir='ltr'>agrorum,</span> <span class='ocrx_word' id='word_1_309' title='bbox 1011 5457 1046 5527; x_wconf 95' lang='lat' dir='ltr'>in</span> <span class='ocrx_word' id='word_1_310' title='bbox 1074 5458 1199 5548; x_wconf 89' lang='lat' dir='ltr'>quibus</span> <span class='ocrx_word' id='word_1_311' title='bbox 1227 5459 1319 5530; x_wconf 88' lang='lat' dir='ltr'>cives</span> <span class='ocrx_word' id='word_1_312' title='bbox 1347 5459 1414 5548; x_wconf 92' lang='lat' dir='ltr'>ipsi</span> <span class='ocrx_word' id='word_1_313' title='bbox 1432 5459 1563 5531; x_wconf 92' lang='lat' dir='ltr'>habent</span> <span class='ocrx_word' id='word_1_314' title='bbox 1581 5461 1712 5556; x_wconf 83' lang='lat' dir='ltr'>hortos,</span> <span class='ocrx_word' id='word_1_315' title='bbox 1729 5460 1765 5529; x_wconf 95' lang='lat' dir='ltr'>in</span> <span class='ocrx_word' id='word_1_316' title='bbox 1784 5460 1910 5550; x_wconf 90' lang='lat' dir='ltr'>quibus</span> <span class='ocrx_word' id='word_1_317' title='bbox 1929 5461 2048 5549; x_wconf 42' lang='lat' dir='ltr'>plan,</span> 
     </span>
     <span class='ocr_line' id='line_1_36' title="bbox 474 5575 2047 5679; baseline 0.006 -38"><span class='ocrx_word' id='word_1_318' title='bbox 474 5577 569 5642; x_wconf 89' lang='lat' dir='ltr'>tatur</span> <span class='ocrx_word' id='word_1_319' title='bbox 595 5575 773 5666; x_wconf 81' lang='lat' dir='ltr'>humulus,</span> <span class='ocrx_word' id='word_1_320' title='bbox 801 5579 859 5668; x_wconf 91' lang='lat' dir='ltr'>qni</span> <span class='ocrx_word' id='word_1_321' title='bbox 887 5579 962 5669; x_wconf 84' lang='lat' dir='ltr'>agri</span> <span class='ocrx_word' id='word_1_322' title='bbox 989 5577 1182 5650; x_wconf 90' lang='lat' dir='ltr'>reddebant</span> <span class='ocrx_word' id='word_1_323' title='bbox 1208 5579 1375 5648; x_wconf 89' lang='lat' dir='ltr'>decimam</span> <span class='ocrx_word' id='word_1_324' title='bbox 1402 5580 1579 5679; x_wconf 85' lang='lat' dir='ltr'>praefatae</span> <span class='ocrx_word' id='word_1_325' title='bbox 1607 5581 1773 5650; x_wconf 88' lang='lat' dir='ltr'>ecclesiae</span> <span class='ocrx_word' id='word_1_326' title='bbox 1800 5580 1836 5649; x_wconf 87' lang='lat' dir='ltr'>in</span> <span class='ocrx_word' id='word_1_327' title='bbox 1861 5579 2047 5664; x_wconf 68' lang='lat' dir='ltr'>Zrzan-,</span> 
     </span>
     <span class='ocr_line' id='line_1_37' title="bbox 474 5699 2021 5791; baseline 0.005 -27"><span class='ocrx_word' id='word_1_328' title='bbox 474 5713 594 5785; x_wconf 87' lang='lat' dir='ltr'>czyn,</span> <span class='ocrx_word' id='word_1_329' title='bbox 622 5716 709 5783; x_wconf 88' lang='lat' dir='ltr'>quae</span> <span class='ocrx_word' id='word_1_330' title='bbox 734 5719 797 5786; x_wconf 88' lang='lat' dir='ltr'>per</span> <span class='ocrx_word' id='word_1_331' title='bbox 824 5699 1019 5770; x_wconf 90' lang='lat' dir='ltr'>huiusmodi</span> <span class='ocrx_word' id='word_1_332' title='bbox 1045 5704 1119 5769; x_wconf 92' lang='lat' dir='ltr'>tres</span> <span class='ocrx_word' id='word_1_333' title='bbox 1145 5699 1297 5769; x_wconf 80' lang='lat' dir='ltr'>fertones</span> <span class='ocrx_word' id='word_1_334' title='bbox 1323 5707 1575 5789; x_wconf 89' lang='lat' dir='ltr'>compensatur.</span> <span class='ocrx_word' id='word_1_335' title='bbox 1610 5701 1701 5772; x_wconf 88' lang='lat' dir='ltr'>Item</span> <span class='ocrx_word' id='word_1_336' title='bbox 1727 5700 1873 5790; x_wconf 89' lang='lat' dir='ltr'>quilibet</span> <span class='ocrx_word' id='word_1_337' title='bbox 1898 5701 2021 5791; x_wconf 88' lang='lat' dir='ltr'>hospes</span> 
     </span>
    </p>
   </div>
   <div class='ocr_carea' id='block_1_7' title="bbox 0 0 2280 6600">
    <p class='ocr_par' dir='ltr' id='par_1_9' title="bbox 0 0 2280 6600">
     <span class='ocr_line' id='line_1_38' title="bbox 0 0 2280 6600; baseline 0 0"><span class='ocrx_word' id='word_1_338' title='bbox 0 0 2280 6600; x_wconf 95' lang='lat' dir='ltr'> </span> 
     </span>
    </p>
   </div>
  </div>
 </body>
</html>
