4550 6600
400 738 536 832 'aa

488 972 524 1036 et
550 963 648 1035 valor
675 962 748 1033 eius
776 961 821 1031 ad
847 958 933 1031 duas
960 977 1105 1029 marcas.
1132 956 1220 1029 Item
1249 955 1394 1046 quilibet
1419 954 1556 1027 cmetho
1583 954 1626 1025 de
1644 953 1744 1025 laneo
1771 952 1876 1025 soluit
1901 951 2041 1025 ratione

486 1083 618 1154 manaae
648 1080 813 1153 ecclesiae
848 1101 953 1151 uuam
984 1098 1183 1163 mensuram
1219 1076 1367 1167 siliginis
1402 1082 1440 1149 et
1475 1076 1579 1148 aliam
1615 1095 1745 1147 avenae
1779 1093 1964 1147 mensurae
1995 1071 2039 1143 de

488 1203 767 1295 Zarhowyecz.

449 1406 456 1417 ¹
591 1376 776 1393 ......
802 1321 898 1394 Villa
925 1322 989 1392 sub
1016 1319 1182 1413 parochia
1209 1318 1252 1390 de
1278 1337 1347 1389 uua
1372 1322 1473 1409 parte
1508 1317 1612 1389 villae
1638 1318 1675 1389 in
1702 1316 1884 1409 Ghlyua
1911 1322 1949 1389 et
1974 1338 2039 1407 pro

487 1444 557 1517 alia
582 1444 769 1518 medietate
795 1443 832 1513 in
859 1442 1114 1532 Thczycza,
1151 1440 1248 1511 cuius
1282 1440 1479 1530 proprietas
1506 1438 1554 1511 ad·
1577 1438 1835 1509 serenissimum
1874 1438 2042 1510 Polouiae

486 1585 604 1655 regem
631 1564 802 1655 pertinet,
829 1564 866 1633 in
894 1583 962 1653 qua
989 1567 1070 1633 suut
1095 1560 1188 1633 lanei
1214 1560 1458 1650 cmethonales‚
1486 1558 1529 1630 de
1557 1559 1682 1649 quibus
1696 1558 1843 1631 solvitur
1859 1563 1896 1629 et
1913 1558 2042 1629 condu-

486 1688 577 1758 citur
605 1686 737 1756 decima
762 1684 987 1773 manipularis
1015 1688 1052 1753 et
1079 1682 1255 1771 canapalis
1281 1702 1372 1771 pro,
1392 1734 1502 1751 .....
1528 1679 1617 1750 Item
1637 1679 1804 1751 medietas
1832 1680 1919 1769 ipsa,
1949 1699 2039 1769 quae

362 1891 367 1901 ,
486 1807 638 1897 pertinet
673 1805 717 1877 ad
761 1804 961 1896 parochiam
996 1804 1032 1874 iu
1073 1801 1267 1894 Chlyua,
1305 1802 1409 1873 solvit
1448 1802 1595 1891 plebano
1631 1800 1667 1871 in
1703 1798 1872 1892 Ghlyna
1906 1801 2043 1871 ratione

485 1944 619 1999 mauzae
644 1946 749 1997 unam
774 1944 927 1997 marcam
953 1924 990 1995 in
1017 1944 1159 1995 summa.
1186 1923 1266 1993 Alia
1283 1928 1400 1993 autem
1417 1922 1585 1993 medietas
1603 1921 1756 2011 pertinet
1779 1920 1825 1991 ad
1841 1921 2042 2011 parochiam

487 2048 524 2119 in
552 2046 786 2139 Thsczycza
812 2045 917 2117 solvit
934 2045 1039 2116 etiam
1061 2044 1197 2115 ratione
1220 2064 1352 2114 nomana
1378 2043 1527 2133 plebano
1553 2042 1683 2114 ibidem
1709 2042 1748 2112 iu
1776 2041 2043 2131 Thszczycza

592 2168 740 2257 Unonz,
776 2167 859 2237 villa
886 2166 949 2237 sub
984 2164 1151 2255 parochia
1176 2162 1219 2235 de
1247 2162 1425 2255 Ghlyna
1459 2162 1546 2254 sita,
1582 2163 1678 2233 cuius
1713 2163 1839 2233 haeres
1875 2162 2042 2233 Nicolaus
2099 2157 2104 2169 '

487 2288 724 2380 Dlugosch
758 2286 1038 2377 Bambelsky
1068 2284 1116 2361 ¹de
1152 2283 1253 2356 domo
1288 2283 1577 2376 Wyenyawa‚
1620 2284 1656 2355 iu
1693 2304 1761 2375 qua
1796 2288 1878 2355 sunt
1914 2283 2040 2372 viginti

489 2410 640 2501 quinque
668 2407 760 2479 lanei
787 2406 1031 2495 cmethonaleS,
1059 2406 1101 2477 de
1120 2406 1246 2494 quibus
1265 2404 1423 2475 omuibus
1450 2404 1598 2476 solvitur
1624 2409 1660 2475 et
1678 2403 1881 2475 conducitur
1908 2403 2043 2473 decima

486 2528 712 2621 manipularis
748 2532 783 2598 et
818 2548 881 2619 per
920 2532 1069 2617 quatuor
1104 2526 1244 2616 ierugas
1289 2524 1465 2615 canapalis
1510 2524 1675 2596 coenobio
1720 2523 2038 2595 Sanctimonialium

488 2650 607 2723 Sancti
642 2648 804 2720 Andreae
840 2648 876 2718 in
903 2646 1148 2737 Gracovia,
1184 2646 1281 2718 cuius
1308 2646 1406 2717 valor
1433 2645 1478 2717 ad
1504 2646 1622 2717 decem
1657 2664 1792 2717 mareas
1827 2644 2043 2732 aestimatur,

487 2772 571 2843 item
599 2775 680 2842 suut
705 2769 756 2841 ibi
782 2767 870 2839 duae
896 2768 1081 2859 tabernae,
1117 2767 1287 2839 habentes
1315 2786 1432 2855 agros,
1469 2739 1506 2836 e‘t
1532 2766 1673 2864 solvunt
1700 2764 1873 2837 decimam
1909 2764 2048 2851 eisdem¹

488 2890 806 2967 sanctImonialibus
833 2890 868 2959 in
893 2885 1118 2983 poairbwom,
1154 2894 1296 2979 praeter
1323 2909 1428 2958 unum
1456 2907 1614 2977 campum
1650 2886 1753 2957 unius
1779 2888 1969 2975 tabernae,
2000 2885 2041 2955 de

490 3035 557 3107 quo
585 3012 778 3084 decimatur
804 3009 968 3081 ecclesiae
995 3010 1031 3079 in
1058 3007 1253 3098 Ghlyna,
1290 3013 1372 3079 sunt
1397 3007 1485 3079 duae
1512 3007 1755 3097 hortulauiae,
1774 3028 1845 3079 non
1871 3008 2041 3078 habentes

489 3154 603 3224 agros
630 3133 713 3203 item
739 3129 937 3201 molendina
963 3128 1040 3218 tria,
1068 3127 1136 3198 duo
1155 3128 1322 3199 habentia
1339 3148 1452 3219 agros,
1479 3128 1522 3199 de
1542 3129 1667 3219 quibus
1686 3127 1858 3199 decimant
1876 3128 2043 3199 ecelesiae

488 3255 525 3326 iu
552 3252 727 3346 Ghlyua,
755 3248 848 3321 aliud
875 3270 944 3320 non
971 3249 1077 3322 habet
1099 3244 1216 3340 agros.
1247 3248 1336 3320 Item
1363 3254 1417 3320 est
1442 3250 1492 3322 ibi
1518 3271 1624 3322 unum
1646 3249 1845 3340 praedium,
1872 3248 1916 3320 de
1943 3249 2042 3320 cuius

488 3373 583 3463 agris
610 3371 802 3442 decimatur
829 3369 993 3441 ecclesiae
1020 3371 1056 3440 in
1084 3368 1270 3460 Ghlyna.
1305 3369 1393 3441 Item
1420 3392 1539 3444 omnes
1566 3371 1764 3444 cmethoues
1792 3371 1933 3443 solvunt
1959 3371 2042 3440 mis·

488 3493 576 3565 salia
601 3512 665 3583 per
692 3511 752 3562 sex
778 3510 920 3580 grossos
946 3490 1111 3562 ecclesiae
1138 3496 1174 3561 et
1199 3490 1348 3580 plebano
1374 3491 1411 3560 in
1438 3490 1631 3582 Chlyna,
1657 3493 1898 3563 tabernatores
1925 3498 2042 3562 autem

492 3619 529 3684 et
555 3611 847 3684 molendinatores
875 3609 1009 3682 ratione
1036 3610 1301 3684 columbationis
1329 3611 1469 3684 solvunt
1494 3595 1691 3703 perunum
1716 3634 1885 3704 grossum.

1121 3731 1416 3804 Dzrnnscmrow.

595 3853 706 3946 Villa,
742 3854 874 3928 habens
910 3853 945 3924 in
973 3875 1010 3925 se
1037 3854 1271 3943 parochialem
1308 3855 1487 3926 ecclesiam
1521 3853 1689 3947 ligneam,
1724 3853 1871 3926 Sanctae
1905 3853 2043 3928 Mariae

489 3974 729 4066 Assumptioni
755 3980 791 4045 et
818 3975 945 4046 Sancto
972 3973 1141 4046 Clementi
1167 3975 1335 4064 dicatam,
1362 3976 1459 4046 cuius
1485 3976 1681 4066 proprietas
1700 3975 1745 4046 ad
1762 3977 2042 4066 praeposituram

490 4093 754 4166 Oracoviensem
772 4100 808 4164 et
826 4094 963 4164 adeius
981 4095 1218 4184 praepositum
1236 4115 1299 4184 pro
1318 4099 1474 4183 tempore
1500 4096 1669 4186 pertinet,
1697 4096 1794 4166 cuius
1821 4098 2042 4188 praepositus

491 4212 729 4286 Cracoviensis
748 4233 812 4302 pro
830 4219 986 4304 tempore
1014 4219 1068 4284 est
1094 4214 1215 4284 unicus
1243 4214 1389 4285 collator
1416 4220 1453 4285 et
1470 4220 1655 4305 patronus,
1682 4217 1719 4287 in
1738 4238 1806 4308 qua
1823 4224 1906 4288 sunt
1924 4218 2043 4290 decem

491 4334 584 4406 lanei
603 4332 853 4422 cmethonales‚
880 4333 964 4404 item
982 4332 1070 4404 duae
1088 4333 1263 4425 tabernae,
1281 4332 1449 4406 habentes
1468 4357 1581 4428 agros,
1600 4339 1684 4408 item
1703 4337 1791 4408 duae
1809 4339 2042 4430 hortulaniae,

489 4456 657 4528 habentes
684 4473 805 4544 agros,
840 4453 924 4524 item
950 4475 1057 4524 uuum
1083 4454 1317 4526 molendinum
1343 4455 1379 4525 in
1405 4455 1508 4528 fluvio
1545 4458 1578 4528 N
1587 4458 1683 4550 ida,
1718 4459 1850 4531 habens
1876 4479 1983 4550 agros
2009 4466 2044 4531 et

489 4583 609 4668 prata,
636 4575 720 4647 item
747 4580 802 4645 est
828 4573 877 4646 ibi
904 4596 1009 4645 unum
1035 4575 1217 4665 praedium
1251 4575 1387 4666 largum
1414 4584 1450 4648 et
1475 4579 1621 4670 bouum,
1658 4577 1701 4650 de
1728 4581 1854 4670 quibus
1881 4582 2042 4653 omuibus

490 4699 622 4789 absque
648 4695 876 4769 diminutione
911 4695 1059 4768 solvitur
1086 4700 1122 4767 et
1148 4696 1352 4768 conducitur
1387 4695 1520 4770 decima
1548 4700 1775 4788 manipularis
1803 4705 1837 4771 et
1863 4703 2041 4792 canapalis
2133 4763 2143 4778 .

454 4902 458 4912 1
490 4839 554 4910 pro
573 4819 717 4890 ecclesia
735 4824 772 4889 et
789 4817 935 4908 plebano
963 4816 1037 4888 eius
1064 4818 1100 4888 in
1126 4817 1471 4910 Dzerzschkuw,
1499 4825 1535 4892 et
1561 4821 1660 4893 valor
1686 4822 1761 4894 eius
1788 4821 1833 4893 ad
1859 4821 2041 4894 duodecim

489 4960 624 5012 marcas
651 4939 865 5010 aestimatur.
891 4938 980 5009 item
1006 4938 1174 5028 plebanus
1202 4945 1238 5010 et
1255 4939 1399 5011 ecclesia
1424 4941 1532 5012 habet
1557 4942 1608 5012 ibi
1632 4947 1706 5012 tres
1733 4942 1951 5014 hortulauias
1978 4964 2042 5034 pro

489 5081 554 5134 sua
578 5061 811 5150 proprietate,
838 5079 942 5130 uuam
968 5059 1068 5130 iuxta
1094 5060 1250 5152 domum,
1277 5061 1381 5132 aliam
1408 5062 1501 5132 circa
1527 5068 1666 5152 pratum
1695 5061 1872 5154 allodiale,
1898 5065 2041 5134 tertiam

489 5185 570 5272 post
595 5182 736 5252 hortum
762 5181 1004 5253 tabernatoris.
1031 5181 1118 5252 Item
1146 5181 1253 5252 habet
1278 5203 1341 5272 pro
1360 5182 1502 5273 praedio
1522 5203 1583 5254 suo
1602 5205 1709 5254 unum
1726 5183 1866 5268 laneum
1891 5184 2041 5256 liberum

490 5308 527 5372 et
561 5301 632 5372 tria
665 5307 785 5393 prata,
820 5323 927 5374 unum
961 5307 1042 5392 post
1075 5301 1216 5374 fluvium
1251 5302 1386 5394 Nida,
1428 5302 1522 5375 alind
1552 5309 1633 5394 post
1667 5303 1901 5374 molendinum
1936 5305 2041 5376 uillae

488 5419 684 5513 praelatae,
711 5422 824 5496 eundo
843 5423 888 5496 ad
905 5423 1138 5495 molendinum
1164 5423 1395 5515 Bankowsky,
1421 5425 1562 5496 tertium
1590 5430 1670 5514 post
1695 5445 1798 5514 agros
1826 5425 1880 5496 sui
1907 5425 2039 5496 allodii.

594 5540 822 5633 Bruuauow,
848 5543 932 5615 villa
949 5545 1013 5616 sub
1032 5543 1197 5635 parochia
1214 5543 1257 5614 de
1283 5544 1625 5635 Dzyerzszkow
1651 5545 1728 5634 sita,
1756 5545 1854 5616 cuius
1871 5545 2040 5617 haeredes

489 5658 713 5752 Nyemyerza‚
727 5661 904 5734 Iohannes
923 5669 958 5734 et
975 5663 1168 5736 Stauislaus
1181 5664 1338 5754 germani
1348 5665 1480 5738 nobiles
1495 5665 1673 5756 degenere
1687 5664 2043 5760 Prawdytharum,
