4550 6600
517 728 590 805 246

515 944 662 1016 solvitur
688 944 820 1017 decima
847 942 1072 1035 manipularis
1100 945 1265 1018 eeclesiae
1291 945 1328 1019 in
1345 944 1655 1039 Przeczycza;
1681 943 1766 1018 item
1783 943 1946 1039 plebauia
1960 943 2058 1019 babet

514 1086 617 1157 agros
645 1072 681 1137 et
707 1072 817 1157 prato,
845 1087 908 1158 pro
937 1088 999 1138 suo
1027 1089 1092 1138 usu
1118 1073 1156 1138 et
1181 1068 1397 1141 necessitate.

618 1186 871 1278 anruczrn,
899 1189 982 1260 villa
1009 1189 1073 1260 sub
1095 1181 1262 1287 parochia
1279 1189 1323 1260 de
1340 1188 1632 1279 Przeezycza
1657 1190 1737 1278 sita,
1756 1189 1854 1260 euius
1872 1190 2063 1279 proprietas

514 1310 558 1381 ad
586 1310 834 1385 monasterium
862 1310 1098 1403 Thyncziense
1125 1312 1286 1405 pertinet.
1317 1311 1358 1384 In
1385 1332 1455 1403 qua
1480 1315 1561 1383 sunt
1585 1311 1678 1397 lanei
1704 1311 1956 1401 emetbonalea
1984 1311 2064 1381 item

513 1452 583 1502 una
608 1432 754 1503 taberna
780 1432 913 1503 habens
940 1452 1057 1522 agree,
1084 1432 1127 1503 de
1155 1432 1280 1523 quibus
1307 1432 1457 1504 solvitur
1482 1431 1616 1503 decima
1640 1431 1834 1522 pecunialis
1859 1452 1924 1522 pro
1951 1408 2066 1503 mona·

513 1553 621 1623 aterio
649 1552 915 1645 Thynyeczenai‚
942 1572 1005 1642 per
1032 1572 1092 1624 sex
1119 1574 1261 1643 grossos
1287 1554 1323 1625 in
1350 1558 1491 1625 moneta
1516 1554 1707 1641 commoni;
1734 1554 1818 1625 item
1835 1552 2002 1625 scoltetia
2017 1558 2067 1623 eet

517 1673 567 1744 ibi
594 1674 725 1745 babens
752 1674 838 1747 duos
861 1674 991 1765 lancea,
1011 1681 1047 1747 et
1065 1674 1171 1746 solvit
1197 1676 1439 1775 decimam...;
1465 1676 1550 1747 item
1567 1696 1637 1746 non
1654 1680 1710 1747 est
1727 1675 1778 1745 ibi
1789 1674 1984 1765 praedium,
2002 1694 2065 1745 nou

515 1800 597 1867 runt
631 1795 866 1885 hortulaniae,
903 1816 1014 1887 neque
1041 1796 1293 1887 molendinum3
1319 1799 1404 1869 item
1430 1796 1648 1885 columbatio,
1674 1796 1838 1869 denarius
1865 1794 1987 1868 Sancti
2005 1794 2065 1866 Pe

394 1932 398 1943 ’
513 1916 561 1987 tri
589 1916 632 1989 de
659 1917 779 1989 eadem
806 1917 898 2009 villa,
927 1917 1074 1989 solvitur
1100 1918 1266 1989 ecclesiae
1293 1919 1337 1990 de
1363 1918 1659 2010 Przeczycza
1701 1977 1711 1994 ,

619 2039 864 2130 Damnoazmr,
891 2039 974 2111 villa
1001 2040 1065 2110 sub
1089 2039 1256 2129 parochia
1273 2038 1316 2111 de
1333 2038 1623 2129 Przeczycza
1648 2039 1727 2128 eita,
1752 2038 1849 2109 cuius
1868 2038 2064 2128 proprietas

513 2161 557 2233 ad
585 2164 832 2233 monasterinm
860 2162 1083 2255 Thynczense
1110 2162 1273 2256 pertinet.
1312 2161 1352 2233 ln
1380 2182 1449 2252 qua
1475 2167 1558 2233 aunt
1583 2161 1675 2232 lanei
1701 2160 1958 2248 cmetbonalea,
1987 2161 2065 2230 item

513 2284 660 2357 taberna
686 2304 756 2356 una
782 2284 915 2357 habens
942 2304 1053 2375 agros,
1080 2284 1164 2355 item
1190 2284 1410 2355 bortnlauiae
1435 2288 1509 2355 trea
1534 2284 1705 2355 babentes
1731 2302 1843 2373 agroa
1871 2282 1916 2352 de
1943 2282 2066 2371 quibus

515 2405 662 2478 solvitur
697 2404 831 2479 decima
866 2405 1056 2497 pecunialis
1091 2405 1302 2477 monasterio
1338 2404 1554 2498 Thynczensi
1589 2425 1653 2495 per
1688 2424 1751 2476 sex
1784 2424 1948 2493 grossos3
1985 2403 2064 2473 item

515 2525 674 2598 scoltetia
709 2532 762 2598 est
792 2528 827 2598 in
855 2526 975 2599 eadem
1002 2527 1104 2617 villa,
1132 2527 1264 2599 habens
1291 2527 1378 2598 duos
1397 2526 1541 2616 laneos,
1570 2525 1614 2597 de
1641 2525 1767 2617 quibus
1792 2523 1963 2604 decimam
1992 2579 2000 2593 .
2026 2578 2064 2593 ..

513 2702 520 2716 .
549 2702 556 2717 .
584 2702 610 2737 .,
637 2648 721 2719 item
748 2655 803 2720 est
829 2649 878 2721 ibi
904 2648 1084 2743 praedium
1111 2648 1321 2737 coenobiale,
1349 2647 1393 2719 de
1420 2668 1489 2737 qno
1515 2646 1601 2718 nulli
1627 2647 1733 2719 solvit
1758 2646 1927 2717 decimam
1949 2665 2064 2717 meua·

516 2768 678 2859 sterium,
706 2768 767 2843 aad
803 2790 878 2842 eam
906 2792 970 2863 pro
1003 2792 1041 2842 se
1076 2770 1188 2861 tollit3
1225 2772 1309 2842 item
1335 2768 1545 2842 columbatio
1572 2774 1610 2840 et
1635 2768 1798 2841 denarius
1824 2766 1946 2841 Sancti
1972 2765 2066 2839 Petri

515 2890 664 2965 solvitur
690 2892 856 2964 ecelesiae
882 2894 918 2965 in
944 2891 1242 2985 Przeczycza
1338 2935 1341 2939 -
1893 2896 1896 2899 ’

615 3012 825 3104 Zaeoazrn,
851 3013 936 3085 villa
963 3014 1027 3085 sub
1053 3015 1220 3105 parochia
1246 3015 1289 3086 de
1315 3013 1607 3104 Praeczycza
1633 3013 1719 3102 sita,
1746 3011 1844 3083 euius
1870 3010 2063 3100 proprietas

511 3134 559 3206 'ad
595 3136 841 3207 monasterium
878 3134 1100 3227 Thynczense
1135 3136 1296 3226 pertinet.
1336 3136 1376 3206 ln
1413 3155 1482 3225 qna
1516 3140 1598 3205 sunt
1628 3138 1702 3205 tres
1729 3155 1806 3205 cum
1832 3132 1948 3203 medio
1977 3132 2064 3203 lanei

513 3256 747 3329 emetbonalcs
775 3262 811 3328 et
837 3256 926 3328 duae
954 3258 1086 3348 virgae,
1113 3258 1197 3330 item
1225 3278 1294 3332 una
1319 3258 1467 3330 taberna
1493 3256 1625 3329 babens
1652 3276 1774 3347 agros,
1799 3255 1884 3327 item
1911 3254 2064 3326 hortula-

510 3374 601 3464 niae‚
627 3375 671 3446 de
698 3377 823 3466 quibua
850 3377 997 3450 solvitur
1023 3377 1157 3450 decima
1182 3378 1372 3468 pecunialia
1398 3398 1462 3468 per
1488 3397 1549 3450 sex
1575 3396 1717 3476 groaaoa
1744 3375 1937 3448 commanis
1964 3395 2062 3466 pecu-

511 3495 591 3570 niae
617 3517 682 3590 pro
708 3499 919 3572 monasterio
947 3499 1173 3592 Thynczensi.
1198 3499 1288 3571 Item
1314 3500 1363 3572 ibi
1390 3499 1571 3592 praedium
1596 3519 1666 3570 non
1692 3503 1756 3570 eat

1136 3621 1449 3693 Rzrnrrmurau.
1595 3653 1603 3666 =

613 3740 708 3813 Villa
743 3743 887 3824 habens¹
909 3745 945 3816 in
982 3765 1019 3816 se
1053 3744 1288 3835 parochialem
1324 3742 1503 3815 ecclesiam
1539 3742 1707 3832 ligneam,
1742 3741 1870 3830 Sancto
1896 3741 2065 3814 Clementi

513 3861 672 3953 dicatam,
699 3864 796 3936 cuius
824 3865 1020 3957 proprietas
1048 3865 1092 3936 ad
1120 3865 1319 3955 episcopum
1341 3854 1611 3936 'Gracovienaem
1638 3863 1801 3952 pertinet.
1827 3862 1867 3932 In
1895 3883 1966 3952 qna
1988 3867 2065 3934 snut

359 4052 365 4061 ,
510 4005 633 4055 novem
661 3984 753 4056 lanei
780 3987 1025 4076 emethonales,
1052 3987 1095 4057 de
1123 3987 1249 4076 quibus
1276 3985 1424 4058 solvitur
1450 3985 1584 4056 decima
1609 3983 1799 4075 pecunialia
1817 4004 1881 4074 per
1896 3983 2065 4056 fertonem

512 4102 555 4173 de
583 4103 739 4193 quolibet
766 4105 885 4196 laneo,
913 4127 977 4197 pro
1006 4107 1168 4197 episcopo
1194 4106 1436 4194 Cracoriensi3
1451 4178 1456 4184 ,
1473 4107 1556 4178 item
1583 4111 1639 4177 est
1663 4106 1714 4178 ibi
1740 4103 1908 4195 taberna,
1935 4107 2065 4178 babens

510 4243 614 4313 agros
641 4225 812 4315 proprior,
840 4232 876 4297 et
902 4226 1006 4298 solvit
1033 4279 1040 4296 .
1069 4281 1076 4295 .
1104 4281 1111 4296 .
1148 4227 1237 4299 Item
1263 4234 1319 4299 est
1344 4227 1394 4298 ibi
1420 4248 1526 4298 uuum
1552 4227 1801 4316 molendinum,
1827 4228 1912 4298 item
1939 4232 1996 4298 est
2020 4227 2065 4298 ibi

509 4343 689 4434 praedium
717 4346 922 4437 episcopale,
949 4345 992 4418 de
1020 4368 1088 4438 quo
1115 4347 1220 4420 datur
1246 4348 1379 4420 decima
1405 4369 1469 4439 pro
1488 4349 1636 4421 ecclesia
1652 4349 1688 4419 in
1715 4349 2063 4440 Rzepyeuuyky.

615 4465 839 4558 Goncuonm,
866 4468 951 4540 villa
977 4469 1041 4541 sub
1068 4470 1234 4559 parocbia
1260 4471 1425 4542 ecclesiae
1442 4470 1480 4543 in
1497 4469 1853 4562 Rzepyennyky,
1871 4471 1970 4543 cuius
1989 4491 2063 4561 pro

508 4586 640 4677 prietes
667 4587 712 4660 ad
739 4589 976 4681 episcopatum
1004 4589 1268 4664 cracoviensem
1294 4592 1457 4682 pertinet
1492 4592 1532 4664 In
1560 4613 1631 4683 qua
1657 4597 1740 4664 sunt
1760 4591 1830 4664 dno
1856 4592 1951 4664 lanei
1978 4613 2064 4665 cme-

509 4709 680 4802 thonalea,
707 4712 791 4784 item
818 4718 873 4784 est
899 4733 969 4785 una
995 4713 1155 4785 scoltetia
1181 4713 1314 4786 babens
1340 4715 1500 4805 proprios
1526 4715 1664 4804 laneca
1691 4714 1735 4786 de
1763 4715 1889 4806 quibus
1916 4715 2063 4787 solvitur

508 4832 699 4921 pecunialis
727 4833 860 4906 decima
886 4853 950 4924 per
976 4855 1036 4907 sex
1062 4855 1203 4926 grossos
1231 4835 1274 4908 de
1300 4835 1411 4925 laneo,
1438 4857 1502 4926 pro
1529 4837 1623 4909 dicto
1650 4837 1813 4927 episcopo
1831 4830 2063 4926 Oraeerieusi,

508 4959 544 5027 et
571 4955 670 5026 valor
696 4955 770 5027 eius
798 4955 1004 5029 aestimatur
1031 4957 1075 5028 ad
1102 4957 1251 5030 mediam
1277 4977 1437 5030 marcam.

1015 5181 1240 5256 Bazoarunrr
1265 5188 1303 5258 et
1327 5181 1558 5256 Knuuczczu.

611 5320 809 5394 anosrarr
836 5321 1002 5412 oppidum
1027 5321 1161 5394 babens
1187 5323 1224 5393 in
1251 5343 1289 5396 ae
1315 5321 1550 5413 parochialem
1575 5323 1756 5395 ecclesiam
1781 5323 1943 5414 ligneam,
1957 5303 2058 5396 Sanc·

506 5445 565 5511 tae
593 5441 694 5512 Cruci
722 5442 892 5532 dicatam,
920 5462 1008 5534 quae
1036 5450 1090 5515 est
1115 5444 1243 5515 matrix
1271 5449 1308 5516 et
1332 5445 1550 5535 principalia,
1577 5443 1839 5535 Klyeczcze
1866 5450 1986 5517 antem
2009 5450 2059 5517 eat

508 5559 593 5632 villa
629 5567 664 5631 et
694 5563 766 5634 filia
803 5564 969 5636 ecclesiae
1005 5564 1048 5636 de
1085 5565 1334 5655 Brzostek,
1360 5564 1487 5638 Sancto
1523 5565 1708 5638 Leonardo
1735 5565 1924 5638 confessori
1950 5566 2057 5637 dicata

509 5681 614 5760 etiam
642 5681 790 5758 ecelesia
817 5685 941 5784 lignea,
969 5685 1051 5765 elim
1077 5685 1220 5784 famosa,
1246 5705 1337 5765 nanc
1363 5688 1433 5765 iam
1458 5689 1496 5763 iu
1523 5687 1733 5789 oblivionem
1759 5687 1852 5782 data,
1879 5687 1925 5759 ad
1951 5705 2054 5786 quau,
2149 5776 2151 5783 Α
