4550 6600
1717 765 1791 845 lan
1936 767 1939 774 ’

205 961 420 1046 Johannes
455 968 671 1066 Naszyon
697 973 823 1048 nobilis
850 977 893 1049 de
920 977 1021 1049 domo
1059 974 1380 1069 Bippeanium.
1414 978 1551 1071 inqua
1586 985 1668 1052 sunt
1701 981 1793 1053 lanei

205 1094 492 1186 cmethonales,
527 1096 721 1187 dequibus
758 1097 909 1170 decimae
945 1100 1122 1191 perceptio
1161 1101 1339 1191 variatur;
1373 1122 1454 1173 narn
1481 1101 1524 1173 de
1549 1103 1644 1193 agris
1670 1122 1802 1174 versus·

205 1211 285 1285 No
300 1230 410 1287 vam
436 1215 691 1289 Civitatem
719 1219 796 1291 sitis
823 1220 917 1292 tollit
945 1220 1038 1292 illam
1075 1222 1295 1312 episcopatus
1330 1219 1588 1313 Graeoviensis,
1625 1228 1663 1294 et
1689 1224 1789 1296 valor

207 1335 301 1407 eius
335 1338 386 1409 ad
413 1360 516 1410 unam
553 1360 721 1432 marcam,
758 1348 902 1433 excepto
928 1363 997 1413 uno
1026 1342 1140 1414 stadio
1168 1343 1212 1413 ah
1239 1342 1376 1415 horreis
1403 1362 1441 1414 se
1467 1344 1727 1434 protendente,
1745 1344 1788 1414 de

207 1476 292 1547 quo
327 1460 429 1531 tollit
455 1461 623 1551 plebanus
650 1450 686 1533 in
713 1460 997 1555 Ostroucze,
1033 1465 1068 1533 In
1096 1464 1209 1536 altera
1235 1486 1317 1537 vero
1344 1470 1464 1555 perte,
1500 1482 1624 1536 versus
1650 1465 1789 1556 Zago

207 1582 366 1650 rzani
394 1586 430 1653 et
455 1582 682 1673 Zegoczin
710 1604 748 1655 se
766 1585 1014 1675 protendente,
1041 1584 1135 1656 tollit
1162 1586 1258 1657 illam
1285 1586 1453 1677 plebanus
1480 1587 1516 1656 in
1544 1584 1789 1677 Ostrowcze,

206 1706 380 1789 praeter
415 1702 501 1775 duos
520 1704 671 1795 laneos,
708 1710 743 1777 et
769 1706 868 1778 valor
904 1706 1057 1778 decimae
1092 1728 1172 1797 pro·
1188 1707 1355 1799 plebano,
1391 1709 1597 1780 aestimatur
1632 1708 1789 1779 adduas

207 1840 439 1914 sexagenas.
1001 1902 1005 1909 ,

333 1945 578 2038 Znooaaaur,
605 1948 697 2020 wuilla
732 1950 1075 2039 subparochiana
1108 1948 1376 2022 Ostroucze
1412 1951 1498 2041 sita,
1533 1952 1646 2022 cuius,
1666 1951 1788 2022 haeres
1904 1999 1907 2008 «

209 2062 393 2138 Mathias
421 2066 597 2141 de'armis
623 2070 943 2161 Bippenuiunr.
971 2071 1010 2141 Ia
1039 2092 1107 2165 qua
1134 2071 1178 2142 de
1203 2072 1346 2162 praedio
1374 2073 1518 2143 militari
1545 2092 1587 2143 cx
1615 2072 1788 2161 aliquibus
1823 2068 1828 2075 ’

183 2208 187 2213 ·
208 2189 342 2280 agris,
376 2196 412 2262 et
430 2190 472 2261 do
491 2191 625 2263 duobus
644 2191 767 2263 stadiis
786 2193 1078 2284 memoralibus,
1102 2192 1295 2265 decimatur
1311 2214 1376 2284 pro
1395 2194 1541 2265 ecclesia
1557 2194 1594 2263 in
1612 2192 1788 2264 Ostrow-

210 2330 314 2400 cze,
348 2316 390 2382 et
416 2312 515 2383 valor
550 2313 624 2383 eius
656 2314 700 2384 ad
727 2318 804 2385 octo
841 2319 979 2387 scottos.
1024 2314 1111 2385 Item
1148 2320 1229 2395 suut
1254 2315 1304 2386 ihi
1330 2315 1421 2385 lanei
1457 2312 1707 2405 cmethonales,
1743 2314 1787 2385 de

210 2432 359 2521 quibus
390 2434 537 2505 solvitur
563 2439 599 2505 et
625 2435 829 2508 conducitur
856 2435 989 2507 decIma
1013 2437 1240 2528 manipularis
1268 2443 1304 2508 et
1330 2436 1523 2528 canapalis,
1560 2435 1724 2507 eeclesiae
1751 2437 1787 2506 in

210 2553 475 2646 Boleslaw,
502 2560 539 2626 et
564 2556 662 2628 valor
689 2558 763 2629 eius
791 2558 834 2654 ad
861 2578 965 2629 unum
993 2556 1173 2629 fertonem.

253 2684 254 2687 ’
328 2675 452 2748 Villae
489 2678 722 2768 parochiales:
763 2677 1048 2771 Ostrowcze,
1092 2678 1379 2770 Zagorzani,
1425 2677 1582 2750 Gorna
1616 2677 1785 2770 Wolya,
1844 2707 1847 2712 ·

213 2796 485 2889 ZegoczIn,
513 2798 716 2889 Hinlrow,
742 2800 945 2891 Paulow,
973 2801 1202 2892 Breskow,
1233 2800 1546 2873 Breskow-ska
1571 2796 1741 2890 Wolya.

799 2934 804 2942 '
916 2921 1104 2994 Sczuczru.
1847 2918 1850 2924 '

190 3064 193 3069 ¹
330 3038 431 3111 Villa
457 3041 589 3113 habens
616 3042 793 3113 ecclesiam
820 3042 1052 3134 parochialem
1079 3044 1191 3132 inse,
1218 3044 1253 3112 in
1280 3043 1447 3113 honorem
1473 3040 1622 3113 Sanctae
1647 3040 1784 3138 Mariae

215 3159 463 3251 Magdalenae
498 3162 663 3254 dicatam,
700 3164 796 3235 cuius
831 3164 1004 3235 haeredes
1035 3170 1072 3235 et
1098 3164 1256 3255 patroni:
1291 3162 1477 3239 Florianus
1513 3167 1550 3232 et
1575 3161 1703 3233 Petrus
1739 3162 1783 3233 de

215 3279 482 3356 Paczanou
509 3283 680 3356 dedomo
708 3282 922 3377 Gelitha,
957 3282 1082 3357 Petrus
1115 3284 1158 3356 de
1184 3283 1476 3374 Smogorzou
1503 3281 1546 3353 de
1573 3282 1782 3354 domo....

215 3409 253 3474 et
281 3403 578 3496 Kykousczy
613 3405 657 3478 de
683 3406 785 3494 domo
805 3463 812 3478 .
832 3452 838 3476 s
859 3461 865 3477 .
885 3462 892 3478 .
912 3461 945 3476 ..
972 3406 1090 3478 Habet
1125 3405 1272 3477 ecclesia
1307 3424 1410 3496 agros
1426 3424 1481 3475 ex
1506 3409 1655 3494 utraque
1679 3409 1782 3494 parte

216 3526 318 3617 viae,
350 3547 441 3617 quae
460 3527 556 3599 ducit
583 3529 619 3598 in
646 3518 883 3622 Slupyeca
910 3529 997 3600 Item
1016 3529 1123 3600 habet
1142 3534 1303 3627 stagnum
1320 3529 1419 3598 iuxta
1435 3525 1624 3615 Vislam,
1651 3525 1782 3597 dictum

193 3644 390 3719 ¹Gradka
415 3649 593 3740 proprium
622 3655 658 3721 ot
685 3649 841 3722 liberum.
877 3651 963 3721 Item
990 3650 1098 3722 habet
1133 3655 1230 3722 certa
1255 3647 1404 3737 fossata,
1441 3667 1502 3719 seu
1523 3646 1648 3718 alveos
1675 3665 1781 3736 aqua-

216 3789 317 3860 rum,
331 3866 335 3872 .
348 3769 438 3840 alias
466 3768 652 3866 monticoly,
679 3793 784 3844 unum
803 3790 925 3844 uersus
943 3771 1141 3861 Vislam,
1169 3769 1263 3840 alind
1281 3788 1403 3841 versus
1420 3774 1583 3858 stagnum
1608 3766 1781 3863 haeredis,

218 3891 315 3980 quod
344 3893 439 3963 iacet
465 3892 528 3963 suh
556 3892 676 3964 eadem
703 3893 793 3965 villa.
820 3894 907 3965 Item
937 3893 972 3964 in
1000 3891 1119 3992 eodem
1148 3897 1273 3982 stagno
1299 3890 1408 3961 hahet
1433 3887 1779 3977 obstaculum-post

136 4075 143 4082 .
216 4017 404 4084 tracturas
441 4033 590 4104 sagenae
625 4035 747 4086 versus
784 4015 1005 4086 occidentem.
1031 4014 1129 4085 'Item
1157 4013 1264 4084 habet
1298 4010 1485 4100 fossatum,
1520 4009 1607 4080 alias
1637 4005 1777 4100 marholt,

218 4133 370 4206 inferius
399 4136 442 4206 ab
470 4136 590 4207 eodem
617 4135 807 4228 obstaculo,
843 4135 1054 4228 protendens
1082 4155 1119 4206 se
1146 4154 1269 4208 uersus
1296 4132 1518 4205 occidentem.
1556 4116 1644 4202 Item
1671 4129 1780 4200 hahet

219 4276 263 4326 ex
292 4257 418 4328 eodeni
445 4257 522 4328 lacu
549 4258 622 4330 siue
649 4265 772 4350 stagno
796 4259 964 4331 decimum
983 4259 1131 4350 piscem,
1154 4277 1222 4348 -per
1240 4275 1354 4328 casses
1373 4255 1448 4326 sive
1466 4273 1612 4344 segem
1630 4256 1778 4342 captum.
1891 4343 1894 4348 Ι
2021 4254 2024 4260 ’

218 4373 309 4449 Item
339 4379 377 4450 in
405 4379 523 4450 eadem
543 4380 626 4452 villa
644 4387 727 4452 sunt
743 4381 835 4452 lanei
854 4380 1105 4470 cmethonaleS,
1132 4381 1214 4450 item
1234 4379 1420 4467 tabernae,
1437 4367 1531 4447 'item
1548 4373 1778 4461 hortulaniae,

200 4498 264 4570 de
294 4500 423 4592 quihus
450 4500 597 4573 solvitur
624 4508 660 4573 et
687 4502 893 4575 conducitur
920 4501 1052 4573 decima
1087 4499 1314 4592 manipularis
1341 4504 1378 4570 et
1401 4495 1579 4589 canapalis
1604 4515 1669 4585 pro
1689 4547 1696 4564 .
1716 4547 1724 4563 .
1744 4546 1777 4562 ..

223 4617 314 4692 Item
343 4621 533 4713 praedium.
558 4677 591 4693 ..
611 4677 618 4693 .
638 4677 645 4694 .

273 4757 276 4770 ·
328 4743 513 4836 Sumam,
558 4745 641 4816 villa
671 4746 804 4817 habens
832 4745 1012 4817 ecclesiam
1039 4741 1272 4834 parochialem
1299 4743 1335 4812 in
1363 4761 1419 4832 se,
1448 4793 1563 4811 .....
1568 4730 1589 4808 ’.
1616 4737 1777 4827 dicatam

223 4863 321 4935 cuius
349 4867 517 4956 plebanus
544 4866 699 4938 Mathias
726 4867 769 4938 de
796 4866 972 4958 Blogye
999 4865 1203 4957 presbyter,
1230 4863 1327 4934 euius
1354 4863 1480 4933 haeres
1501 4860 1627 4931 'unicus
1654 4863 1690 4930 et
1714 4878 1776 4948 pa-

141 5043 144 5048 .
223 4988 347 5058 tronus
375 4987 552 5061 Johannes
579 4988 888 5080 Zakrzowsky
916 4987 958 5058 de
986 4987 1093 5057 armis
1121 4984 1323 5057 Gelitha.
1349 4983 1390 5052 In
1409 5002 1478 5073 qua
1495 4987 1577 5053 sunt
1594 4979 1775 5051 duodecim

224 5103 316 5177 lanei
344 5109 599 5201 cmethonales,
631 5111 714 5181 item
741 5110 888 5181 taberna
922 5129 1008 5199 una,
1045 5109 1128 5178 item
1156 5093 1352 5195 hortulani,
1388 5104 1431 5175 de
1458 5103 1583 5194 quilius
1599 5161 1603 5166 .
1618 5101 1776 5173 omnibus

226 5225 373 5308 solvitur
408 5236 445 5303 et
479 5231 681 5304 conducitur
725 5230 858 5302 decima
901 5229 1126 5320 manipularis
1167 5233 1204 5297 et
1239 5225 1413 5316 canapalis
1452 5245 1517 5315 pro
1556 5221 1702 5294 ecclesia
1739 5221 1775 5290 in

226 5343 469 5444 Sczuczin,
497 5357 533 5424 et
558 5353 657 5425 valor
684 5353 759 5424 eius
786 5352 991 5424 aestImatur
1010 5351 1054 5422 ad
1073 5350 1191 5421 decem
1214 5367 1362 5419 marcas.
1397 5346 1485 5418 Item
1512 5349 1569 5417 est
1594 5344 1643 5414 ibi
1669 5361 1776 5414 unum

203 5471 403 5554 praedium
438 5473 607 5566 militare,
637 5475 735 5567 ,quod
771 5474 918 5546 decimat
958 5471 1122 5544 ecclesiae
1160 5471 1195 5540 in
1232 5468 1450 5558 Suinari,
1494 5465 1665 5538 strator
1700 5463 1776 5534 eius

229 5588 270 5658 ad
290 5645 429 5666 ......
1248 5599 1255 5608 “

205 5728 210 5738 ·
328 5713 592 5807 Snuoaoazow,
618 5680 702 5790 uilla
728 5717 792 5789 suh
818 5717 985 5807 parochia
1011 5715 1054 5786 de
1081 5713 1307 5785 Sczuczin
1334 5710 1411 5782 sita.
1437 5708 1477 5779 In
1497 5726 1565 5799 qua
1582 5710 1664 5780 suut
1680 5693 1775 5785 lanei
