4550 6600
1724 800 1800 875 543

351 1000 612 1076 Kowaaszrrra
639 1001 1014 1096 Tnouascnowrcam
1040 1005 1123 1079 villa
1149 1005 1215 1079 sub
1241 1006 1408 1098 parochia
1434 1006 1477 1079 de
1504 1002 1699 1080 Garbow
1725 1009 1803 1100 sita

245 1122 346 1195 cuins
371 1123 595 1197 haeredes...
609 1128 647 1195 at
673 1124 806 1217 aliquot
824 1127 1032 1218 cmelhones‚
1055 1126 1243 1219 dequibus
1261 1128 1408 1201 solvitur
1426 1128 1559 1201 decima
1576 1129 1802 1221 manipularis

243 1250 298 1325 et¹
313 1245 490 1337 canapaIIs
517 1266 581 1336 pro
608 1245 754 1319 ecclesia
779 1252 816 1319 et
841 1247 989 1339 plebano
1016 1248 1053 1319 in
1080 1246 1284 1340 Gorbeus,
1311 1252 1347 1321 et
1373 1249 1471 1322 valor
1498 1251 1571 1325 eius
1599 1251 1803 1325 aestimatur

243 1366 294 1439 ad
321 1422 330 1439 .
356 1422 399 1437 ..
575 1430 581 1445 .

351 1482 639 1561 Sauaraawrcaa
664 1488 809 1579 Marem
835 1489 919 1561 villa
936 1490 1000 1563 sub
1018 1492 1185 1582 parochia
1208 1489 1397 1565 Garbou
1425 1493 1500 1583 slta,
1520 1492 1617 1566 auius
1636 1493 1802 1567 haeredes

242 1610 367 1700 multi,
403 1630 523 1681 omnes
559 1609 694 1683 nobiles
729 1609 779 1684 ibi
814 1610 1062 1703 mariamniae,
1088 1613 1148 1703 qui
1172 1634 1235 1704 per
1261 1634 1298 1687 se
1326 1633 1429 1705 agros
1456 1619 1575 1704 arant,
1602 1620 1638 1687 et
1664 1614 1803 1689 solvunt

243 1731 414 1803 decimam
441 1731 691 1822 manipularem
718 1738 755 1803 et
782 1732 981 1823 canapalem
1007 1734 1156 1824 plebano
1184 1734 1219 1807 in
1232 1782 1234 1785 -
1248 1733 1449 1808 Garbow.

354 1852 642 1925 Sarmanwrczn
668 1848 806 1944 Mmoa,
834 1854 918 1925 villa
945 1854 1009 1927 sub
1036 1855 1202 1946 parochia
1228 1856 1270 1929 de
1290 1852 1484 1928 Garbow
1511 1856 1587 1947 sita,
1606 1856 1703 1929 cuius
1721 1858 1803 1929 bae·

244 1972 351 2047 redes
385 1972 502 2063 multi,
529 1978 565 2044 et
600 1993 719 2061 omnes
756 1973 792 2044 in
828 1974 948 2045 eadem
984 1981 1165 2059 manentes
1192 1977 1342 2066 nobiles,
1370 1976 1522 2067 quisoli
1548 1997 1611 2069 per
1637 1998 1675 2049 se
1702 1984 1804 2050 arant

244 2117 362 2189 agros,
389 2100 426 2167 et
453 2094 593 2167 solvunt
620 2094 786 2167 decimam
812 2096 1065 2188 manipularem
1088 2103 1125 2171 et
1143 2098 1342 2189 canapalem
1361 2098 1526 2171 ecclesiae
1545 2098 1581 2170 in
1599 2096 1803 2191 Garbow,

243 2217 346 2289 cuius
373 2217 470 2288 valor
497 2216 703 2289 aestImatur
728 2216 774 2289 ad
792 2271 800 2287 .
818 2272 854 2288 ..
1568 2220 1573 2230 '

241 2318 248 2323 ¹
353 2337 592 2427 Suasorem,
619 2338 702 2410 villa
729 2339 793 2411 sub
819 2338 986 2431 parochia
1012 2339 1056 2411 de
1074 2337 1268 2413 Garbow
1296 2341 1373 2430 sita,
1392 2342 1488 2412 cuins
1506 2340 1629 2412 haeres
1647 2336 1804 2431 Raphael

245 2460 293 2531 de
320 2458 421 2531 domo
448 2460 590 2531 Rama
616 2459 657 2531 Io
685 2481 753 2553 qua
778 2466 861 2533 sont
877 2461 978 2533 lanei
1006 2462 1251 2553 emethonales,
1278 2461 1321 2533 de
1348 2462 1473 2553 quibus
1499 2460 1647 2533 solvitur
1673 2460 1805 2535 decima

243 2580 472 2673 manipularis
507 2582 670 2673 episcopo
704 2580 936 2655 cracoviensi.
976 2582 1064 2655 Item
1100 2590 1156 2657 est
1182 2584 1232 2656 ibi
1258 2583 1439 2674 praedium
1466 2582 1638 2674 militare,
1665 2583 1708 2655 de
1736 2604 1803 2675 quo
1840 2666 1843 2673 ,
1923 2592 1929 2599 “

243 2702 440 2775 decimatur
467 2703 634 2775 ecclesiae
659 2703 696 2775 in
723 2679 927 2777 Garbow.

350 2824 680 2914 Pazrnrsnnwrczn,
705 2824 790 2897 villa
816 2826 880 2897 sub
907 2825 1073 2916 parochia
1099 2824 1143 2897 de
1171 2823 1364 2897 Garbow
1392 2826 1470 2916 sita,
1489 2825 1586 2897 cuins
1604 2824 1801 2897 haereditas

129 2977 132 2981 ·
243 2952 284 3018 et
310 2945 498 3018 dominium
534 2945 580 3017 ad
616 2946 873 3053 serenissimum
899 2946 1066 3018 Poloniae
1091 2967 1210 3039 regem
1237 2948 1399 3037 pertinet.
1440 2946 1480 3017 In
1508 2966 1577 3039 qua
1604 2950 1685 3018 sunt
1711 2946 1803 3017 lanei

242 3068 490 3158 amethonales,
516 3066 559 3140 de
586 3068 711 3159 quibus
737 3068 885 3141 solvitur
911 3068 1044 3141 decima
1070 3069 1297 3160 manipularis
1324 3074 1361 3141 et
1387 3067 1563 3159 eauapalis
1590 3068 1802 3139 monasterio

244 3186 380 3260 Calvi
413 3187 588 3261 Montis
616 3188 764 3261 Sanctae
791 3187 922 3262 OruoIs.
961 3190 1050 3261 Item
1077 3195 1131 3261 est
1158 3190 1208 3261 ibi
1234 3188 1415 3281 praedium
1442 3188 1609 3279 militare,
1637 3188 1680 3261 de
1707 3188 1803 3261 cuius

245 3312 343 3402 agris
370 3310 677 3383 solviturdeeima
702 3312 929 3402 manipularis
956 3311 1176 3402 praebendae
1203 3312 1239 3383 in
1266 3310 1447 3383 Lublin.

309 3515 312 3520 ,
357 3431 530 3524 oziaco,
556 3433 640 3504 villa
666 3433 730 3504 sub
757 3434 924 3524 parochia
949 3432 992 3504 de
1011 3431 1207 3506 Garbow
1234 3434 1310 3524 sita,
1329 3433 1426 3506 cuius
1445 3431 1629 3504 haeredes:
1648 3431 1804 3522 Raphael

247 3552 454 3626 Prandotha
477 3560 525 3626 et
560 3553 738 3646 Sangneus
775 3554 817 3626 de
852 3554 953 3626 domo
988 3554 1131 3626 Rau'a.
1171 3555 1212 3626 In
1240 3576 1309 3645 qua
1336 3559 1417 3626 sunt
1443 3553 1535 3626 lanei
1562 3553 1804 3642 onrethonalas,

244 3676 332 3748 item
359 3676 430 3748 tria
455 3676 601 3768 praedia
627 3676 805 3766 militaria,
833 3675 876 3748 de
903 3677 1029 3768 quibus
1056 3676 1215 3747 omnibus
1244 3675 1390 3747 solvitur
1419 3680 1456 3747 et
1483 3675 1686 3746 conducitur
1713 3674 1805 3744 deci-

243 3817 304 3868 ma
329 3797 555 3888 manipularis
591 3802 627 3870 et
662 3797 838 3889 canapalis
873 3818 938 3888 pro
966 3797 1115 3868 ecclesia
1140 3797 1176 3867 in
1203 3795 1382 3888 Rudno,
1410 3801 1445 3867 et
1472 3796 1570 3868 valor
1597 3795 1671 3868 eius
1698 3794 1803 3866 aesti-

242 3923 362 3990 matur
390 3919 434 3989 ad
453 3972 461 3987 .
480 3973 515 3988 ..
1365 3937 1370 3946 ¹

353 4159 563 4238 dasenuow
589 4158 814 4236 Geornoms
860 4215 868 4230 .
921 4215 929 4232 .
983 4216 991 4231 .
1044 4217 1052 4232 .

880 4405 1165 4480 Zanaoazrczn.
1212 4439 1215 4450 ·

349 4527 444 4598 Villa
469 4528 601 4600 habens
627 4529 664 4598 io
691 4549 729 4599 se
756 4527 990 4618 parochialem
1018 4528 1199 4600 ecelesiam
1218 4529 1377 4619 ligneam,
1396 4527 1522 4600 Sancto
1542 4525 1697 4598 MartIoo
1716 4548 1797 4599 con-

243 4649 372 4722 fessori
398 4649 565 4739 dicatam,
593 4650 689 4722 cuius
716 4652 914 4742 proprietas
949 4649 994 4722 ad
1021 4650 1277 4722 serenissimum
1306 4650 1470 4722 Poloniae
1497 4669 1614 4739 regem
1641 4649 1802 4740 pertinet.

242 4772 287 4844 ln
314 4793 382 4863 qua
408 4777 490 4866 sunt
517 4772 777 4862 quatuordeeim
804 4772 898 4844 lanei
924 4771 1167 4862 emetbonales,
1195 4777 1273 4843 octo
1301 4772 1476 4861 tabernae,
1504 4791 1611 4854 unum
1636 4770 1803 4844 molendi-

243 4915 335 4984 num,
364 4894 406 4964 de
434 4894 558 4984 quibus
586 4893 734 4965 solvitur
762 4894 894 4966 decima
920 4893 1148 4984 manipularis
1176 4914 1239 4983 pro
1267 4893 1428 4983 episcopo
1456 4889 1687 4964 Graooviensi.
1714 4891 1803 4964 Item

245 5015 416 5106 plebanus
443 5021 478 5087 et
505 5015 651 5087 ecolesIa
677 5015 783 5087 habet
809 5015 864 5119 ibi
885 5015 1045 5106 proprios
1072 5035 1175 5104 agros
1207 5019 1242 5086 et
1274 5021 1385 5104 prata,
1417 5034 1480 5104 pro
1509 5033 1572 5090 suo
1599 5035 1664 5086 usu
1691 5018 1727 5086 et
1744 5033 1804 5086 ne-

247 5137 420 5209 cessitate.
833 5208 837 5214 .

348 5257 559 5348 Rarnrcza,
573 5257 656 5330 villa
668 5258 733 5330 sub
751 5257 917 5348 parochia
934 5256 978 5328 de
995 5257 1096 5328 Zam
1107 5257 1129 5328 b
1141 5277 1160 5328 o
1171 5279 1249 5348 rzy
1260 5277 1336 5328 eze
1364 5257 1441 5346 sita,
1461 5257 1558 5328 culus
1575 5256 1803 5328 haeredes...

246 5379 292 5451 de
319 5377 420 5454 domo
448 5379 658 5472 Nowyna.
685 5380 725 5450 In
754 5400 822 5470 qua
850 5385 930 5450 sunt
957 5379 1050 5450 lanei
1076 5379 1321 5469 amathonales‚
1340 5379 1382 5450 de
1402 5380 1526 5468 quibus
1546 5378 1693 5450 solvitur
1712 5377 1803 5450 deci-

247 5520 306 5571 ma
331 5501 565 5591 manIpoIariS,
593 5523 657 5592 pro
684 5501 829 5572 eeclesia
856 5507 894 5572 et
919 5501 1068 5593 plebano
1095 5501 1131 5570 in
1158 5499 1506 5591 Zamborzycze.
1543 5499 1630 5571 Item
1658 5501 1707 5571 ibi
1734 5498 1802 5571 duo
1848 5585 1856 5594 ¹

245 5621 391 5712 praedia
417 5621 593 5715 militaria,
620 5623 663 5695 de
682 5624 807 5716 quibus
825 5622 986 5694 simiIIter
1003 5622 1196 5694 decimatur
1215 5622 1379 5694 ecelesiae
1400 5622 1436 5692 in
1454 5621 1802 5718 Zamborzycze.
