4550 6600
507 741 583 817 454

507 953 660 1044 cultura,
687 951 771 1025 item
797 948 904 1027 habet
929 956 1032 1045 prata
1058 944 1282 1045 sufficientia,
1308 948 1393 1028 1166
1410 947 1519 1027 babet
1534 970 1639 1029 unam
1665 953 1847 1029 tabernam
1873 953 2049 1033 babenten

506 1096 621 1168 agros,
648 1076 692 1147 de
719 1097 788 1167 qua
814 1075 961 1150 solvitur
988 1096 1052 1169 pro
1079 1096 1195 1171 annno
1221 1097 1327 1149 censu
1346 1132 1517 1149 .......
1543 1078 1631 1151 Item
1659 1086 1742 1151 sunt
1766 1080 1804 1151 in
1830 1080 1948 1153 eadem
1975 1081 2054 1155 villa

468 1272 476 1281 ,
508 1199 634 1289 viginti
657 1198 750 1271 16661
776 1199 1020 1291 amethonales,
1046 1199 1217 1272 Johannis
1243 1199 1547 1291 Rithwyen'sk
1555 1223 1588 1293 y.

610 1320 759 1394 Wonnn
785 1321 1070 1412 Brennowsnn,
1106 1321 1192 1395 villa
1215 1323 1283 1408 snb
1317 1322 1483 1414 parochia
1508 1323 1552 1395 de
1579 1324 1805 1416 Byeclrow
1840 1325 1926 1415 sita,
1963 1326 2056 1397 cuins

506 1442 632 1517 haeres
658 1444 836 1516 lohannes
864 1443 906 1516 de
933 1443 1177 1535 Rithwyani.
1207 1443 1249 1515 In
1276 1464 1346 1534 qua
1371 1449 1454 1517 siant
1480 1450 1558 1518 6616
1584 1446 1677 1519 lanei
1703 1446 1952 1537 emetbnnales‚
1979 1448 2059 1517 itan

353 1590 357 1596 ·
506 1587 576 1638 una
602 1566 749 1639 taberna
775 1566 908 1638 habens
935 1586 1046 1656 agros,
1073 1566 1117 1638 (16
1145 1566 1270 1656 quibus
1296 1566 1455 1644 omnibus
1473 1566 1621 1641 solvitur
1639 1573 1676 1639 et
1693 1568 1899 1641 conducitur
1925 1568 2059 1639 decima

313 1678 317 1686 ’
429 1682 436 1701 ’
506 1688 733 1780 manipularis
760 1687 996 1780 etcanapalis
1023 1708 1086 1778 pro
1114 1687 1321 1761 6661661616
1348 1687 1530 1780 Zborow,
1564 1696 1602 1763 61
1628 1690 1828 1765 valoreins
1853 1690 2060 1762 6661166166

507 1810 552 1883 ad
580 1830 640 1885 sex
667 1831 812 1883 marcas.

611 1933 795 2025 WorczA,
832 1932 916 2007 villa
942 1932 1006 2005 sub
1033 1933 1199 2023 parocbia
1225 1932 1268 2005 de
1295 1933 1521 2025 Byechow
1547 1935 1635 2025 sita,
1670 1935 1769 2007 cuins
1803 1933 1976 2007 haeredes
2000 1932 2061 2007 Jo

507 2057 639 2129 hannes
667 2056 710 2129 de
735 2056 1006 2147 Ritbwyani
1032 2059 1069 2126 et
1094 2053 1275 2127 Jobannes
1302 2055 1556 2147 Woyscbik
1591 2077 1670 2129 cnm
1696 2058 1890 2148 nepotibus.
1925 2058 1968 2129 16
1994 2078 2061 2148 666

507 2185 589 2252 sunt
614 2178 707 2251 lanei
734 2177 976 2269 omethonales‚
1005 2176 1197 2268 dequibus
1224 2178 1372 2250 solvitur
1389 2183 1426 2251 61
1442 2179 1649 2251 conducitur
1662 2178 1809 2251 decima
1833 2179 2060 2270 manipularis

506 2307 542 2373 et
569 2302 746 2398 canapalis
770 2322 834 2393 pro
853 2299 1063 2373 monasterio
1090 2299 1131 2371 in
1153 2299 1320 2389 Baelo,
1347 2305 1383 2371 et
1400 2281 1499 2373 valor
1524 2300 1600 2373 eius
1626 2301 1832 2373 aestimatur
1858 2301 1905 2373 ad
1931 2300 2059 2373 duodo

507 2424 573 2497 cim
600 2444 744 2497 marcas.
770 2423 859 2496 Item
886 2428 967 2495 sunt
993 2421 1042 2493 ibi
1070 2421 1138 2494 dno
1165 2421 1310 2514 praedia
1335 2423 1509 2515 militaria,
1537 2423 1725 2517 dequibus
1752 2424 1900 2497 solvitur
1925 2422 2058 2495 decima

457 2576 463 2591 ·
506 2569 571 2639 pro
598 2546 806 2620 6661661616
833 2545 863 2617 Β
872 2544 1066 2637 yeehow.

610 2668 844 2757 wernerus,
879 2666 962 2739 villa
997 2666 1061 2739 sub
1092 2665 1260 2759 parochia
1285 2666 1329 2739 de
1365 2666 1591 2759 Byecbow
1634 2668 1723 2758 sita,
1758 2667 1855 2739 cuins
1891 2666 2058 2739 haeredes

506 2792 684 2864 Jobannes
720 2791 763 2863 de
798 2789 1067 2881 Rithwyani
1103 2794 1140 2861 et
1174 2788 1765 2882 Stanislaus‘Pyestrzeezlry.
1808 2790 1849 2859 16
1875 2810 1947 2880 qna
1981 2796 2057 2861 6661

448 2992 455 3003 ,
507 2921 656 3007 quatuor
682 2914 773 2987 lanei
800 2911 1051 3003 emethonales,
1087 2911 1283 3001 dequibus
1312 2911 1461 2984 solvitur
1486 2917 1525 2982 et
1550 2911 1755 2985 conducitur
1790 2912 1925 2989 (1661616
1952 2913 2056 2983 mani·

458 3044 463 3060 ¹
506 3038 638 3129 pnlaris
665 3042 701 3108 et
727 3035 901 3127 canapalis
928 3034 1092 3106 666166166
1119 3034 1156 3104 16
1181 3032 1380 3125 Zborow,
1415 3035 1513 3107 cuius
1539 3034 1638 3107 valor
1663 3034 1710 3107 ad
1736 3035 1890 3127 quinque
1916 3054 2056 3106 marcas

506 3160 595 3231 Item
622 3164 677 3229 est
703 3158 752 3229 ibi
779 3178 885 3229 unum
912 3154 1092 3248 praedium
1119 3154 1280 3247 militare,
1306 3148 1575 3247 quod'decimat
1600 3155 1767 3229 ecclesiae
1793 3157 1829 3227 in
1849 3156 2056 3253 Byechou.

612 3279 868 3382 Prnsnnzncz,
895 3276 978 3350 villa
1003 3278 1068 3350 sub
1103 3276 1269 3370 parochia
1295 3276 1338 3350 de
1364 3277 1395 3348 B
1403 3278 1589 3370 yeclrow
1613 3278 1700 3370 6116,
1735 3279 1835 3351 orius
1862 3278 2057 3370 proprietas

508 3425 572 3495 pro
599 3403 723 3474 maiori
757 3405 875 3493 parte,
910 3400 1064 3491 pertinet
1080 3399 1138 3506 'ad
1165 3401 1366 3491 episcopum
1400 3397 1682 3492 tirasonensem,
1718 3402 1909 3474 16616661
1943 3409 2056 3473 auten

508 3525 788 3618 Pyestrzecz
816 3527 898 3595 6661
924 3522 991 3594 duo
1019 3521 1206 3614 haeredes,
1232 3521 1395 3596 videlicet
1418 3521 1597 3596 lohannes
1623 3522 1974 3615 Ritbwyenslry‚
2001 3524 2055 3615 qni

506 3648 613 3720 babet
639 3647 726 3720 duos
753 3645 953 3718 emetbones
980 3650 1017 3716 61
1043 3645 1233 3736 praedium,
1259 3651 1296 3716 61
1313 3644 1479 3718 Nicolaus
1504 3644 1856 3737 Ppestrzeczlry
1883 3647 1928 3718 de
1955 3648 2056 3718 666616

507 3769 715 3859 Nowina,
752 3768 811 3859 qui
846 3767 977 3840 nullum
1009 3766 1115 3840 habet
1150 3766 1386 3858 cmetlronem,
1420 3767 1489 3840 nisi
1524 3767 1715 3858 praedium.
1750 3767 1840 3840 Item
1876 3769 2057 3860 episcopus

506 3892 612 3964 habet
638 3891 686 3963 ibi
714 3889 863 3962 sedecim
898 3889 1017 3962 laneos
1044 3894 1081 3962 61
1106 3909 1213 3962 unum
1244 3888 1443 3980 praedium
1479 3889 1563 3962 itenr
1588 3896 1672 3972 sunt
1697 3890 1747 3962 ibi
1772 3894 1850 3962 tres
1884 3891 2056 3979 16166666,

443 4043 446 4050 ⁴
506 4015 590 4086 item
617 4013 705 4086 duae
731 4012 950 4085 hortulaniae
977 4010 1192 4103 episcopales
1218 4011 1386 4084 babentes
1413 4032 1536 4104 agros,
1571 4012 1767 4104 dequibus
1792 4013 1966 4085 ‘omnibns
1992 4012 2056 4084 sol-

507 4137 601 4210 uitur
627 4141 664 4208 et
690 4135 894 4214 conducitur
929 4133 1063 4206 decima
1088 4119 1315 4226 manipularis
1332 4140 1379 4207 61
1404 4135 1582 4226 canapalis
1607 4155 1672 4226 pro
1694 4136 1906 4226 ,episcopatu
1933 4133 2055 4207 06666

506 4258 636 4350 riensi;
663 4260 745 4330 item
771 4263 852 4350 post
879 4256 947 4329 dno
973 4255 1118 4348 praedia
1144 4256 1319 4348 militaria,
1345 4248 1494 4334 solvitur
1520 4257 1653 4330 (166166
1678 4258 1716 4328 16
1743 4257 1975 4349 Byechow.

610 4379 839 4471 Ouaznnow,
873 4378 957 4451 villa
983 4379 1047 4452 sub
1074 4379 1241 4470 parocbia
1267 4377 1310 4449 de
1337 4379 1564 4470 Byechow
1598 4379 1685 4470 6116,
1720 4379 1819 4451 66166
1846 4380 1972 4452 haeres
1996 4377 2053 4450 Jo

504 4503 638 4579 bannos
664 4500 1002 4593 Rithwyensky
1039 4499 1083 4572 de
1109 4500 1218 4572 armis
1252 4497 1559 4591 Accipitrnm.
1603 4500 1646 4571 ln
1671 4521 1741 4592 qua
1766 4506 1851 4574 6661
1877 4521 1939 4572 sex
1966 4500 2053 4572 lanei

505 4623 757 4715 emetbouales,
793 4620 836 4708 de
862 4621 988 4714 quibus
1015 4619 1208 4694 decimatur
1233 4621 1400 4698 ecclesiae
1426 4622 1463 4694 in
1489 4621 1724 4714 Byecbow.
1759 4621 1850 4694 Item
1876 4623 2052 4712 praediun

505 4767 574 4821 non
601 4751 663 4822 est.
689 4746 776 4818 1166
803 4749 857 4817 661
883 4743 932 4816 ibi
959 4763 1048 4816 unus
1074 4742 1195 4817 laneus
1222 4742 1458 4836 cmetbonalis,
1473 4744 1546 4834 661
1571 4744 1724 4834 66611661
1741 4743 1788 4816 ad
1804 4744 2051 4835 proprietatem

505 4868 672 4944 ecclesiae
698 4869 734 4941 in
761 4866 995 4960 Byechow,
1031 4866 1091 4956 qui
1117 4865 1223 4938 solvit
1247 4869 1321 4938 tres
1345 4864 1516 4960 fertones,
1543 4871 1580 4938 61
1606 4865 1742 4940 laborat
1769 4869 1875 4938 unum
1902 4866 2050 4938 diemin

505 4993 708 5086 septimana.

610 5113 813 5203 Voczrczn,
859 5110 943 5184 villa
968 5110 1033 5182 sub
1066 5109 1235 5200 parocbia
1260 5109 1305 5182 (16
1330 5109 1554 5204 Byecbow
1579 5110 1667 5202 sita,
1702 5109 1800 5182 cuins
1834 5109 1961 5182 haeres
1994 5109 2049 5182 Jo

504 5239 637 5312 bannos
663 5233 969 5326 Rithwyensky.
1004 5231 1045 5303 lu
1072 5253 1142 5323 qua
1168 5237 1251 5304 6661
1276 5237 1411 5324 septem
1436 5232 1529 5304 lanei
1555 5233 1811 5324 cmetbonales,
1845 5233 1929 5304 1166
1954 5251 2051 5324 prae

503 5358 764 5434 (1166661666
790 5356 959 5446 militare,
995 5353 1039 5426 de
1067 5353 1193 5446 quibus
1219 5353 1368 5427 solvitur
1403 5353 1538 5426 decima
1567 5354 1733 5430 ecclesiae
1760 5355 1796 5426 in
1824 5355 2010 5446 Byecbo
2023 5375 2051 5425 rr

503 5481 592 5554 Pars
618 5487 734 5554 antem
761 5479 913 5552 decimae
939 5483 1019 5568 post
1046 5477 1133 5553 duos
1161 5495 1310 5568 campos,
1336 5476 1430 5548 cedit
1454 5477 1621 5550 ecclesiae
1647 5479 1683 5548 in
1710 5477 1944 5568 Byechorr.

792 5645 795 5652 ·
1120 5599 1447 5673 Scncznwoaznsz.

608 5721 703 5795 Villa
729 5723 860 5795 habens
888 5722 988 5792 1666
1009 5721 1244 5812 parochialem
1270 5720 1451 5794 ecclesiam
1478 5720 1638 5811 ligneam
1664 5717 1791 5793 Sancto
1808 5719 1941 5793 Jacobo
1958 5719 2048 5810 Apo
