4550 6600
1767 729 1815 801 59

266 929 309 1002 de
336 930 461 1020 quibus
489 929 647 1001 omnibus
683 929 830 1000 solvitur
856 934 892 1000 et
918 929 1124 1001 conducitur
1158 930 1293 1002 decima
1327 929 1553 1021 manipularis
1580 936 1616 1003 et
1643 934 1818 1024 canapalis

267 1050 431 1122 ecclesiae
467 1054 503 1121 et
525 1050 674 1140 plebano
700 1050 736 1121 in
774 1049 1202 1142 Racziborowicze,
1223 1059 1274 1126 =et
1298 1051 1398 1124 valor
1435 1052 1511 1124 eius
1541 1052 1748 1125 aestimatur
1773 1053 1818 1126 ad

268 1169 449 1242 duodecim
475 1189 620 1240 marcas.
647 1169 735 1241 Item
762 1190 831 1241 non
859 1175 912 1242 est
937 1170 986 1242 ibi
1013 1170 1203 1262 praedium,
1230 1172 1314 1244 item
1340 1171 1574 1244 molendinum
1600 1195 1670 1244 non
1697 1180 1761 1245 est

370 1289 700 1380 Wrcuonowrczn,
736 1290 819 1360 villa
845 1291 908 1362 sub
935 1292 1100 1381 parochia
1134 1292 1300 1364 ecclesiae
1327 1293 1371 1364 de
1406 1293 1818 1368 Racziborowicze

268 1414 345 1500 sita,
372 1411 471 1482 cuius
497 1411 694 1502 proprietas
720 1411 764 1482 ad
792 1409 953 1482 abbatem
980 1417 1016 1482 et
1041 1415 1288 1485 monasterinm
1314 1413 1358 1485 de
1375 1414 1562 1505 Mogylc
1586 1416 1754 1506 pertinet,
1779 1417 1816 1488 in

269 1553 338 1622 qua
364 1537 447 1603 sunt
472 1531 564 1602 lanei
590 1531 831 1621 cmcthonalesi,
858 1531 941 1602 item
960 1532 1117 1624 taberna,
1144 1534 1229 1605 item
1246 1535 1474 1624 hortulaniae,
1501 1536 1545 1608 de
1563 1537 1689 1627 quibus
1706 1537 1816 1607 omni·

268 1653 334 1724 bus
370 1652 518 1722 solvitur
553 1655 588 1722 et
614 1651 817 1722 conducitur
852 1651 985 1722 decima
1020 1653 1246 1744 manipularis
1281 1659 1318 1726 et
1342 1655 1519 1746 canapalis
1551 1677 1616 1746 pro
1650 1655 1815 1728 ecclesiae

269 1771 506 1846 Oracoviensis
533 1772 742 1861 episcopatu,
770 1775 806 1842 et
831 1771 929 1843 valor
955 1773 1030 1844 eius
1057 1776 1261 1846 aestimatur
1286 1775 1331 1846 ad
1358 1781 1490 1866 septem
1516 1796 1660 1848 marcas.

369 1892 682 1982 annsnnwrozn,
709 1891 792 1963 villa
814 1893 878 1964 sub
896 1895 1064 1983 parochia
1086 1895 1129 1966 de
1155 1895 1586 1988 Raczyborowycz‘e
1612 1897 1690 1988 sita,
1716 1899 1814 1970 cuins

263 2011 461 2103 proprietas
489 2009 534 2082 ad
560 2013 807 2084 monasterium
843 2013 886 2084 de
912 2013 1101 2107 Megyla
1135 2016 1306 2106 pertinet,
1342 2017 1378 2087 in
1405 2038 1474 2108 qua
1508 2039 1578 2088 non
1607 2023 1690 2110 sunt
1722 2018 1815 2095 lanei

264 2132 372 2222 aliqui
399 2133 589 2204 mensurati
616 2133 852 2226 cmethonum,
889 2133 950 2207 sed
977 2140 1058 2206 sunt
1082 2137 1321 2209 tantummodo
1348 2136 1466 2210 decem
1491 2137 1726 2228 hortulaniae,
1752 2113 1835 2210 lia-¹

178 2239 187 2254 “
263 2253 387 2325 bentes
414 2273 527 2344 agros,
553 2253 638 2326 item
664 2261 720 2326 est
745 2275 815 2327 una
840 2257 994 2347 taberna,
1021 2256 1154 2329 habens
1179 2278 1282 2348 agros
1308 2263 1345 2329 et
1371 2257 1510 2330 solvens
1536 2277 1694 2349 censum,
1729 2259 1814 2330 item

262 2374 445 2465 praedium
472 2380 526 2446 est
552 2375 602 2446 ibi
629 2377 829 2449 coenobiale
864 2377 1010 2469 bonum,
1047 2383 1083 2450 et
1110 2378 1154 2450 de
1179 2378 1338 2450 omnibns
1373 2378 1521 2450 solvitur
1546 2383 1583 2449 et
1607 2377 1813 2450 conducitur

264 2495 398 2575 decima
423 2495 650 2585 manipularis
677 2502 714 2568 et
741 2497 917 2589 canapolis
951 2519 1016 2589 pro
1043 2499 1190 2572 ecclesia
1224 2499 1261 2570 in
1286 2499 1733 2592 Raczyborowycze,
1772 2504 1809 2572 et

263 2615 362 2687 valor
388 2616 592 2688 aestimatur
618 2616 663 2688 ad
689 2617 813 2708 viginti
838 2639 983 2690 marcas.
1675 2685 1685 2704 ,

366 2736 687 2829 Dznunuowuczn,
714 2739 798 2810 villa
817 2741 881 2812 sub
899 2740 1065 2830 parochia
1091 2740 1134 2812 de
1160 2739 1585 2832 Raczyborowicze
1611 2741 1688 2831 sita,
1715 2741 1812 2814 cuius

263 2857 461 2952 proprietas
488 2859 532 2930 ad
560 2859 750 2950 capitulum
769 2859 998 2932 Graooviense
1024 2861 1186 2951 pertinet,
1213 2861 1249 2931 in
1268 2881 1338 2952 qua
1354 2867 1436 2932 sunt
1454 2865 1587 2952 septem
1604 2881 1681 2946 cum
1698 2861 1812 2933 medio

263 2981 355 3052 lanei
382 2981 622 3071 cmethonales,
650 2982 735 3053 item
761 3003 832 3053 una
857 2982 1004 3054 taberna
1022 2987 1059 3052 et
1076 2987 1150 3052 tres
1176 2982 1406 3070 hortulaniae,
1432 2982 1601 3054 habentes
1628 3001 1742 3071 agros,
1769 2981 1813 3052 de

264 3101 389 3193 quibus
416 3101 574 3173 omnibns
602 3102 749 3174 solvitur
774 3108 811 3174 et
838 3101 1041 3174 conducitur
1072 3101 1205 3173 decima
1230 3102 1458 3193 manipularis
1484 3106 1521 3174 et
1547 3102 1722 3192 canapalis
1748 3122 1812 3192 pro

262 3222 460 3315 praebenda
487 3220 718 3315 Gracoviensi,
746 3244 834 3316 quae
860 3228 1005 3296 vocatur
1031 3221 1322 3315 Wangrzeczska,
1350 3227 1387 3294 et
1411 3222 1511 3295 valor
1537 3223 1741 3294 aestimatur
1767 3221 1813 3294 ad

263 3344 673 3436 vigintimarcas.1tem
700 3344 880 3436 praedium
907 3350 961 3418 est
986 3345 1035 3417 ibi
1062 3345 1265 3438 capitulare,
1290 3345 1334 3417 de
1361 3346 1457 3418 ouius
1484 3345 1578 3436 agris
1604 3366 1674 3417 non
1707 3344 1813 3417 solvit

263 3466 366 3539 alicui
393 3466 569 3539 decimam.

366 3586 624 3679 Wnnonnozn,
659 3588 743 3659 villa
773 3588 837 3660 snb
863 3588 1029 3679 parochia
1063 3589 1106 3659 de
1132 3588 1556 3678 Racziborowycze
1593 3586 1678 3676 sita,
1713 3587 1812 3659 curius

262 3708 460 3800 proprietas
487 3708 598 3781 divisa
624 3712 693 3797 est,
727 3729 806 3779 nam
833 3728 937 3780 unam
964 3714 1100 3798 partem
1125 3708 1275 3781 mediam
1301 3711 1398 3778 tenet
1422 3706 1623 3797 praebenda
1649 3705 1811 3777 Gracori-

263 3828 365 3918 ensis,
402 3850 490 3920 qnae
516 3834 661 3901 vocatur
687 3848 709 3899 a
734 3828 818 3899 villa
852 3826 1011 3918 praefata
1045 3826 1340 3919 Wangrzeczslra,
1376 3826 1509 3897 hebens
1545 3825 1595 3896 ibi
1630 3824 1810 3914 praedium

120 3948 124 3955 '
262 3950 391 4022 bonnm
414 3944 496 4021 'cum
522 3950 643 4041 pratis,
671 3949 714 4021 de
742 3970 810 4040 quo
836 3948 923 4021 nulli
949 3948 1117 4021 decimam
1145 3948 1215 4038 dat,
1243 3948 1304 4019 sed
1331 3968 1407 4019 eam
1433 3967 1497 4037 pro
1524 3965 1562 4017 se
1588 3945 1700 4034 tollit;
1726 3946 1810 4016 item

262 4070 369 4142 habet
396 4076 529 4161 septem
555 4071 675 4142 laneos
702 4069 943 4160 cmethonales,
970 4070 1054 4151 item
1072 4089 1176 4141 unam
1193 4068 1436 4158 hortulaniam,
1463 4068 1548 4138 item
1573 4087 1678 4137 unam
1695 4067 1811 4138 taber-
1855 4079 1861 4090 ·

261 4211 352 4281 nam,
378 4191 547 4263 habentes
574 4212 687 4282 agros3
715 4191 826 4263 altera
852 4196 968 4263 autem
994 4191 1164 4262 medietas
1190 4190 1304 4263 dictae
1330 4188 1434 4261 villae
1466 4187 1620 4280 pertinet
1646 4188 1691 4259 ad
1717 4188 1811 4278 capi-

261 4312 372 4384 tulum
399 4310 638 4403 Oracoviense,
665 4312 701 4383 in
720 4333 789 4403 qua
807 4317 888 4383 sunt
906 4332 967 4384 sex
984 4311 1076 4383 lanei
1094 4310 1329 4385 cmethonales
1355 4315 1392 4383 et
1408 4331 1478 4382 una
1503 4310 1660 4399 taberna,
1678 4309 1811 4381 habens

261 4453 376 4524 agros,
403 4438 439 4505 et
466 4438 616 4525 quatuor
641 4433 879 4523 hortulaniae,
906 4434 1074 4506 habentes
1102 4454 1224 4525 agros,
1251 4432 1294 4505 de
1321 4432 1445 4524 quibus
1473 4432 1632 4504 omnibus
1659 4429 1811 4503 solvitur

262 4560 299 4626 et
325 4554 528 4626 conducitur
564 4554 698 4626 decima
723 4554 948 4646 manipularis
975 4559 1011 4626 et
1037 4555 1213 4645 canapalis
1245 4552 1374 4627 ibidem
1400 4553 1437 4623 in
1462 4552 1628 4625 horreum
1655 4552 1810 4623 canonici

262 4674 481 4766 praebendae
507 4675 684 4767 praelatae
711 4674 997 4767 Wangrzeczska.
1033 4674 1121 4748 Item
1148 4680 1204 4747 est
1229 4675 1279 4746 ibi
1305 4696 1411 4746 unum
1437 4674 1618 4765 praedium
1646 4674 1683 4744 in
1709 4678 1810 4763 parte

263 4794 454 4886 capitulari,
480 4796 613 4870 habens
640 4816 753 4888 agros,
781 4796 824 4868 de
851 4798 974 4888 quibus
1000 4816 1125 4887 regens
1143 4796 1262 4868 villam
1287 4816 1357 4868 non
1374 4794 1479 4867 solvit
1503 4793 1607 4865 alicui
1633 4793 1810 4885 decimam,

180 4978 183 4984 .
263 4914 325 4987 sed
352 4936 428 4987 eam
454 4936 519 5009 pro
546 4936 583 4990 se
609 4918 703 4989 tollit
729 4922 766 4989 et
792 4918 828 4989 in
854 4918 1018 4990 horreum
1044 4936 1146 4990 snum
1171 4916 1313 4992 inducit

368 5036 649 5129 Banuowuozn,
675 5038 760 5111 villa
785 5039 849 5111 sub
875 5038 1042 5129 parochia
1068 5037 1112 5109 de
1138 5036 1570 5128 Raczyborowycze
1597 5034 1684 5125 sita,
1711 5035 1809 5107 cuius

261 5158 459 5249 proprietas
486 5158 531 5230 ad
557 5160 755 5252 episcopum
782 5156 1045 5232 Gracoviensem
1071 5158 1235 5249 pertinet,
1261 5158 1298 5229 in
1317 5178 1386 5248 qua
1412 5161 1495 5227 sunt
1521 5176 1583 5227 sex
1609 5154 1702 5225 lanei
1719 5174 1810 5227 cmc-

261 5277 421 5351 thonales
448 5298 525 5352 cnm
551 5280 682 5372 medio,
718 5279 761 5352 de
788 5280 913 5371 quibus
950 5280 1097 5351 solvitur
1122 5285 1159 5350 et
1185 5277 1390 5351 conducitur
1424 5277 1558 5349 decima
1583 5276 1808 5367 manipularis

261 5404 299 5471 et
325 5376 499 5493 canapalis
534 5421 598 5493 pro
625 5400 834 5493 praebenda·
858 5398 1099 5491 cracoviensi,
1135 5400 1230 5505 dicta
1254 5398 1549 5491 Wangrzeczslra,
1584 5398 1682 5471 cuius
1708 5397 1807 5470 valor

262 5522 467 5595 aestimatur
493 5522 537 5595 ad
563 5522 687 5616 viginti
713 5541 857 5594 marcas.
900 5520 989 5593 Item
1016 5526 1070 5596 est
1095 5520 1146 5595 ibi
1171 5540 1277 5595 unum
1311 5519 1491 5611 praedium
1517 5520 1729 5614 episcopale,
1764 5519 1808 5595 de
