4550 6600
1510 860 1514 867 ¹
1654 740 1772 829 'lor

231 958 386 1053 praelata
420 964 475 1031 est
500 957 626 1031 nudus
661 960 864 1033 monasterii
899 960 1053 1031 eiusdem
1089 960 1124 1030 iu
1153 924 1495 1053 Stauyauthky.⁸
1537 961 1577 1033 Iu
1605 982 1673 1051 qua
1699 980 1779 1035 sua·

235 1102 292 1155 sex
318 1082 410 1153 lanei
437 1080 683 1171 emethouales,
710 1081 800 1153 duae
826 1082 1046 1155 hortulauiae
1072 1090 1109 1153 et
1135 1082 1225 1153 duae
1251 1082 1418 1187 tabernae
1445 1084 1482 1153 iu
1509 1087 1620 1155 strata
1645 1084 1784 1174 publica

231 1204 329 1293 sitae,
356 1203 523 1275 habentes
550 1202 683 1293 amplos
710 1224 829 1293 agros,
856 1204 939 1275 item
967 1196 1015 1275 ibi
1034 1208 1115 1275 suut
1133 1204 1201 1275 duo
1219 1203 1431 1292 molendina;
1459 1203 1645 1294 dequibus
1672 1206 1782 1278 omni-

231 1326 292 1396 bus
318 1322 466 1395 solvitur
491 1328 528 1395 et
546 1322 752 1397 conducitur
778 1324 911 1395 decima
937 1324 1164 1415 manipularis
1190 1329 1227 1396 et
1248 1324 1423 1416 canapalis
1450 1324 1669 1414 praebendae
1694 1325 1780 1397 Gra-

231 1445 389 1535 coviensi,
416 1465 504 1535 quae
522 1450 665 1517 vocatur
692 1445 1031 1538 Stauyautbeczska,
1059 1447 1156 1517 cuius
1175 1446 1272 1518 valor
1290 1446 1498 1541 aestimatur
1524 1446 1569 1517 ad
1587 1447 1781 1537 quindecim

121 1654 124 1667 ,
230 1586 379 1657 marcas,
406 1571 546 1657 practer
582 1587 703 1657 agros,
740 1568 799 1659 qui
834 1567 997 1639 dicuutur
1016 1564 1262 1663 przpuryarlcy,
1298 1567 1341 1641 de
1378 1567 1503 1659 quibus
1530 1567 1663 1642 decima
1689 1569 1783 1641 cedit

233 1688 451 1781 praebendae
478 1686 699 1761 Oracoviensi
730 1687 842 1759 dictae
868 1687 1175 1780 Roszyeyowszka.
1201 1688 1290 1759 Item
1317 1692 1372 1760 est
1397 1689 1446 1760 ibi
1472 1711 1577 1761 unum
1603 1689 1784 1779 praedium

231 1810 444 1900 coenobiale,
472 1809 515 1881 do
542 1810 639 1882 cuius
666 1810 761 1901 agris
786 1809 873 1885 nudli
901 1809 1048 1883 solvitur
1074 1810 1225 1900 decima,
1252 1809 1314 1883 sed
1341 1830 1417 1881 earn
1443 1810 1691 1885 monasterium
1716 1832 1781 1905 pro

231 1952 267 2005 se
293 1932 388 2005 tollit
414 1937 451 2003 et
477 1932 634 2023 percipit.
708 1922 713 1937 ’

332 2052 576 2144 Ouuoscucz,
598 2054 681 2125 villa
708 2054 771 2125 sub
790 2054 955 2145 parochia
981 2054 1025 2125 de
1043 2053 1251 2146 Brzezye
1277 2054 1365 2144 sita,
1391 2055 1488 2127 cuius
1514 2055 1710 2146 proprietas
1737 2054 1783 2127 ad

230 2176 508 2248 sanctimoniales
535 2176 571 2247 iu
598 2175 937 2267 Stanyauthlry.
976 2176 1016 2247 Iu
1040 2198 1109 2268 qua
1135 2181 1218 2247 suut
1244 2181 1395 2266 quatuor
1419 2177 1512 2247 lanei
1539 2176 1781 2267 emetbonales,

231 2298 425 2387 dequibus
461 2297 607 2369 solvitur
634 2298 767 2369 decima
800 2297 1027 2387 manipularis
1063 2302 1099 2369 et
1127 2298 1301 2387 canapalis
1336 2298 1503 2369 ecclesiae
1529 2298 1720 2389 parochiali
1747 2298 1783 2369 iu
1855 2300 1859 2305 ’

231 2420 452 2509 Brzezye,
487 2423 523 2491 et
548 2419 647 2491 valor
682 2419 758 2493 eius
794 2419 998 2491 aestimatur
1033 2419 1077 2490 ad
1105 2420 1257 2511 quinque
1291 2432 1451 2491 marcas'
1480 2418 1570 2491 Item
1605 2440 1674 2491 nou
1702 2424 1785 2491 sunt

231 2540 276 2612 ibi
302 2539 543 2634 hortulauiae,
571 2562 639 2613 uon
652 2578 653 2585 κ
666 2540 852 2631 tabernae,
879 2560 990 2631 neque
1017 2540 1260 2613 molendinum.
1300 2541 1390 2613 Item
1415 2545 1471 2612 est
1496 2540 1677 2631 praedium
1704 2560 1782 2613 coe-

230 2662 382 2751 nobiale,
409 2661 452 2733 de
479 2682 547 2751 quo
574 2644 661 2733 nulli
686 2661 854 2733 moniales
880 2662 1021 2735 solvunt
1047 2660 1224 2754 decimam,
1250 2660 1313 2737 sed
1339 2682 1416 2737 eam
1441 2682 1504 2757 pro
1527 2682 1565 2736 se
1592 2660 1721 2735 tollunt
1749 2665 1786 2733 et

231 2782 265 2855 in
290 2782 457 2858 borreum
481 2803 584 2855 suum
610 2782 786 2855 inducunt.

330 2904 601 2993 Soza-ramur,
637 2904 722 2977 villa
748 2905 813 2977 sub
840 2904 1006 2994 parochia
1042 2904 1085 2976 de
1112 2904 1320 2997 Brzezye
1347 2906 1435 2996 sita,
1461 2906 1559 2978 cuius
1585 2907 1785 2997 proprietas

232 3024 274 3097 ad
291 3025 485 3097 custodiam
503 3024 767 3097 cracoviensem
786 3026 948 3115 pertinet.
975 3026 1016 3097 In
1035 3048 1103 3117 qua
1117 3032 1204 3099 'suut
1222 3027 1373 3117 quinque
1390 3028 1483 3099 lanei
1501 3028 1786 3117 sanctuariorum,

232 3148 272 3219 de
299 3146 426 3238 quibus
453 3146 601 3219 solvitur
627 3151 664 3218 et
682 3146 888 3219 conducitur
915 3146 1046 3219 decima
1073 3148 1298 3238 manipularis
1329 3153 1366 3219 et
1391 3149 1567 3239 oauapalis
1593 3170 1658 3238 pro
1684 3166 1786 3238 prac-

126 3294 131 3302 ·
232 3269 341 3342 benda
377 3266 617 3358 Oroandicum,
653 3288 740 3360 quae
776 3274 921 3341 vocatur
957 3266 1206 3360 Ozechowska,
1241 3270 1339 3344 cuius
1375 3270 1474 3342 valor
1509 3270 1714 3344 aestimatur
1740 3268 1785 3343 ad

234 3398 362 3482 septem
392 3411 536 3464 marcas.
575 3391 664 3462 Item
701 3397 782 3462 suut
817 3391 866 3462 ibi
894 3391 953 3462 alii
989 3392 1211 3482 quamplures
1244 3393 1336 3463 lanei
1361 3392 1595 3464 cmethonales
1626 3397 1787 3464 sauctus-

232 3517 379 3603 riorum,
408 3512 451 3584 de
470 3513 594 3603 nuribus
612 3533 681 3584 nou
700 3512 840 3584 solvunt
857 3512 961 3584 alicui
979 3512 1164 3603 decimam,
1190 3513 1252 3585 sed
1270 3514 1416 3603 quilibet
1432 3514 1528 3584 illam
1546 3533 1611 3603 pro
1626 3534 1664 3584 se
1681 3513 1784 3585 tollit.

232 3635 315 3706 ltem
343 3641 428 3705 suut
458 3634 507 3705 ibi
536 3639 685 3724 quatuor
712 3633 805 3704 lanei
832 3655 900 3704 nou
929 3634 1223 3724 sanctuariorum,
1258 3633 1319 3706 sed
1347 3634 1518 3706 Jchauuis
1543 3634 1796 3725 Kwyatho:

232 3778 252 3826 n
262 3757 385 3848 ywsk
391 3777 424 3846 y,
442 3754 485 3827 de
499 3755 623 3845 quibus
642 3755 746 3827 etiam
766 3754 869 3826 datur
888 3755 1021 3826 decima
1038 3755 1256 3845 praebendae
1276 3754 1497 3827 cracoviensi
1515 3756 1550 3825 in
1561 3753 1791 3850 pouytlawam.

334 3876 480 3967 Gneus,
508 3877 590 3948 villa
616 3878 680 3950 sub
708 3877 874 3967 parochia
900 3875 942 3948 de
970 3876 1178 3969 Brzezye
1204 3877 1281 3966 sita
1309 3877 1407 3948 cuius
1433 3877 1631 3967 proprietas
1648 3876 1693 3946 ad
1711 3897 1784 3946 mo-

237 4000 427 4071 nasterium
446 3999 759 4070 sanctimonialium
778 3998 820 4069 de
839 3997 1134 4088 Stauyantbk
1144 4020 1167 4088 y
1192 3998 1353 4089 pertinet.
1380 3998 1421 4069 lu
1440 4019 1509 4088 qua
1525 4003 1580 4069 est
1593 3997 1788 4088 praedium,

227 4143 297 4192 uon
326 4127 410 4192 suut
435 4120 663 4209 hortulauiae,
689 4140 801 4208 neque
828 4121 1003 4210 tabernae,
1031 4120 1093 4190 sed
1110 4125 1248 4192 tantum
1266 4124 1418 4210 quatuor
1437 4119 1531 4190 lanei
1549 4118 1784 4190 emethouales

235 4243 275 4313 de
302 4243 428 4333 quibus
455 4241 602 4315 solvitur
628 4247 664 4312 et
690 4241 893 4312 conducitur
919 4241 1053 4312 decima
1079 4242 1305 4331 manipularis
1330 4247 1367 4312 et
1392 4241 1569 4331 canapalis
1596 4261 1664 4330 pro
1687 4260 1788 4330 prae-

234 4363 346 4436 benda
373 4363 604 4453 Oracoviensi,
631 4384 719 4456 quae
738 4363 864 4435 dicitur
891 4362 1220 4455 Stauyantheczslra,
1246 4369 1284 4436 et
1301 4363 1399 4436 valor
1429 4363 1505 4436 eius
1522 4363 1726 4434 aestimatur
1744 4360 1792 4433 ad

235 4491 386 4576 quatuor
413 4505 557 4557 marcas.
1590 4480 1608 4492 ”

871 4606 1146 4678 Bazsszuuezn.

339 4728 435 4799 Villa
460 4727 593 4799 habeus
620 4726 799 4800 ecclesiam
827 4726 1059 4818 parochialem
1086 4728 1122 4796 iu
1149 4745 1188 4798 se
1213 4726 1380 4816 ligneam,
1408 4724 1536 4823 Sancto
1564 4723 1670 4797 Petro
1697 4724 1792 4815 Apo·

123 4925 130 4942 ,
237 4851 327 4922 stolo
354 4851 515 4938 dicatam,
542 4850 639 4921 cuius
666 4849 862 4940 proprietas
890 4849 1005 4921 etius
1032 4853 1240 4938 patronatus
1267 4848 1313 4919 ad
1338 4848 1586 4919 monasterium
1604 4847 1790 4919 sanctimo-

238 4972 379 5044 nialium
407 4971 449 5044 de
478 4969 774 5061 Stanyathlry
800 4971 960 5060 pertinet.
996 4970 1037 5040 Iu
1068 4990 1137 5059 qua
1162 4975 1245 5041 sunt
1268 4969 1417 5040 sedecim
1434 4969 1528 5040 lanei
1545 4969 1791 5059 emethoualeS,

237 5093 318 5164 item
346 5092 435 5164 duae
461 5091 690 5181 hortulauiae,
717 5093 800 5163 item
827 5092 916 5164 duae
942 5092 1108 5162 tabernac
1135 5091 1305 5163 habentes
1330 5111 1443 5181 agros,
1470 5091 1514 5161 de
1541 5090 1665 5181 quibus
1684 5090 1794 5162 omni·

239 5213 301 5284 bus
337 5213 484 5286 solvitur
511 5219 547 5286 et
573 5213 777 5284 conducitur
811 5213 945 5284 decima
977 5211 1204 5302 manipularis
1231 5217 1268 5283 et
1293 5211 1468 5302 canapalis
1494 5232 1558 5302 pro
1586 5212 1790 5284 canonicatu

240 5339 275 5406 et
300 5334 500 5425 praebenda
526 5333 756 5429 Gracovieusi,
783 5355 871 5424 quae
898 5339 1044 5406 vocatur
1069 5333 1271 5424 Lazowska,
1297 5339 1334 5406 et
1360 5333 1458 5404 valor
1484 5333 1559 5406 eius
1586 5333 1791 5405 aestimatur

240 5455 281 5528 ad
309 5455 490 5540 decernet
516 5462 595 5528 octo
622 5477 766 5528 marcas.
792 5455 881 5529 Item
907 5455 1054 5527 ecclesia
1079 5459 1116 5526 et
1142 5455 1310 5545 plebanus
1336 5454 1444 5526 habet
1464 5454 1514 5526 ibi
1531 5459 1669 5526 veteres
1687 5475 1792 5545 agros
1880 5493 1883 5504 ·

242 5577 407 5665 speciales
433 5582 470 5683 et
495 5582 606 5667 prata,
632 5577 761 5649 liberos
788 5599 809 5648 a
835 5597 941 5648 ceusu
967 5581 1004 5648 et
1029 5575 1209 5648 laboribus
1235 5580 1272 5646 et
1297 5596 1319 5645 a
1344 5575 1487 5666 decima,
1514 5575 1620 5648 habet
1646 5580 1683 5646 et
1705 5575 1793 5648 alios

243 5695 327 5780 duos
352 5698 481 5789 laneos,
509 5698 568 5792 qui
595 5703 696 5774 erant
722 5697 966 5796 emethouales,
984 5696 1181 5778 novissimis
1200 5696 1415 5799 temporibus
1432 5717 1496 5798 per
1514 5697 1796 5781 saudimoniales
