4550 6600
1697 800 1772 871 323

223 1021 289 1075 non
316 1002 404 1089 sunt,
431 996 475 1068 de
503 997 627 1088 quibus
655 998 813 1071 omuibus
840 999 988 1071 solvitur
1015 1004 1051 1071 et
1077 999 1283 1072 conducitur
1319 1001 1452 1073 decima
1478 1005 1706 1094 manipularis
1737 1012 1774 1078 et

225 1143 285 1215 per
310 1142 371 1193 sex
396 1119 566 1210 ligaturas
593 1120 787 1212 campalis,
814 1102 878 1211 pro
905 1121 1052 1193 ccclesia
1078 1121 1114 1191 in
1142 1120 1337 1213 Ossyek‚
1373 1129 1410 1195 et
1435 1125 1535 1197 valen
1561 1126 1637 1198 eius
1664 1129 1772 1201 aesti-

224 1249 337 1317 matur
364 1241 408 1315 ad
426 1296 541 1313 .....
568 1243 657 1313 Item
685 1241 863 1332 praedium
892 1264 961 1315 nou
989 1248 1052 1315 cst.
1473 1327 1479 1340 ,

324 1364 527 1455 resonos,
563 1364 647 1435 villa
674 1364 738 1437 sub
765 1364 930 1454 samonio
956 1365 998 1435 de
1026 1364 1295 1437 Chorzelow
1330 1367 1415 1457 sita,
1453 1365 1551 1437 cuius
1578 1370 1774 1459 proprietas

223 1488 266 1561 ad
292 1485 549 1557 serenissimum
575 1485 742 1559 Poloniae
779 1504 896 1575 regem
922 1486 1085 1575 pertinet.
1129 1486 1171 1557 In
1199 1507 1266 1576 qna
1292 1491 1375 1559 snut
1409 1487 1502 1559 lanei
1529 1490 1774 1578 meibomius,

223 1611 302 1681 item
328 1608 496 1679 tabernae
523 1608 683 1699 quinque,
710 1606 794 1679 item
820 1606 1063 1698 hortulaniac,
1080 1608 1165 1679 item
1190 1608 1372 1697 praedium
1399 1609 1552 1703 regium,
1579 1610 1622 1681 de
1649 1611 1775 1701 quibus
1914 1587 1917 1595 ’

223 1728 380 1809 omuibus
406 1729 554 1803 solvitur
572 1734 607 1801 et
625 1728 828 1802 conducitur
856 1726 989 1799 decima
1015 1727 1242 1819 manipularis
1260 1735 1296 1801 et
1314 1750 1378 1819 per
1405 1750 1465 1801 sex
1483 1730 1652 1820 ligaturas
1670 1752 1772 1805 cana-

222 1852 306 1944 palis
333 1872 398 1943 pro
426 1850 572 1922 ccclesia
598 1850 633 1922 in
659 1849 856 1941 Ossyek‚
883 1854 920 1921 et
946 1849 1045 1921 valor
1071 1850 1146 1922 eius
1174 1851 1380 1923 aestimatur
1407 1850 1452 1921 ad
1471 1904 1614 1921 ......

323 1972 519 2063 Bocnurn,
546 1972 710 2064 oppidum
736 1972 879 2061 regium,
906 1970 943 2042 iu
971 1991 1038 2061 quo
1066 1970 1157 2043 sales
1184 1971 1404 2043 effodiuntur.
1444 1971 1485 2041 ln
1513 1992 1580 2062 quo
1609 1973 1775 2064 oppidani
1833 1954 1840 1957 ’

223 2118 263 2167 en
289 2094 431 2185 antiquo
450 2114 547 2167 more
565 2093 772 2183 Bochnensi,
800 2092 982 2163 solvebant
999 2090 1165 2163 ecclesiae
1192 2093 1229 2163 in
1255 2091 1436 2184 Ossyok
1461 2113 1525 2182 pro
1547 2091 1637 2164 festo
1656 2092 1775 2166 Sancti

223 2217 366 2289 Martini
394 2215 574 2289 duodecim
601 2234 734 2287 marcas
761 2214 912 2285 latorum
938 2233 1154 2304 grossorum,
1181 2214 1243 2285 sed
1259 2233 1427 2304 processu
1443 2214 1609 2303 temporis
1637 2214 1774 2285 ablatus

223 2343 273 2411 est
296 2358 360 2429 per
388 2358 488 2429 reges
516 2342 552 2409 et
577 2336 751 2427 principes
778 2334 963 2423 Poloniae3
986 2354 1101 2425 quem
1128 2354 1206 2412 curu
1231 2334 1361 2406 Paulus
1387 2334 1676 2427 S'mylowshy
1702 2335 1775 2425 ple·
1828 2356 1831 2363 ·

222 2463 327 2533 banus
354 2461 393 2531 in
421 2459 518 2531 curia
543 2458 701 2531 Romana
726 2457 894 2549 litigando
921 2477 1128 2548 recuperare
1156 2457 1271 2548 vellet,
1298 2478 1320 2528 a
1345 2452 1515 2528 (iasimiro
1542 2456 1650 2529 tertio
1672 2456 1775 2528 Polo·
1875 2439 1879 2445 ’

224 2583 297 2655 niae
323 2603 408 2673 rege
433 2580 631 2673 prohibitus
658 2584 739 2666 est,

320 2700 437 2777 Villae
463 2700 690 2794 parochiales:
716 2700 880 2791 oppidum
906 2698 1097 2791 Ossyek‚
1124 2698 1275 2789 Dluga
1299 2697 1466 2790 Lanka
1468 2752 1514 2770 .....

896 2820 1103 2893 Sruzauon.
1153 2865 1160 2876 -
1545 2904 1550 2909 g

320 2947 419 3019 Villa
451 2946 592 3019 habens·
610 2946 654 3017 .iu
690 2964 727 3017 se
754 2943 988 3035 parochialem
1027 2942 1208 3014 ecclesiam
1243 2942 1411 3032 ligneam,
1448 2941 1576 3015 Sancto
1612 2928 1775 3014 Andreae
1843 2959 1847 2965 ·

214 3070 390 3161 'Apostolo
419 3069 576 3159 dicatam,
604 3068 700 3140 cuius
728 3066 925 3157 proprietas
944 3064 988 3135 ad
1006 3064 1263 3135 serenissimum
1281 3062 1447 3175 Polpniae
1465 3085 1582 3153 regem
1610 3064 1772 3153 pertinet.

225 3192 262 3263 ln
288 3212 355 3283 qua
383 3195 465 3263 sunt
490 3188 583 3261 lanei
614 3186 866 3277 cmethonales,
903 3185 1098 3277 dequibus
1135 3184 1294 3257 omnibus
1329 3162 1477 3255 solvitur
1503 3190 1540 3255 et
1566 3183 1800 3269 conducitur
1906 3229 1909 3239 λ

225 3315 353 3388 decima
388 3311 615 3403 manipularis
643 3317 678 3383 et
705 3310 881 3401 canapalis
917 3330 981 3400 pro
1018 3308 1221 3400 episcopatu
1257 3306 1487 3378 Gracoviensi.
1532 3307 1620 3378 Item
1648 3310 1703 3377 cst
1727 3307 1778 3378 ibi

225 3436 402 3527 praedium
429 3434 583 3526 regium,
610 3433 653 3505 de
680 3433 778 3506 'cuius
805 3431 918 3522 agris,
951 3430 1010 3522 qui
1037 3429 1210 3520 quondam
1237 3433 1339 3500 erant
1366 3427 1595 3516 scoltetiales,
1631 3427 1779 3498 solvitur

226 3558 353 3630 decima
380 3556 608 3648 manipularis
636 3555 801 3626 ecclesiae
827 3554 875 3648 in¹
891 3552 1141 3642 Strzcgom.
1184 3549 1274 3620 ltem
1301 3550 1409 3621 hahet
1435 3570 1539 3640 agros
1565 3547 1777 3620 sufficientes

227 3702 299 3752 cum
324 3679 439 3772 pratis
465 3700 529 3771 pro
556 3677 710 3769 praedio,
737 3676 820 3746 item
846 3675 953 3746 hahet
980 3673 1065 3744 duas
1092 3673 1257 3744 tabernas
1283 3671 1453 3742 habentes
1480 3691 1593 3760 agros,
1617 3675 1653 3740 et
1671 3690 1776 3759 quae-

227 3803 308 3876 libet
334 3802 442 3876 solvit
467 3822 532 3892 pro
560 3809 665 3872 censu
691 3798 839 3890 plebano
859 3849 999 3885 ......
1025 3795 1109 3866 item
1135 3792 1243 3864 habet
1268 3791 1435 3881 piscinam
1463 3812 1541 3878 cum
1567 3789 1775 3878 molendino,

227 3925 267 3996 de
293 3946 360 4017 qno
388 3922 538 4016 percipit
563 3925 738 4010 metretas,
766 3923 802 3990 et
820 3923 900 4008 post
918 3899 1150 3988 molendinum
1177 3913 1283 3984 hahet
1301 3933 1404 4002 agros
1421 3893 1618 4002 praediales
1640 3910 1778 3980 noviter

228 4048 429 4140 extirpatus
456 4045 540 4118 item
566 4043 673 4116 hahet
698 4042 734 4114 iu
761 4040 845 4122 uilla
871 4037 1149 4110 Makoschin
1184 4040 1266 4126 post
1292 4055 1398 4106 unum
1425 4051 1581 4124 campum
1610 4031 1778 4103 decimam

229 4169 485 4262 manipularem.

327 4291 443 4363 Villae
469 4286 695 4382 parochiales:
722 4285 1000 4374 Strzegom....

866 4405 1138 4477 Nrnunnssow.

314 4535 423 4608 Villa
448 4534 579 4606 habens
606 4533 642 4604 in
669 4551 707 4604 se
733 4527 970 4621 parochialem
1006 4524 1187 4598 ecclesiam
1213 4523 1381 4613 ligneam,
1416 4518 1619 4591 Visitationi
1646 4516 1776 4587 Beatae

232 4657 362 4730 Mariae
388 4655 545 4746 Virginis
572 4653 733 4742 dicatam,
760 4650 858 4723 cuius
884 4646 1053 4720 haeredes
1080 4644 1384 4737 Wyrzbiatha
1415 4647 1452 4712 et
1478 4637 1682 4712 Leonardus
1709 4635 1779 4706 ira-

130 4849 132 4860 .
232 4784 300 4850 tres
336 4779 379 4851 de
415 4777 516 4850 domo
557 4773 841 4863 Grillonum,
881 4776 918 4843 et
958 4769 1108 4840 Thomas
1148 4761 1552 4852 Kolaozkowszky
1593 4758 1636 4828 de
1676 4757 1783 4827 armis
1899 4839 1903 4845 ¹

233 4899 421 4990 lanius,
462 4899 559 4972 cuius
586 4897 754 4988 plebanus
781 4893 967 4965 nodemus
995 4888 1188 4994 Stanislaus
1214 4883 1402 4989 Golyab.
1441 4882 1482 4967 In
1510 4901 1579 4972 qua
1596 4884 1679 4950 suut
1706 4898 1784 4966 sep·
1860 4935 1864 4942 .

234 5027 300 5094 tem
325 5022 419 5094 lanei
445 5018 697 5108 cmethonales,
733 5017 776 5088 de
803 5015 928 5107 quibus
954 5012 1103 5084 solvitur
1130 5007 1263 5080 decima
1289 5003 1516 5095 manipularis
1542 5008 1579 5072 et
1607 4997 1783 5089 canapalis

200 5163 293 5233 pro
319 5143 639 5235 vicepraepcsitura
664 5136 955 5226 Saudomiriensi,
995 5133 1092 5205 cuius
1120 5129 1219 5202 valor
1245 5127 1450 5200 aestimatur
1477 5123 1523 5196 ad
1550 5143 1611 5193 sex
1638 5139 1784 5206 marcas
1876 5210 1881 5215 .
2023 5193 2028 5198 ¹

236 5265 314 5337 item
340 5267 487 5338 taberna
512 5283 583 5336 una
608 5263 741 5336 hahens
768 5279 873 5350 agros
899 5256 1047 5349 plebani,
1074 5258 1216 5345 praeter
1244 5269 1346 5342 quam
1373 5247 1443 5319 alia
1468 5245 1564 5317 nulla
1590 5242 1700 5314 locari
1722 5261 1784 5330 po·

236 5389 311 5475 test,
337 5386 380 5458 de
406 5405 475 5476 qua
501 5405 522 5456 a
549 5383 704 5474 quolibet
730 5379 870 5468 octnali,
896 5376 1000 5450 datur
1027 5372 1186 5466 quartale
1213 5368 1380 5442 cervisiae
1406 5385 1471 5457 pro
1498 5364 1665 5455 pleban03
1700 5359 1785 5430 item

237 5506 374 5578 suntin
401 5505 521 5578 eadem
547 5503 631 5576 villa
666 5503 735 5574 duo
761 5499 906 5592 praedia
941 5495 1123 5584 militaria,
1160 5493 1203 5564 de
1236 5490 1361 5581 quibus
1397 5486 1532 5557 decima
1557 5478 1784 5572 manipularis

236 5625 334 5698 datur
362 5627 526 5700 ecclesiae
553 5627 589 5696 iu
616 5623 930 5716 Nyelrrassow,
957 5619 1042 5690 item
1066 5621 1120 5692 est
1146 5615 1196 5692 ibi
1222 5607 1465 5698 molendinum,
1492 5605 1555 5679 sed
1581 5601 1787 5676 nonhabet

237 5766 353 5839 agros,
391 5749 474 5826 item
512 5745 658 5823 ecclesia
693 5745 730 5822 iu
770 5743 803 5820 N
813 5742 1083 5844 yekrasson
1121 5735 1230 5818 babet
1264 5730 1445 5830 praedium
1480 5728 1609 5806 bouum
1644 5724 1681 5798 in
1717 5721 1786 5801 fine
