4550 6600
1677 755 1750 826 335

130 966 132 969 ’
204 957 441 1048 emethonales,
469 959 551 1029 item
578 958 747 1031 tabernae
775 958 873 1051 dnae,
900 978 989 1057 6666
1016 962 1185 1031 vocantur
1201 958 1329 1051 Kapa
1354 962 1523 1033 habentes
1542 981 1654 1053 agros,
1668 962 1752 1033 item

201 1080 415 1152 hortulaniae
442 1080 531 1151 duae
558 1080 728 1151 habentes
756 1102 868 1173 agros,
895 1080 980 1154 item
1007 1102 1113 1152 unum
1132 1082 1366 1153 molendinum
1383 1082 1517 1154 habens
1535 1103 1649 1174 agros,
1667 1084 1751 1153 item

200 1202 413 1274 hortulaniae
440 1201 529 1273 duae
555 1200 725 1273 habentes
752 1223 875 1292 agros,
903 1201 946 1274 16
974 1202 1097 1293 quibus
1124 1202 1283 1275 omnibus
1310 1200 1457 1275 solvitur
1483 1208 1520 1274 et
1545 1181 1751 1275 conducitur
1838 1273 1843 1281 .

200 1322 330 1394 decima
366 1323 592 1415 manipularis
624 1328 661 1396 et
687 1324 861 1413 canapalis
888 1344 952 1414 pro
980 1324 1182 1415 episcopatu
1210 1323 1440 1396 Cracoviensi
1480 1325 1569 1395 item
1595 1329 1677 1396 sunt
1701 1326 1752 1397 ibi

200 1443 339 1534 praedia
366 1444 444 1536 duo,
472 1444 515 1516 16
543 1429 668 1535 quibus
697 1444 845 1519 solvitur
868 1444 1001 1516 decima
1026 1446 1253 1537 manipularis
1272 1446 1439 1517 ecclesiae
1457 1446 1493 1516 in
1521 1443 1750 1517 Gozlicze.

200 1566 282 1636 Item
309 1566 409 1637 valor
436 1560 589 1637 decimae
617 1566 843 1657 manipularis
871 1566 1076 1658 episcopalis
1104 1551 1308 1639 aestimatur
1334 1566 1379 1639 ad
1406 1588 1467 1640 sex
1492 1587 1638 1639 marcas.

298 1686 575 1773 1166616666,
603 1687 687 1759 villa
714 1688 777 1760 sub
804 1688 971 1779 parochia
997 1689 1040 1758 16
1068 1685 1289 1760 (16611666
1315 1689 1401 1779 6116,
1429 1690 1526 1761 66166
1552 1688 1750 1780 proprietas

198 1806 239 1878 ad
274 1804 485 1880 Stanislaum
527 1807 742 1900 Nyeroda
776 1808 819 1881 de
855 1809 957 1881 domo
993 1809 1185 1901 Ostoya‚
1212 1809 1359 1881 Paulum
1392 1815 1428 1881 et
1453 1809 1613 1882 Marcum
1640 1810 1751 1881 Kro-

197 1928 388 2021 biczsky
415 1934 451 2000 61
476 1928 671 2002 Johannem
689 1930 976 2022 Kochowsky
1003 1929 1750 2023 1611666666666111661.16666666(

198 2071 254 2121 sex
281 2050 374 2121 lanei
402 2036 647 2142 emethonales,
674 2052 758 2123 item
785 2073 855 2123 666
880 2053 1035 2143 taberna
1063 2052 1149 2123 item
1174 2053 1373 2124 hortulania
1400 2075 1469 2124 616
1485 2054 1619 2125 habens
1637 2074 1750 2145 agros,
1864 2077 1867 2082 ·

197 2172 236 2242 de
262 2173 389 2263 quibus
425 2173 582 2246 omnibus
616 2172 764 2245 solvitur
799 2179 835 2249 et
870 2173 1075 2245 conducitur
1101 2173 1235 2246 decima
1260 2174 1487 2268 manipularis
1513 2181 1550 2247 61
1576 2176 1750 2267 canapalis

197 2314 255 2383 pro
281 2294 486 2385 episcopatu
513 2294 744 2386 Cracoviensi,
772 2301 808 2367 61
835 2295 1033 2368 161616166
1061 2297 1267 2367 6661166161
1293 2296 1338 2367 ad
1356 2296 1474 2367 decem
1491 2318 1635 2369 marcas.
1662 2297 1750 2369 Item

197 2416 243 2486 ibi
272 2416 420 2505 praedia
454 2416 542 2507 tria,
570 2417 613 2487 de
650 2416 774 2506 quibus
810 2417 958 2489 solvitur
993 2417 1126 2489 decima
1162 2417 1389 2508 manipularis
1416 2418 1581 2489 ecclesiae
1608 2419 1643 2489 in
1671 2415 1750 2489 (16-

196 2536 353 2609 zlicze.
1423 2620 1426 2625 ,
1836 2513 1839 2523 ’

295 2658 699 2750 116666661666,11116
734 2647 798 2732 sub
833 2660 1000 2751 parochia
1025 2660 1068 2731 de
1096 2641 1427 2751 (166116666116,
1455 2662 1552 2733 cuius
1579 2661 1748 2733 haeredes

194 2779 371 2853 lohannes
399 2780 657 2873 Slupeczsk
666 2804 689 2872 y
717 2782 760 2853 de
787 2782 893 2853 armis
918 2787 956 2853 et
983 2781 1166 2855 nobilitate
1193 2781 1447 2855 11666...16
1473 2803 1544 2875 qua
1569 2788 1747 2885 66616616

195 2902 281 2974 16661
309 2884 555 2993 emethonales,
581 2903 666 2975 item
693 2905 945 2995 tabernaria,
973 2905 1057 2975 1166
1083 2903 1283 2975 1611616616
1309 2924 1388 2994 666,
1416 2904 1459 2975 16
1486 2904 1611 2996 quibas
1638 2906 1747 2977 omni-

195 3024 255 3095 bus
282 3024 432 3097 solvitur
459 3029 496 3095 et
522 3024 728 3097 conducitur
763 3025 897 3097 decima
932 3023 1159 3117 manipularis
1187 3031 1224 3098 et
1249 3025 1425 3117 canapalis
1452 3048 1517 3117 pro
1544 3027 1749 3119 episcopatu

196 3146 432 3237 Cracoviensi,
459 3151 495 3217 et
521 3146 620 3219 valor
646 3148 721 3219 eius
748 3148 953 3219 aestimatur
979 3148 1023 3218 ad
1050 3148 1169 3219 decem
1196 3168 1341 3219 marcas.
1376 3148 1464 3220 item
1491 3153 1546 3220 est
1571 3148 1621 3220 ibi
1648 3170 1748 3240 prae-

189 3267 283 3340 dium
310 3268 473 3360 militare,
500 3268 543 3340 de
571 3289 639 3360 quo
666 3268 858 3342 decimatur
885 3268 1051 3342 ecclesiae
1079 3270 1114 3342 in
1143 3266 1379 3341 Gozlicze·

291 3369 623 3480 Kazscznowrczn‚
651 3391 735 3462 villa
761 3392 825 3463 sub
852 3391 1018 3482 parochia
1045 3391 1087 3463 16
1114 3389 1336 3465 (16611666
1363 3392 1441 3484 6116,
1465 3391 1563 3464 66166
1581 3391 1748 3464 haeredes

194 3509 357 3584 Nicolaus
384 3511 593 3584 Chustka
619 3511 662 3584 de
688 3512 953 3604 Jasszyona
984 3518 1019 3584 61
1045 3511 1224 3586 Johaunes
1251 3510 1378 3585 Gaba
1404 3513 1447 3584 de
1473 3513 1747 3605 Jasszyona.

193 3634 229 3704 ln
255 3655 324 3725 qua
353 3640 435 3707 6661
460 3634 552 3706 16661
580 3635 832 3726 emethonales,
859 3635 943 3706 item
970 3635 1156 3725 tabernae,
1183 3635 1268 3706 item
1294 3635 1532 3725 hortulaniae‚
1559 3635 1643 3707 item
1670 3638 1746 3706 uni-

193 3777 265 3828 cam
301 3757 484 3848 praedium
519 3756 689 3847 militare,
716 3755 758 3828 de
794 3757 918 3848 quibus
953 3757 1112 3828 omnibus
1147 3756 1295 3827 solvitur
1320 3761 1358 3827 et
1383 3756 1588 3828 conducitur
1614 3757 1748 3828 decima

193 3879 420 3969 manipularis
446 3883 484 3949 61
510 3877 686 3969 canapalis
713 3898 777 3969 pro
803 3877 951 3948 ecclesia
977 3878 1012 3948 in
1040 3874 1270 3950 Gozlicze.
1509 3885 1513 3892 '

291 3999 506 4090 Knonrezn,
533 3999 617 4070 villa
644 3999 708 4072 sub
735 3998 902 4090 parochia
928 3997 971 4071 de
999 3996 1326 4097 (166116666116,
1353 3999 1451 4069 66166
1469 3998 1638 4070 haeredes
1656 3997 1746 4070 Pau-

192 4119 306 4192 16661
333 4120 477 4192 Marcus
513 4119 639 4194 iratres
674 4121 831 4211 germani
868 4119 1043 4192 1661616
1071 4118 1571 4192 6166111116161616666.
1610 4120 1651 4191 16
1678 4143 1748 4212 qna

191 4248 269 4314 sunt
295 4243 389 4314 lanei
415 4243 656 4334 emethonales,
683 4243 767 4314 item
793 4242 970 4333 tabernae,
997 4243 1079 4313 item
1097 4241 1369 4314 hortulaniae...
1383 4242 1468 4314 item
1486 4242 1535 4315 ibi
1562 4242 1742 4334 praedium

192 4365 337 4456 661666,
365 4365 408 4436 16
436 4385 502 4455 quo
530 4364 721 4442 decimatur
748 4339 912 4436 ecclesiae
940 4365 976 4434 in
1003 4361 1234 4436 Gozlicze.

290 4485 533 4575 1666666661,
560 4485 644 4557 11116
671 4487 734 4582 sub
762 4485 929 4577 parochia
955 4485 998 4556 de
1026 4483 1246 4557 Gozlicze
1273 4486 1351 4575 sita,
1370 4487 1467 4558 66166
1484 4486 1608 4558 haeres
1626 4484 1745 4578 Kyel-

192 4605 287 4678 cius
324 4606 368 4678 de
395 4607 501 4678 61616
537 4605 774 4678 Habdank.
814 4607 855 4678 In
883 4627 952 4697 qua
978 4612 1060 4678 sunt
1087 4611 1236 4698 quatuor
1262 4607 1354 4680 lanei
1381 4607 1635 4698 emethonales,
1661 4607 1747 4681 item

191 4729 336 4801 taberna
367 4749 455 4820 666,
481 4729 563 4800 1166
591 4729 808 4800 1616166166
836 4728 943 4819 1666,
970 4727 1013 4800 16
1041 4730 1166 4820 quibus
1193 4730 1352 4802 omnibus
1380 4729 1526 4802 solvitur
1553 4734 1590 4800 61
1616 4727 1744 4810 condar

191 4849 280 4922 61161
307 4851 441 4922 166166
467 4850 693 4941 manipularis
721 4855 757 4922 et
784 4850 960 4940 canapalis
987 4871 1051 4940 pro
1078 4851 1286 4922 6661661616
1314 4849 1554 4941 01116666,
1581 4835 1743 4922 6116161

192 4971 263 5042 6166
290 4973 496 5044 aestimatur
523 4971 567 5044 ad
595 5027 602 5041 .
630 5026 637 5042 .
665 5026 673 5042 .
709 4971 797 5044 Item
825 4971 1524 5063 66111116166116661111616,16666
1552 4971 1745 5043 decimatur

191 5093 353 5166 ecclesiae
389 5093 425 5164 11
461 5090 699 5184 (16611666,
726 5099 867 5184 6166161
901 5102 1028 5184 paucos
1063 5111 1185 5185 agros,
1212 5093 1272 5183 qui
1307 5092 1481 5164 decimant
1515 5092 1680 5164 ecclesiae
1707 5093 1744 5162 in

192 5212 392 5307 Byelyui
418 5220 499 5307 post
526 5235 675 5306 campos,
703 5215 762 5306 qui
789 5218 958 5287 vocantur
984 5214 1267 5306 Zagorayne.

290 5335 498 5428 Surnnozr,
525 5337 609 5410 villa
635 5334 699 5430 sub
726 5336 891 5429 parochia
918 5335 961 5408 de
979 5335 1200 5408 Gozlicze
1227 5336 1306 5426 sita,
1324 5336 1422 5407 cuius
1439 5335 1564 5407 haeres
1582 5333 1743 5408 Andreas

192 5453 232 5527 de
264 5454 484 5530 Osszolin
520 5458 563 5530 de
599 5459 705 5530 armis
741 5457 1056 5554 Bippennium.
1095 5457 1136 5527 ln
1164 5477 1232 5547 qua
1267 5456 1743 5548 666116661616611666166,

191 5577 271 5648 item
297 5579 484 5670 tabernae,
512 5580 595 5650 item
631 5579 868 5670 hortulaniae,
895 5578 938 5650 de
965 5579 1090 5669 quibus
1117 5579 1276 5650 omnibus
1303 5578 1450 5651 solvitur
1476 5583 1512 5650 et
1538 5579 1743 5652 conducitur

192 5695 321 5770 decima
356 5701 582 5793 manipularis
619 5706 655 5773 et
691 5701 865 5793 canapalis
899 5720 963 5790 pro
999 5700 1162 5792 episeopo
1197 5698 1436 5792 Graeoviensi,
1463 5705 1501 5772 et
1535 5700 1634 5772 valor
1666 5701 1741 5772 eius
