4550 6600
1748 764 1878 838 ii-

253 960 419 1033 Nicolaus
453 960 657 1053 Slupsky
692 960 736 1033 de
771 962 876 1033 armis
912 962 1144 1054 Vulpium,
1170 964 1208 1035 in
1243 984 1312 1055 qua
1338 985 1407 1037 non
1432 969 1489 1037 est
1512 965 1712 1057 praedium,
1739 967 1799 1039 sed

176 1146 180 1155 ,
252 1085 402 1173 quatuor
437 1081 528 1153 lanei
555 1081 806 1172 cmcthonales,
833 1082 876 1155 de
903 1083 1028 1173 quibus
1054 1083 1228 1174 aliquibus
1253 1104 1360 1175 penes
1385 1086 1495 1175 mam,
1522 1106 1592 1176 qua
1616 1085 1662 1160 ad
1688 1088 1800 1160 cccle-

252 1202 337 1273 siam
376 1202 465 1291 itur,
500 1202 711 1292 iacentibus,
737 1202 929 1276 decimatur
963 1202 1200 1293 praebendae,
1228 1224 1317 1294 qnae
1343 1203 1559 1277 Naazcvska
1584 1205 1730 1298 dicitur,
1757 1206 1801 1280 de

249 1322 329 1393 aliis
357 1342 441 1393 vero
468 1322 688 1413 praebendae
714 1321 944 1415 cracoviensi,
971 1342 1061 1414 quae
1086 1329 1231 1398 vocatur
1257 1322 1514 1417 Goaczycmta,
1539 1332 1577 1401 et
1601 1327 1677 1401 eius
1702 1328 1802 1403 valor

250 1442 296 1515 ad
322 1441 505 1515 duodecim
530 1462 673 1547 marcas.

355 1561 536 1653 Wrunnr,
562 1561 646 1633 villa
672 1562 736 1635 snb
763 1562 928 1654 parochia
954 1562 997 1634 de
1023 1563 1305 1637 Pelcznicza
1330 1564 1407 1656 sita,
1426 1565 1524 1639 cuius
1541 1568 1739 1658 proprietas
1756 1568 1802 1641 ad

250 1683 489 1775 episcopatum
524 1680 788 1755 Oracoviensem
821 1683 992 1774 pertinet,
1018 1684 1056 1755 in
1083 1705 1152 1775 qua
1182 1690 1264 1758 aunt
1289 1706 1413 1758 novem
1439 1686 1531 1757 lanei
1556 1688 1801 1779 methonaies,

249 1803 333 1875 item
361 1801 581 1875 hcrtrrlaniac
607 1806 689 1892 tres,
717 1801 760 1874 de
787 1802 912 1893 quibus
939 1804 1098 1876 omnibus
1124 1805 1322 1879 umetbones
1347 1804 1452 1879 villae
1469 1804 1647 1897 praefatae
1664 1808 1801 1881 ratione

249 1922 405 1995 decimae
440 1921 683 2013 manipularis,
710 1943 813 2012 quam
848 1943 987 1995 mensae
1023 1924 1211 2015 episcopali
1246 1923 1382 1997 solvere
1408 1926 1636 2016 tenebantur,
1662 1926 1802 2006 solvunt

250 2044 415 2134 episcopo
444 2041 666 2115 cracoviensi
691 2064 756 2135 pro
782 2046 937 2133 tempore
963 2044 1110 2135 triginta
1135 2064 1315 2117 mensuras
1341 2045 1461 2135 tritici,
1483 2046 1629 2139 triginta
1646 2047 1803 2138 siliginis,

248 2162 398 2253 triginta
433 2182 581 2253 avenae,
607 2183 789 2235 mensurae
824 2162 1118 2237 Scarbimiriensis
1150 2163 1344 2255 confertae,
1370 2165 1439 2256 ita,
1466 2165 1733 2257 quad'quilibet
1758 2167 1802 2239 dc

248 2284 349 2355 laneo
378 2288 518 2355 tenetur
544 2282 628 2355 dare
656 2289 803 2374 quatuor
829 2284 948 2373 tritici,
976 2288 1123 2375 quatuor
1149 2285 1296 2375 siliginis
1323 2290 1360 2357 et
1386 2290 1536 2377 quatuor
1560 2305 1689 2359 avanae
1707 2277 1803 2359 men-

145 2481 153 2505 ·
250 2424 350 2476 suras
380 2402 562 2475 confertas.
588 2404 677 2478 Item
703 2406 740 2475 in
766 2405 887 2475 eadem
912 2404 996 2477 villa
1022 2410 1076 2477 est
1101 2423 1191 2477 unns
1218 2406 1339 2477 laneus
1364 2406 1460 2479 ultra
1485 2406 1564 2479 illos
1590 2428 1725 2499 novem,
1743 2409 1803 2499 qni

249 2524 379 2597 colitur
405 2545 469 2615 pro
495 2524 638 2616 praedic
666 2525 853 2617 episcopali
880 2530 916 2597 et
943 2525 1069 2597 colitur
1094 2546 1159 2616 per
1176 2526 1385 2617 cmcthonea,
1402 2526 1594 2600 seminatum
1611 2533 1648 2601 et
1664 2528 1701 2601 in
1718 2529 1801 2601 hur-

247 2665 346 2717 reum
373 2638 559 2737 inducitur,
585 2646 629 2717 de
656 2666 724 2736 quo
751 2645 837 2717 nulli
864 2645 997 2717 decima
1022 2645 1133 2737 datur,
1161 2646 1223 2719 sed
1249 2647 1431 2739 episcopus
1449 2646 1688 2721 cracoviensis
1707 2649 1801 2723 solus

248 2786 324 2837 eam
360 2766 521 2859 percipit.
560 2765 648 2838 Item
683 2766 719 2837 in
757 2766 877 2837 eadem
911 2750 995 2839 vill'a
1021 2772 1075 2839 est
1100 2767 1285 2859 scultetum,
1312 2768 1371 2859 qui
1397 2768 1504 2841 habet
1529 2790 1636 2841 unum
1662 2769 1800 2841 laneum

249 2908 326 2959 oum
363 2886 478 2959 medio
512 2886 556 2958 de
591 2886 705 2977 agris;
732 2886 946 2958 itemuuam
971 2888 1172 2979 tabernam,
1197 2888 1281 2961 icen
1307 2909 1413 2961 unum
1439 2888 1691 2981 molendinum,
1717 2890 1803 2963 item

250 3008 438 3097 piscinam,
465 3006 659 3097 dequibus
687 3006 879 3079 decimatur
906 3061 915 3077 .
941 3060 985 3078 ..

352 3126 678 3217 Paurauczuczn3
704 3127 789 3201 villa
824 3128 889 3199 sub
916 3127 1082 3219 parochia
1108 3126 1152 3200 de
1177 3127 1456 3201 Pelcznicza
1481 3129 1570 3221 sita,
1589 3129 1695 3203 cuius
1720 3150 1802 3222 pro·

249 3247 385 3340 pristas
419 3267 483 3339 pro
518 3268 589 3320 una
614 3249 716 3338 parte
742 3247 896 3339 pertinet
923 3248 968 3322 ad
994 3249 1231 3341 episcopatum
1256 3247 1538 3342 cracoviensem,
1563 3250 1601 3324 in
1627 3272 1696 3343 qua
1723 3254 1804 3324 sunt

250 3389 310 3442 sex
336 3369 434 3440 lanai
459 3368 704 3459 cmcthonales,
730 3369 815 3440 item
841 3369 877 3440 in
904 3369 1018 3442 altera
1042 3376 1145 3462 parte
1170 3370 1274 3444 villae
1299 3369 1476 3462 praefatae
1502 3372 1627 3444 haeres
1653 3377 1733 3444 est.
1760 3426 1769 3442 .
1796 3426 1804 3441 .
1845 3445 1850 3450 .

109 3583 112 3586 ,
248 3489 476 3580 Mokrsky
502 3489 546 3560 de
573 3489 674 3562 domo
700 3488 977 3580 Kozlarogy,
1003 3491 1039 3562 in
1067 3511 1135 3582 qua
1161 3496 1245 3564 suut
1269 3491 1363 3564 lanei
1388 3491 1633 3583 cmcthonales,
1660 3491 1704 3564 de
1727 3493 1802 3585 qui·

250 3610 314 3682 bus
341 3609 504 3682 omnibus
530 3614 602 3682 tam
629 3610 890 3701 episcopalibus,
917 3631 1020 3700 qnam
1046 3610 1266 3702 militaribus,
1293 3612 1576 3703 cmcthonalibus,
1602 3612 1751 3686 solvitur
1767 3618 1805 3684 et

225 3733 231 3742 '
251 3730 459 3804 conducitur
495 3729 628 3802 decima
653 3730 879 3820 manipularis
906 3734 943 3801 et
968 3731 1143 3822 cenapolis
1168 3752 1234 3823 pro
1259 3731 1405 3806 ecclesia
1429 3733 1620 3823 parochiali
1644 3734 1682 3804 in
1707 3733 1804 3806 Pel-

251 3871 462 3943 cznycza,
490 3858 526 3922 et
552 3851 650 3922 valor
676 3843 880 3922 aestimatur
905 3851 979 3922 eius
1006 3849 1051 3921 ad
1078 3851 1258 3924 duodecim
1283 3871 1427 3924 marcas.
1535 3937 1542 3950 ,

321 3958 322 3966 ‘
355 3969 543 4061 cmissovv,
568 3969 652 4042 villa
677 3969 742 4042 sub
768 3969 932 4061 parochia
958 3970 1002 4042 de
1018 3969 1303 4062 Pelcznyoza
1328 3973 1415 4062 sita,
1450 3971 1548 4044 cuius
1573 3993 1663 4047 unus
1679 3973 1804 4044 haeres

251 4089 413 4163 Andreas
448 4090 702 4182 Nyemstha
729 4089 771 4162 de
799 4090 900 4166 domo
927 4089 1238 4183 Accipitrum,
1271 4092 1307 4164 in
1334 4112 1403 4182 qua
1428 4097 1511 4166 sunt
1537 4096 1685 4184 quatuor
1710 4093 1803 4164 lanei
1903 4165 1909 4180 ,

252 4211 507 4300 cmcthonales,
534 4211 617 4282 item
634 4211 782 4284 taberna
799 4231 878 4302 una,
904 4209 989 4282 item
1005 4211 1225 4284 hortulaniae
1243 4211 1343 4302 duae,
1359 4212 1530 4286 habentes
1555 4233 1669 4304 agros.
1704 4211 1805 4286 Alter

251 4332 377 4404 haeres
394 4331 521 4404 Petrus
547 4331 799 4424 Potoozsiry
825 4331 987 4404 dedomo
1005 4332 1290 4425 Srzenyawa,
1316 4334 1377 4424 qui
1394 4333 1499 4404 etiam
1516 4334 1623 4406 habet
1649 4335 1686 4405 iu
1702 4337 1803 4425 parte

252 4473 314 4524 sna
333 4457 486 4543 quatuor
503 4452 622 4526 laneus
646 4452 896 4542 cmcthonales,
924 4473 1027 4524 unam
1044 4454 1244 4546 tabernam,
1271 4453 1358 4527 duas
1375 4455 1610 4545 hortulanias,
1636 4454 1805 4527 habentes

251 4591 374 4662 agros,
401 4571 588 4663 dequibus
614 4571 772 4644 omnibus
791 4572 939 4644 solvitur
957 4572 1090 4644 decima
1110 4574 1336 4665 manipularis
1363 4578 1400 4646 ct
1417 4572 1595 4665 canapalis
1622 4594 1687 4665 pro
1704 4594 1804 4665 prae·

252 4691 368 4764 banda
394 4689 634 4782 cracoviensi,
662 4713 751 4783 quae
777 4696 921 4766 vocatur
947 4689 1203 4785 cosczyczska,
1239 4698 1278 4766 et
1302 4693 1402 4766 valm
1427 4694 1502 4766 eius
1527 4694 1734 4767 aestimatur
1759 4693 1805 4766 ad

255 4811 376 4886 decem
402 4833 547 4884 marcas.
586 4812 674 4884 item
699 4813 736 4884 in
763 4812 884 4884 cadem
915 4813 999 4886 villu
1025 4819 1106 4886 sunt
1132 4813 1202 4886 duo
1227 4813 1371 4905 praedia
1397 4814 1580 4906 militaria,
1607 4815 1651 4888 de
1677 4815 1804 4905 quibus

254 4934 403 5006 solvitur
439 4933 572 5006 decima
606 4933 832 5024 manipularis
878 4934 1044 5007 ecclesiae
1088 4940 1125 5006 et
1157 4935 1305 5026 plebano
1341 4936 1378 5006 in
1417 4935 1731 5029 Pelcznycza,
1769 4939 1807 5008 et

255 5054 354 5126 valor
380 5053 455 5126 eius
483 5055 689 5128 aestimatur
714 5055 760 5127 ad
787 5057 935 5146 quatuor
961 5075 1107 5126 marcas.

357 5173 709 5275 anzvvorovvrczn,
736 5175 820 5248 villa
837 5175 901 5248 sub
919 5175 1086 5266 parochia
1112 5175 1155 5248 de
1181 5175 1468 5270 Pelcanycza
1493 5176 1580 5267 sita,
1607 5177 1705 5250 cuius
1722 5177 1805 5248 bae-

141 5327 145 5336 ·
254 5293 355 5368 redes
382 5294 535 5368 lacobus
562 5300 598 5368 et
615 5295 794 5370 Johannes
821 5296 865 5368 de
883 5297 988 5368 armis
1002 5296 1122 5370 medii
1149 5296 1335 5389 Salmonis,
1362 5318 1451 5389 quae
1476 5298 1607 5370 habent
1631 5297 1807 5388 proclama

253 5409 452 5506 Olobok,
479 5416 515 5486 in
542 5437 610 5507 qua
636 5422 718 5489 sunt
744 5417 836 5489 lanei
863 5417 1112 5508 cmcthonales,
1145 5419 1229 5490 item
1255 5419 1440 5509 tabernae,
1466 5419 1550 5492 itam
1575 5418 1805 5509 hortulanias,

253 5533 295 5606 dc
321 5537 449 5626 quibus
484 5537 643 5610 omnibus
670 5539 819 5612 solvitur
853 5545 890 5610 et
916 5537 1124 5614 conducitur
1158 5538 1292 5614 deuna
1316 5539 1541 5635 manipularis
1567 5545 1604 5618 et
1630 5538 1806 5636 casapulia

209 5731 215 5739 ,
252 5673 316 5748 pro
343 5707 539 5732 ........
