4550 6600
1680 750 1751 821 175

302 953 622 1029 anamncmezn
654 952 740 1027 alins
764 952 1043 1045 Dnucawrusz,
1069 952 1152 1027 villa
1179 955 1243 1027 sub
1270 955 1435 1046 parochia
1462 956 1504 1030 de
1531 957 1749 1030 Wawrzin-

208 1081 339 1151 czicze
365 1080 443 1169 sita,
471 1079 568 1151 cuius
595 1078 791 1168 proprietas
820 1076 864 1148 ad
887 1076 1123 1167 episcopatum
1142 1075 1404 1150 Gracomensem
1430 1083 1591 1171 pertinet.
1618 1084 1658 1155 Iu
1685 1107 1755 1177 qua

206 1205 282 1273 sunt
316 1199 440 1289 viginti
474 1218 534 1269 sex
570 1199 662 1271 lanei
685 1197 951 1287 'cmethonales‚
996 1198 1078 1267 item
1114 1198 1239 1287 viginti
1273 1199 1511 1291 hortulaniae,
1547 1203 1591 1274 de
1627 1208 1752 1295 quibus

209 1321 360 1393 omnibus
397 1320 545 1393 solvitur
571 1326 607 1391 et
634 1319 837 1391 conducitur
871 1318 1004 1389 decima
1038 1319 1264 1408 manipularis
1296 1325 1332 1390 et
1358 1324 1550 1413 cantualis,
1585 1327 1753 1413 medietas

207 1464 264 1533 pro
295 1442 440 1513 ecclesia
475 1441 518 1513 de
545 1440 907 1529 Wawrzinczicze,
940 1445 977 1511 et
1003 1439 1101 1511 valor
1128 1440 1203 1510 eius
1238 1441 1443 1513 aestimatur
1461 1444 1505 1515 ad
1524 1446 1755 1535 quadraginta

206 1584 353 1651 marcas,
381 1562 425 1633 de
444 1562 556 1633 altera
582 1582 665 1633 vero
693 1561 878 1633 medietate
905 1558 1082 1649 praelatae
1110 1560 1231 1650 villae,
1258 1562 1406 1652 percipit
1433 1564 1527 1635 illam
1554 1567 1753 1655 praebenda

207 1684 439 1757 Gracoriensis
466 1683 561 1753 dIcta
587 1680 919 1773 Wawrzyuyeczska
930 1735 938 1771 ,
950 1722 951 1725 π
965 1685 1001 1751 et
1028 1680 1126 1751 valor
1144 1681 1219 1751 eins
1236 1683 1440 1754 aestimatur
1458 1684 1502 1756 ad
1521 1686 1752 1776 quadraginta

206 1825 342 1875 marcas.
369 1804 458 1875 Item
485 1808 540 1873 est
565 1802 615 1874 ibi
642 1802 819 1892 praedium
848 1801 1043 1892 episcopale
1070 1802 1257 1891 optimum,
1283 1802 1327 1873 de
1353 1825 1422 1893 quo
1448 1806 1594 1879 solvitur
1621 1808 1754 1879 decima

205 1925 423 2017 manipularis
450 1924 616 1995 ecclesiae
642 1924 678 1993 in
705 1920 1106 2023 Wawernczicze.

301 2045 547 2134 Zasraazow,
573 2043 657 2115 villa
683 2044 747 2115 sub
775 2043 942 2133 parochia
960 2041 1003 2113 de
1022 2042 1417 2117 Wawrzinczicze
1444 2048 1531 2138 slta,
1558 2051 1655 2121 cuius
1672 2071 1754 2141 pro-

206 2170 330 2259 prietas
367 2166 413 2237 ad
439 2166 677 2257 episcopatum
712 2162 975 2235 (lraoovieusem
1011 2164 1173 2253 pertiuet
1216 2165 1257 2235 Iu
1285 2186 1354 2255 qua
1388 2174 1470 2239 sunt
1505 2190 1630 2243 novem
1655 2171 1747 2244 lanei
1846 2262 1850 2267 .
1941 2204 1980 2259 g

206 2288 444 2377 cmethonales‚
471 2286 513 2358 de
541 2286 666 2376 quibus
694 2285 842 2357 solvitur
869 2285 1002 2355 dealma
1028 2284 1255 2375 manipularis
1273 2291 1310 2357 et
1326 2288 1502 2378 canapalis
1527 2311 1592 2381 pro
1619 2293 1751 2363 vicaria
1860 2292 1867 2299 '

206 2408 420 2501 praebendae
447 2407 696 2497 (traconensis,
724 2426 813 2496 quae
839 2411 983 2477 vocatur
1009 2404 1350 2498 Wawrzpnyeczslra,
1377 2414 1415 2480 et
1432 2410 1530 2481 valor
1555 2412 1630 2483 eius
1648 2415 1753 2483 aesti-

206 2536 314 2605 matur
340 2529 385 2601 ad
412 2549 535 2599 novem
562 2547 706 2599 marcas
751 2526 839 2598 Item
867 2530 921 2597 est
947 2526 995 2597 ibi
1022 2526 1144 2597 laneus
1178 2548 1267 2598 unus
1298 2530 1477 2601 custodiae
1502 2530 1750 2623 cracoviensis,

207 2652 262 2743 qni
287 2651 393 2721 solvit
419 2648 555 2721 custodi
582 2635 803 2741 Cracoyiensi
830 2667 934 2717 unam
961 2667 1110 2719 marcam
1147 2669 1211 2737 pro
1239 2668 1353 2720 censu.
1395 2650 1483 2721 Item
1511 2657 1564 2723 est
1590 2654 1639 2725 ibi
1666 2655 1755 2725 scol·
1813 2658 1816 2665 '

206 2774 287 2844 tetia
311 2772 446 2844 habeus
473 2770 559 2841 duos
585 2768 705 2840 laneos
732 2773 768 2839 et
793 2774 897 2857 prata
923 2772 959 2838 et
985 2767 1108 2859 lacum,
1134 2775 1172 2839 ot
1197 2770 1347 2842 decimat
1364 2771 1408 2843 de
1426 2774 1558 2861 agris...
1584 2774 1671 2845 Item
1698 2781 1753 2846 est
1781 2782 1789 2789 '

124 2956 125 2964 ,
208 2894 253 2965 ibi
278 2913 367 2965 unus
395 2892 515 2963 laneus
542 2890 701 2959 militaris
729 2888 889 2959 haeredis
916 2888 959 2959 de
986 2888 1244 2980 Igolomya,
1271 2890 1314 2961 de
1341 2912 1409 2981 quo
1436 2892 1628 2965 decimatur
1642 2949 1739 2965 .....

302 3014 450 3085 Wonrn
475 3011 797 3098 ZaarnazowsKA,
825 3008 909 3079 villa
935 3010 999 3079 sub
1017 3010 1183 3099 parochia
1200 3010 1243 3081 de
1261 3010 1645 3086 Wawernczicze
1670 3017 1748 3105 sita,
1857 3032 1860 3041 ·

209 3136 298 3207 cuius
317 3116 532 3224 ”propinatas
567 3130 611 3201 ad
639 3131 874 3219 episcopatum
902 3126 1167 3201 Graooviensem
1201 3132 1364 3242 pertinet.
1408 3133 1448 3203 In
1475 3155 1544 3228 qua
1579 3142 1661 3207 sunt
1688 3157 1750 3207 sex

208 3257 291 3328 lanei
318 3252 563 3343 cmethonales‚
592 3250 788 3341 dequibus
814 3249 962 3322 solvitur
987 3256 1026 3322 et
1052 3251 1256 3324 conducitur
1282 3252 1415 3326 decIma
1441 3256 1667 3346 manipularis
1690 3277 1754 3346 pro

208 3379 331 3448 vinaria
366 3373 587 3466 praebendae
615 3370 872 3460 cracoviensis,
909 3391 997 3461 quae
1033 3377 1179 3443 vocatur
1205 3372 1555 3468 Wawrzynpeczslra,
1591 3382 1627 3447 et
1658 3377 1756 3448 valor

158 3513 162 3522 ’
209 3500 277 3570 eins
302 3497 347 3569 ad
375 3518 438 3569 sex
464 3514 599 3567 marcas
627 3493 841 3572 aestimatur.
868 3491 954 3562 Item
974 3513 1044 3563 non
1071 3498 1125 3564 est
1152 3494 1201 3564 ibi
1227 3495 1418 3586 praedium,
1444 3517 1557 3587 neque
1585 3499 1754 3587 scoltetia,

209 3641 313 3710 neque
339 3617 584 3705 molendinum,
610 3634 679 3685 non
708 3616 789 3683 sunt
818 3612 1046 3683 hortulaniae.
1368 3601 1372 3608 ’

307 3740 652 3825 Srnonoaonzrczu,
678 3733 761 3805 villa
779 3734 843 3804 sub
860 3733 1025 3822 parochia
1052 3733 1094 3809 de
1113 3734 1505 3809 Wawrzinczicze
1531 3739 1617 3829 sita,
1654 3739 1752 3811 cuius

210 3862 403 3952 proprietas
430 3857 474 3930 ad
500 3857 694 3928 Iohannem
721 3853 931 3944 Labanoa
959 3853 1002 3924 de
1029 3854 1129 3926 domo
1157 3855 1404 3945 dignorum
1441 3859 1602 3947 pertinet.
1629 3859 1668 3929 In
1688 3881 1795 3950 qua·

210 3989 286 4058 sunt
310 3982 406 4054 lanei
431 3976 674 4065 cmethonales‚
691 3963 783 4045 ¹item
812 3975 900 4046 duae
927 3976 1094 4046 tabernae
1120 3977 1290 4048 babentes
1317 3999 1438 4069 agros,
1465 3980 1549 4050 item
1575 3984 1647 4050 tres
1673 3981 1756 4050 bor-

209 4104 358 4176 tulauiae
386 4102 553 4174 habentes
581 4118 703 4188 agros,
739 4095 782 4166 de
810 4097 934 4186 quibus
962 4098 1119 4168 omnibus
1156 4099 1303 4171 solvitur
1329 4105 1365 4170 et
1391 4101 1594 4173 conducitur
1624 4101 1758 4173 decima

211 4205 433 4316 manipularis
460 4227 496 4292 et
522 4218 697 4309 canapalis
723 4238 788 4307 pro
815 4217 1014 4306 praebenda
1033 4273 1174 4290 ......
1200 4221 1287 4292 Item
1316 4226 1370 4292 est
1395 4222 1444 4293 ibi
1470 4222 1649 4312 praedium
1667 4223 1758 4293 mili-

211 4357 291 4439 tare,
319 4348 362 4418 de
391 4365 460 4434 quo
482 4341 614 4414 decima
641 4339 866 4428 manipularis
894 4339 1042 4410 solvitur
1060 4341 1225 4412 ecclesiae
1243 4346 1279 4412 et
1296 4343 1442 4432 plebano
1461 4345 1496 4414 in
1514 4343 1758 4415 Wawrzin-

214 4471 382 4558 czicze,
410 4471 447 4536 et
473 4463 571 4536 valor
598 4463 672 4534 eins
699 4461 904 4531 aestimatur
931 4460 974 4531 ad
1002 4468 1152 4553 quatuor
1177 4484 1319 4536 marcas.

308 4590 449 4677 Zroow,
476 4585 560 4656 villa
586 4583 650 4654 sab
677 4582 843 4672 parochia
862 4581 904 4652 de
924 4581 1320 4656 Wawrzinczicze
1347 4585 1432 4675 sita,
1467 4586 1563 4657 culus
1589 4586 1758 4659 haeredes

212 4713 367 4786 Andreas
395 4704 639 4795 Zidowslry
679 4703 722 4774 de
748 4702 855 4773 annis
874 4755 1014 4772 ......
1042 4711 1078 4774 et
1105 4704 1231 4777 Petrus
1258 4705 1545 4796 Wilkowsky
1581 4706 1624 4778 de
1652 4709 1758 4780 armis

213 4835 491 4924 Srzeuyawa.
518 4827 558 4897 In
586 4845 654 4915 qna
681 4829 763 4895 sunt
790 4824 941 4914 quiaque
968 4825 1058 4896 lanei
1078 4827 1319 4917 cmethonales‚
1345 4827 1428 4898 item
1455 4827 1635 4916 praedium
1653 4850 1759 4899 unum

213 4955 369 5044 militare,
396 4951 543 5023 taberna
560 4967 630 5018 una
648 4946 778 5016 habeus
805 4965 918 5036 agrae,
945 4946 1165 5018 lrortulaniae
1192 4953 1350 5037 quatuor,
1377 4949 1421 5018 de
1448 4949 1573 5038 quibus
1600 4950 1759 5020 omnibus

215 5077 413 5148 solvituret
432 5067 635 5144 conducitur
653 5067 787 5141 decima
804 5065 1030 5155 manipularis
1051 5073 1086 5138 et
1104 5069 1281 5158 canapalis
1300 5069 1466 5139 ecclesiae
1488 5070 1523 5139 in
1541 5068 1760 5140 Wawern-

215 5199 385 5284 czicze,
412 5198 448 5264 et
464 5190 563 5263 valor
589 5189 664 5260 eius
692 5187 898 5257 aestimatur
925 5186 969 5257 ad
989 5241 1128 5258 ......
1149 5196 1290 5278 praeter
1315 5211 1421 5261 unum
1448 5189 1585 5260 laneum
1611 5188 1760 5280 OttonIs,

122 5341 128 5356 ¹
215 5317 254 5390 de
280 5319 377 5390 cuins
404 5314 498 5406 agris
524 5309 716 5382 decimator
742 5307 779 5378 in
813 5305 940 5378 Nova
971 5309 1217 5408 Brzeszlra
1261 5310 1372 5383 Valor
1398 5311 1553 5383 decimae
1579 5311 1688 5382 totius
1715 5309 1760 5381 ad

215 5436 472 5533 quatuordecim
498 5451 632 5504 marcas
658 5428 867 5500 extenditur.

885 5550 1090 5624 Moomaur.
