4550 6600
1723 786 1798 857 223

253 961 469 1073 Blizycze
495 988 575 1072 post
601 983 732 1054 curiam
760 983 795 1053 iu
823 984 1042 1075 Blizycze
1070 990 1106 1055 et
1131 991 1211 1075 post
1235 990 1513 1079 tabernatorem‚
1540 990 1670 1061 valoris
1698 993 1800 1061 unius

253 1122 397 1191 maroae3
424 1104 507 1174 item
534 1106 641 1175 habet
669 1108 827 1194 quartam
854 1106 1022 1177 decimam
1048 1107 1084 1177 in
1112 1108 1196 1178 villa
1214 1164 1327 1178 .....

661 1606 902 1687 Decanatus
936 1609 1397 1718 Oszwyanczimensia.

343 1886 346 1891 .
887 1827 1171 1902 Oszwrnuczrm.

305 1978 310 1983 ·
351 1941 525 2034 Oppidum
552 1945 684 2017 habens
711 1950 944 2036 parochialem
971 1952 1153 2033 ecclesiam
1180 1954 1216 2022 in
1243 1973 1281 2022 se
1307 1958 1489 2044 muratam,
1517 1955 1614 2026 cuius
1640 1954 1799 2044 proprie-

248 2068 302 2133 tas
330 2064 376 2134 ad
404 2066 661 2137 serenissimum
687 2066 852 2139 Poloniae
878 2090 995 2159 regem
1023 2072 1184 2160 pertinet.
1211 2072 1251 2141 ln
1280 2094 1347 2162 quo
1374 2074 1546 2163 quondam
1572 2074 1712 2145 fuerunt
1730 2075 1798 2145 duo
1914 2102 1920 2110 ·

250 2188 414 2275 rectores,
441 2186 527 2255 alias
555 2186 643 2257 duae
669 2188 860 2279 plebaniae‚
889 2212 1034 2280 quarum
1062 2192 1265 2262 collationes
1292 2198 1327 2263 et
1352 2194 1612 2283 iuspatronatus
1639 2196 1683 2265 ad
1709 2196 1799 2266 mili-

247 2310 300 2375 tes
328 2304 374 2375 de
401 2305 501 2376 domo
529 2306 557 2375 Z
566 2306 709 2378 adora
735 2315 771 2379 et
798 2310 840 2380 de
866 2312 950 2381 villa
977 2312 1183 2402 Brzezye
1208 2314 1431 2401 pertinebant
1458 2319 1493 2384 et
1519 2317 1704 2404 pertinent.
1731 2314 1799 2385 Sed
1897 2299 1901 2305 ’

248 2426 310 2495 sub
338 2430 457 2497 aetate
484 2446 570 2516 mea,
597 2428 633 2496 in
660 2429 856 2499 novissimis
884 2431 1005 2502 diebus
1033 2432 1075 2502 de
1102 2453 1171 2502 una
1198 2433 1352 2523 ecclesia
1379 2436 1624 2523 praepositura
1653 2434 1798 2505 fundata

247 2550 311 2635 est,
339 2550 378 2616 et
404 2546 477 2617 eius
504 2548 704 2636 praeposito
732 2570 816 2619 cura
842 2551 1034 2622 animarum
1069 2553 1178 2622 totius
1214 2554 1398 2641 parochiae
1425 2552 1625 2645 commissa,
1661 2555 1704 2625 de
1731 2555 1800 2625 alia

248 2672 362 2737 autem
400 2666 561 2756 plebania
597 2647 714 2739 creata
751 2681 805 2739 est
841 2672 1040 2761 praebenda
1075 2678 1111 2743 et
1146 2674 1399 2745 mansionariae
1434 2676 1620 2746 manuales.
1663 2676 1704 2745 In
1732 2694 1800 2767 quo

202 2868 206 2873 ¹
250 2787 379 2876 oppido
407 2793 489 2858 suut
514 2788 606 2858 lanei
643 2790 909 2881 oppidanorum,
937 2790 980 2862 dc
1008 2794 1131 2881 quibus
1168 2794 1326 2864 omuibus
1363 2795 1508 2866 solvitur
1534 2801 1571 2867 et
1597 2796 1802 2865 conducitur

247 2907 382 3001 decima
408 2908 632 2998 manipularis
659 2910 921 3000 praepositurae
948 2910 1275 3003 Oszwanczimensi,
1306 2919 1343 2984 et
1370 2916 1468 2986 valor
1493 2917 1568 2986 eius
1596 2917 1799 2985 aestimatur

248 3028 291 3098 ad
317 3029 446 3118 viginti
473 3050 608 3101 marcas
635 3031 679 3101 ad
702 3032 823 3121 minus,
852 3032 1036 3121 aliquando
1056 3034 1099 3104 ad
1117 3036 1264 3123 triginta
1290 3056 1434 3106 marcas.
1461 3036 1549 3106 Item
1575 3037 1682 3108 habet
1699 3058 1800 3126 prae-

247 3148 319 3220 fata
346 3150 495 3221 ecclesia
521 3157 557 3221 et
582 3152 750 3241 plebanus
777 3154 937 3242 proprios
973 3174 1076 3243 egros
1103 3155 1240 3241 liberos
1267 3163 1303 3226 et
1328 3160 1447 3246 prata,
1483 3178 1546 3246 pro
1582 3178 1644 3228 suo
1671 3179 1737 3228 usu
1763 3162 1800 3227 et

246 3272 476 3359 necessitate3
512 3272 548 3342 in
575 3272 731 3363 praelato
768 3278 883 3346 autem
921 3275 1047 3365 oppido
1083 3281 1165 3347 sunt
1191 3276 1283 3348 lanei
1309 3277 1570 3369 oppidanorum,
1597 3278 1640 3349 de
1672 3278 1796 3368 quibus

248 3393 397 3464 solvitur
425 3447 644 3464 .........
671 3394 758 3465 Item
794 3401 848 3466 est
874 3397 923 3467 ibi
948 3396 1127 3485 praedium
1157 3399 1292 3488 regale,
1336 3399 1378 3469 de
1406 3400 1504 3469 cuius
1531 3400 1624 3489 agris
1651 3400 1800 3471 solvitur
1853 3435 1858 3438 ⁴

248 3513 379 3584 decima
407 3513 518 3586 eidem
545 3515 744 3604 praeposito
772 3507 1088 3588 Oszwauczimensi.

348 3635 628 3724 Balarorum,
656 3635 738 3706 villa
765 3637 828 3706 sub
855 3638 1020 3729 parochia
1047 3637 1089 3707 de
1117 3636 1457 3729 Oszwyancziur
1485 3639 1563 3730 sita,
1592 3640 1688 3710 euius
1715 3661 1796 3730 pro-

247 3756 379 3845 prietas
407 3755 452 3825 ad
479 3755 735 3826 serenissimum
761 3742 1070 3846 Poloniae'regem
1105 3758 1267 3846 pertinet.
1311 3759 1350 3828 In
1380 3780 1448 3848 qua
1474 3765 1556 3830 sunt
1589 3760 1681 3829 lanei
1708 3781 1797 3830 cme-

248 3876 426 3964 thanaim,
463 3875 505 3946 de
533 3877 656 3965 quibus
684 3877 843 3947 omnibus
870 3877 1018 3948 solvitur
1044 3882 1080 3947 et
1107 3877 1314 3948 conducitur
1349 3878 1483 3949 decima
1508 3879 1733 3968 manipularis
1761 3885 1796 3949 et

250 3996 423 4085 cauapalis
450 4016 514 4084 pro
542 3997 702 4086 episcopo
730 3995 969 4086 Crucoviensi‚
996 4003 1031 4068 et
1058 3997 1157 4068 valor
1183 3998 1257 4068 cius
1285 3999 1488 4092 aestimatur
1514 3999 1559 4069 ad
1577 4054 1692 4069 .....

289 4093 295 4104 ’
350 4115 543 4206 Ouuumun,
571 4115 655 4188 r'illa
683 4119 746 4188 sub
765 4118 931 4206 parochia
949 4118 1115 4188 ecclesiae
1143 4117 1186 4189 do
1212 4117 1568 4211 Oszwyanczym
1596 4121 1672 4210 sita,
1699 4122 1796 4192 cuius

248 4237 444 4326 proprietas
471 4237 515 4307 ad
542 4237 797 4308 serenissimum
812 4237 996 4309 ,Poloniae
1017 4260 1133 4329 regem
1160 4241 1321 4329 pertinet.
1347 4241 1389 4310 ln
1408 4263 1476 4330 qna
1494 4247 1576 4311 sunt
1597 4242 1689 4311 lanei
1707 4262 1796 4312 cme-

248 4357 425 4446 thonales,
460 4356 502 4427 de
531 4357 654 4446 quibus
682 4358 830 4428 solvitur
857 4363 893 4428 et
920 4359 1123 4430 conducitur
1150 4359 1283 4430 decima
1307 4361 1533 4449 manipularis
1560 4367 1596 4431 ct
1623 4361 1796 4450 canapalis
1857 4429 1860 4434 ,

248 4498 310 4567 pro
338 4479 543 4568 episcopatu
570 4476 799 4584 Graecanicum,
827 4479 922 4549 cuius
950 4480 1049 4549 valor
1075 4480 1120 4550 ad
1138 4534 1146 4549 .
1166 4535 1173 4548 .
1192 4535 1226 4549 ..
1252 4501 1385 4552 marcas
1413 4483 1623 4552 aestimatur.

352 4596 530 4688 Goazow,
557 4599 641 4668 villa
669 4598 732 4669 sub
759 4599 925 4688 parochia
952 4600 994 4671 de
1021 4586 1329 4672 Oszivanczim
1357 4602 1441 4692 sita,
1477 4603 1573 4672 cuius
1600 4603 1796 4692 proprietas

249 4723 283 4788 et
309 4717 498 4788 dominium
527 4718 570 4788 ad
597 4719 855 4789 serenissimum
881 4718 1047 4790 Poloniae
1074 4742 1191 4809 regern
1231 4723 1391 4811 pertinet.
1436 4722 1476 4791 ln
1504 4743 1572 4811 qua
1598 4728 1679 4792 sunt
1705 4722 1797 4792 lanei

249 4839 500 4928 emethonales‚
527 4838 570 4909 de
597 4839 722 4928 quibus
750 4840 897 4912 solvitur
923 4845 959 4910 et
987 4841 1203 4912 conducitur
1217 4842 1351 4912 decima
1377 4841 1604 4930 manipularis
1630 4847 1667 4912 et
1693 4863 1795 4931 cana-

249 4959 336 5047 palis
363 4979 427 5048 pro
455 4959 616 5049 episcopo
646 4958 876 5050 cracoviensi,
903 4966 940 5030 et
966 4961 1064 5031 valor
1090 4961 1164 5031 eius
1191 4962 1235 5032 ad
1254 5016 1261 5030 .
1278 5016 1286 5030 .
1304 5016 1339 5031 ..
1366 4981 1502 5062 mar-eas
1529 4963 1742 5033 aestimatur.

351 5077 566 5168 Gnomrnoa
594 5080 677 5150 villa
703 5080 767 5151 sub
794 5080 1029 5170 parochiade
1056 5079 1377 5171 Oszwauczym
1405 5083 1486 5171 sita,
1514 5082 1795 5173 cuiusproprie-

122 5224 129 5266 ς
214 5282 219 5288 .
247 5203 303 5280 ,tas
329 5205 367 5270 et
393 5199 581 5270 dominium
618 5199 661 5270 ad
698 5201 953 5272 serenissimum
984 5197 1149 5272 Poloniae
1185 5223 1301 5291 regem
1337 5203 1499 5292 pertinet.
1542 5203 1583 5272 In
1619 5225 1687 5292 qua
1714 5208 1795 5273 suut

250 5318 339 5389 lanei
366 5319 619 5408 emethonales,
655 5319 699 5408 de
726 5321 849 5410 quibus
877 5321 1034 5396 omnibus
1061 5321 1208 5392 solvitur
1234 5327 1270 5392 et
1297 5322 1501 5392 conducitur
1518 5320 1660 5394 'decima
1686 5323 1795 5393 mani·
1871 5411 1876 5418 ⁵

250 5439 381 5527 pularis
407 5445 444 5510 et
470 5439 645 5529 canapalis
672 5461 735 5529 pro
763 5441 924 5531 episcopo
951 5439 1182 5530 Crotoniensi,
1209 5442 1306 5513 cuius
1333 5442 1431 5514 valor
1458 5443 1502 5513 ad
1520 5497 1633 5512 .....
1659 5463 1794 5513 marcas
1899 5437 1901 5440 ’

251 5560 461 5631 aestimatur.

353 5679 494 5774 Dwoar,
533 5677 617 5760 villa
643 5680 707 5754 sub
734 5681 900 5772 parochia
926 5681 968 5754 de
995 5681 1339 5774 Oszwyanczim
1366 5686 1448 5777 sita,
1476 5684 1572 5758 cuius
1598 5683 1794 5778 proprietas

866 5961 873 5978 Ι
976 5927 996 5966 0
