4550 6600
477 763 667 870 ro,

467 1107 703 1188 Proventua
745 1105 958 1188 eccleciae
999 1104 1194 1188 Omnium
1226 1105 1478 1189 Sanctorum
1523 1107 1561 1187 in
1595 1102 1804 1190 cracovia
1837 1050 2019 1189 alterius

909 1248 1052 1350 partie,
1085 1269 1195 1348 quae
1227 1253 1407 1327 vocatur·
1440 1247 1588 1351 lignea.

567 1466 837 1558 Paznoonznm,
864 1469 947 1540 villa
966 1470 1030 1540 sub
1057 1469 1225 1559 parochia
1242 1467 1361 1540 Sancti
1379 1465 1571 1540 Salvatoris
1590 1468 1633 1539 de
1651 1468 2020 1560 Zwyerzynyecz

463 1587 540 1678 sita,
569 1609 656 1678 quae
684 1593 738 1659 est
763 1587 889 1659 fundus
916 1589 1117 1680 principalis
1145 1590 1310 1660 ecclesiae
1337 1588 1497 1660 Omnium
1524 1589 1728 1660 Sanctorum
1755 1590 1888 1661 mediae
1906 1579 2019 1679 partis

463 1709 671 1800 lignonem
700 1731 768 1798 qua
795 1717 877 1780 sunt
905 1716 1053 1800 quatuor
1079 1711 1171 1791 lanei
1198 1711 1442 1799 emetbonales,
1469 1711 1624 1801 quinon
1651 1716 1821 1783 vocantur
1846 1711 1938 1781 lanei
1955 1711 2018 1781 sed

464 1830 665 1920 ortulaniae,
693 1837 729 1900 et
755 1831 860 1902 solvit
887 1831 1033 1921 quilibet
1060 1832 1185 1920 viginti
1210 1851 1361 1921 grossos,
1387 1828 1513 1920 viginti
1539 1851 1613 1920 ova,
1641 1831 1728 1903 duos
1755 1851 1911 1922 capones,
1931 1830 2018 1902 duos

462 1970 590 2040 casem,
617 1958 653 2022 et
679 1973 784 2022 unum
812 1952 903 2023 diem
931 1953 1078 2043 quilibet
1104 1953 1140 2022 in
1168 1953 1360 2042 septimana
1386 1954 1533 2043 laborat,
1551 1951 1719 2043 ququuid
1736 1953 1804 2024 sibi
1820 1952 2016 2023 mandatur.

463 2071 552 2142 Item
570 2073 683 2143 lacus
719 2070 889 2163 op'timus,
916 2075 975 2144 ubi
1013 2074 1095 2144 olim
1120 2074 1251 2145 fluebat
1276 2073 1429 2162 Visla,
1456 2079 1493 2145 et
1518 2075 1733 2164 superiorem
1759 2079 1897 2164 partem
1922 2073 2019 2143 lacus

463 2193 570 2264 habet
597 2195 846 2265 monasterinm
874 2195 916 2265 de
943 2195 1302 2286 Zwierzyniecz,
1329 2195 1527 2266 inferiorem
1553 2195 1707 2267 Iacobus
1733 2196 1777 2266 de
1794 2195 2020 2266 Konieoz-

463 2313 610 2404 polyc,
637 2315 785 2385 mediam
811 2335 904 2404 vero,
932 2315 967 2385 in
996 2337 1064 2405 qua
1091 2322 1172 2387 sunt
1199 2316 1267 2387 duo
1294 2316 1408 2386 stadia
1434 2337 1545 2405 aquae
1568 2316 1655 2386 alias
1674 2314 1762 2385 duae
1780 2326 1896 2409 tongra,
1914 2315 2022 2385 babet

462 2434 631 2522 plebanus
667 2434 828 2505 Omnium
865 2435 1069 2506 Sanctorum
1104 2437 1239 2508 mediae
1264 2438 1375 2526 partis
1402 2437 1546 2526 ligneae.
1588 2436 1644 2506 Ad
1671 2435 1873 2525 piscandum
1900 2440 2018 2506 autem

464 2555 576 2643 pisces
604 2556 638 2624 in
666 2556 864 2627 huiusmodi
890 2557 979 2647 lacn,
1006 2563 1172 2628 tenentur
1198 2559 1249 2628 ire
1276 2579 1394 2628 omncs
1422 2564 1573 2648 quatuor
1589 2557 1741 2627 ortulani
1757 2562 1901 2646 propter
1919 2556 2041 2626 diem·

464 2675 552 2746 Item
579 2676 686 2747 habet
712 2678 760 2748 ibi
786 2677 947 2766 plebania
972 2677 1130 2768 praefata
1158 2679 1288 2769 sylvam
1319 2679 1505 2750 notabilem
1533 2699 1610 2748 cum
1636 2678 1748 2766 pratis
1773 2685 1812 2748 et
1829 2679 1907 2768 ripa
1923 2676 2020 2747 fluvii

464 2795 646 2887 Vislae,
673 2797 765 2868 dicta
792 2797 992 2869 Pasieka
1019 2801 1055 2869 in
1082 2821 1152 2870 una
1178 2806 1279 2890 parte
1306 2799 1488 2889 Vislae,
1515 2798 1615 2869 iuxta
1640 2803 1751 2868 metas
1778 2797 1883 2869 villae
1909 2797 2018 2887 Byc-

464 2917 591 3009 lany3
618 2939 660 2988 ex
698 2919 767 2988 alia
793 2939 876 2990 vero
903 2925 1004 3008 parte
1031 2920 1190 2991 Vislae
1217 2923 1324 2991 habet
1350 2921 1453 2990 aliam
1480 2919 1613 3009 sylvam
1639 2919 1848 3008 notabilem,
1874 2919 2017 3008 longam

361 3083 365 3098 -
461 3045 498 3109 et
522 3041 647 3129 latam,
676 3039 804 3109 dietam
839 3040 1032 3128 vulgariter
1058 3039 1192 3130 Kolo,
1220 3062 1296 3111 cum
1332 3041 1443 3129 pratis
1470 3046 1506 3110 et
1531 3040 1693 3129 lacubus,
1720 3040 1891 3110 iacentem
1917 3046 1954 3110 et
1980 3061 2019 3110 se

365 3203 371 3216 ·
463 3159 705 3231 extendentem
732 3159 825 3228 inter
847 3159 940 3230 bona
965 3158 1220 3231 Kostrzecz
1248 3167 1285 3231 et
1312 3159 1563 3252 Thynyecz,
1582 3161 1642 3231 ubi
1660 3161 1765 3231 etiam
1783 3160 1888 3231 babet
1905 3160 2020 3250 ripam

462 3280 632 3353 Vislae.
667 3279 754 3351 Item
791 3287 845 3351 est
880 3281 915 3351 in
952 3281 1071 3353 eadem
1103 3282 1188 3354 villa
1213 3279 1394 3372 praedium
1421 3253 1597 3371 praefatae
1627 3280 1825 3372 plebaniae,
1852 3281 1896 3352 de
1922 3282 2020 3352 cuius

463 3402 557 3491 agris
584 3400 670 3473 nulli
697 3401 802 3473 solvit
828 3401 1003 3494 decimam,
1030 3404 1090 3474 sed
1118 3424 1193 3475 eam
1220 3424 1284 3493 pro
1311 3424 1348 3474 se
1375 3403 1468 3473 tollit
1493 3409 1530 3473 ct
1555 3404 1591 3471 in
1619 3403 1782 3473 horreum
1800 3424 1899 3473 suum
1917 3402 2019 3474 indu-

390 3566 394 3573 ·
463 3524 520 3595 eit.
546 3524 633 3593 Item
659 3524 907 3595 monasterium
935 3525 978 3595 de
1004 3524 1362 3616 Zwierzynyecz
1389 3524 1495 3595 babet
1521 3523 1570 3594 ibi
1597 3524 1632 3593 in
1659 3545 1730 3595 uua
1747 3532 1849 3614 parte
1867 3524 2016 3614 laneum,

464 3646 547 3715 item
573 3665 676 3715 unam
703 3645 885 3716 tabernam
913 3646 1098 3717 habentem
1126 3666 1238 3737 agros,
1265 3646 1348 3716 item
1375 3645 1564 3734 praedium,
1591 3645 1675 3715 item
1702 3645 1905 3736 ortulanias,
1933 3646 2019 3715 item

465 3765 716 3855 molendinum;
744 3766 826 3837 item
853 3765 1005 3837 Iacobus
1032 3766 1075 3837 de
1102 3765 1448 3857 Konieczpolye
1475 3766 1518 3837 de
1544 3765 1645 3837 domo
1671 3764 1884 3837 Pobodze
1910 3767 2020 3838 babet

461 3887 511 3958 ibi
538 3888 657 3958 laneos
685 3887 929 3978 emetbonalcs,
956 3888 1040 3958 item
1068 3886 1110 3959 de
1137 3889 1297 3960 omnibus
1324 3889 1418 3978 agris
1444 3886 1622 3977 praefatae
1648 3886 1763 3977 villae,
1790 3892 1861 3957 tam
1880 3888 1924 3957 ad
1942 3886 2017 3976 ple-

461 4008 589 4079 banum
624 4006 783 4079 Omnium
812 4006 1035 4097 Sanctorum,
1064 4027 1166 4098 quam
1193 4010 1238 4080 ad
1264 4010 1512 4080 monasterium
1538 4008 1821 4097 Zwierzynense,
1848 4028 1951 4098 quam
1970 4007 2016 4077 ad

463 4126 632 4199 Iacobum
661 4128 703 4198 de
730 4128 1077 4219 Konie‘czpolye
1104 4131 1349 4220 spectantibus,
1385 4129 1428 4200 de
1462 4129 1631 4219 praediis,
1662 4128 1820 4199 tabernis
1852 4135 1889 4199 et
1916 4133 2016 4199 ortu·

465 4246 568 4316 laniis
605 4248 752 4318 solvitur
787 4254 823 4319 et
859 4250 1065 4322 conducitur
1098 4251 1232 4321 decima
1257 4250 1483 4339 manipularis
1511 4254 1547 4320 et
1573 4250 1750 4339 canapalis
1776 4269 1839 4339 pro
1866 4249 2017 4338 plebano

462 4366 622 4439 Omnium
649 4368 851 4440 Sanctorum
879 4370 1012 4443 mediae
1040 4372 1150 4462 partis
1176 4373 1320 4462 ligneae,
1347 4378 1383 4442 et
1409 4372 1509 4441 valor
1535 4371 1610 4440 eius
1629 4371 1835 4440 aestimatur
1852 4369 1897 4440 ad
1916 4371 2017 4459 quin-

462 4490 572 4561 decim
598 4510 740 4560 marcas.
766 4490 854 4561 Item
881 4498 935 4563 est
962 4493 998 4562 in
1025 4493 1147 4563 eadem
1173 4494 1257 4565 villa
1273 4493 1395 4563 laneus
1412 4513 1501 4562 unus
1520 4491 1690 4582 specialis,
1709 4490 1754 4562 ad
1772 4491 2015 4561 clericaturam

462 4610 495 4681 S.
523 4610 704 4681 Michaelis
732 4612 766 4682 in
795 4618 910 4683 castro
939 4611 1163 4685 Oracoviensi
1189 4614 1386 4703 pertinens,
1414 4611 1457 4684 de
1484 4630 1552 4702 quo
1580 4612 1762 4683 solvuntur
1790 4612 2017 4682 clericaturae

462 4733 550 4803 duae
578 4752 714 4804 marcac
741 4754 805 4823 pro
833 4754 947 4826 censu,
975 4740 1011 4805 et
1038 4736 1170 4806 decima
1195 4735 1421 4825 manipularis
1449 4734 1553 4806 etiam
1580 4733 1693 4805 eidem
1718 4733 1854 4824 clerico,
1881 4733 2016 4805 valoris

370 4906 390 4917 .
462 4856 565 4927 unius
592 4876 738 4925 marcae.

566 4976 773 5067 annvnur,
799 4977 882 5048 villa
908 4978 972 5049 sub
999 4978 1166 5069 parocbia
1192 4978 1235 5049 de
1261 4978 1611 5069 Zwierzynyecz
1639 4978 1714 5067 sita,
1742 4978 1840 5048 cuius
1857 4976 2015 5067 proprie·

461 5104 517 5170 tas
554 5098 598 5168 ad
635 5099 883 5169 monasterinm
918 5099 1179 5190 Zwierzynense
1214 5101 1383 5190 pertinet,
1412 5094 1577 5190 quantum
1613 5099 1658 5170 ad
1684 5120 1789 5169 unum
1815 5098 2016 5188 praedium3

462 5225 629 5310 quantum
656 5239 740 5289 vero
768 5218 812 5290 ad
839 5220 1047 5310 emetboneS,
1076 5221 1276 5312 ortulanias,
1303 5222 1477 5311 tabernae,
1495 5220 1728 5291 molendinum
1746 5227 1782 5291 et
1800 5220 1894 5291 aliud
1913 5240 2016 5309 prae·

462 5341 565 5431 dium,
592 5342 744 5429 pertinet
771 5340 815 5411 ad
842 5341 1023 5413 Nicolaum
1041 5342 1353 5434 Zarogowsky
1379 5342 1554 5413 consulem
1572 5314 2017 5432 Oracoviensemsnobilem

462 5462 504 5533 de
532 5462 632 5533 domo
660 5460 850 5554 Ostoya,
879 5464 914 5533 in
942 5484 1010 5553 qua
1036 5469 1118 5535 sunt
1146 5465 1297 5554 quinque
1332 5464 1423 5535 lanei
1455 5464 1707 5555 emetbonalcs,
1734 5464 1821 5535 item
1846 5464 2016 5534 tabernae

466 5584 565 5673 duae,
591 5584 758 5656 babentes
786 5606 898 5675 agroS,
926 5586 1009 5655 item
1037 5586 1232 5656 ortulaniae
1260 5590 1417 5676 quatuor,
1444 5586 1612 5657 habentes
1639 5606 1751 5676 agree,
1778 5586 1860 5656 item
1885 5585 2018 5656 molen·

461 5702 589 5795 diuum,
616 5705 745 5781 babens
772 5726 890 5795 agros,
917 5706 1000 5776 item
1027 5706 1207 5795 praedium
1234 5706 1430 5795 secundum,
1457 5706 1500 5776 de
1527 5708 1652 5796 quibus
1680 5708 1838 5778 omnibus
1865 5706 2017 5779 solvitur
