<?xml version="1.0" encoding="UTF-8"?>
<!DOCTYPE html PUBLIC "-//W3C//DTD XHTML 1.0 Transitional//EN"
    "http://www.w3.org/TR/xhtml1/DTD/xhtml1-transitional.dtd">
<html xmlns="http://www.w3.org/1999/xhtml" xml:lang="en" lang="en">
 <head>
  <title>
</title>
<meta http-equiv="Content-Type" content="text/html;charset=utf-8" />
  <meta name='ocr-system' content='tesseract 3.04.00' />
  <meta name='ocr-capabilities' content='ocr_page ocr_carea ocr_par ocr_line ocrx_word'/>
</head>
<body>
  <div class='ocr_page' id='page_1' title='image "./operaomnia03paulgoog_0306.png"; bbox 0 0 4550 6600; ppageno 0'>
   <div class='ocr_carea' id='block_1_1' title="bbox 1655 836 1730 908">
    <p class='ocr_par' dir='ltr' id='par_1_1' title="bbox 1655 836 1730 908">
     <span class='ocr_line' id='line_1_1' title="bbox 1655 836 1730 908; baseline -0.027 0"><span class='ocrx_word' id='word_1_1' title='bbox 1655 836 1730 908; x_wconf 76' lang='grc'><strong>263</strong></span> 
     </span>
    </p>
   </div>
   <div class='ocr_carea' id='block_1_2' title="bbox 118 1037 1772 4508">
    <p class='ocr_par' dir='ltr' id='par_1_2' title="bbox 185 1037 1772 2217">
     <span class='ocr_line' id='line_1_2' title="bbox 186 1037 1733 1130; baseline 0.001 -18"><span class='ocrx_word' id='word_1_2' title='bbox 186 1041 330 1112; x_wconf 76' lang='lat' dir='ltr'>taberna</span> <span class='ocrx_word' id='word_1_3' title='bbox 355 1038 486 1111; x_wconf 88' lang='lat' dir='ltr'><strong>habens</strong></span> <span class='ocrx_word' id='word_1_4' title='bbox 513 1058 626 1130; x_wconf 82' lang='lat' dir='ltr'><strong>agros,</strong></span> <span class='ocrx_word' id='word_1_5' title='bbox 653 1037 696 1110; x_wconf 90' lang='lat' dir='ltr'><strong>de</strong></span> <span class='ocrx_word' id='word_1_6' title='bbox 723 1039 848 1129; x_wconf 91' lang='lat' dir='ltr'><strong>quibus</strong></span> <span class='ocrx_word' id='word_1_7' title='bbox 875 1039 1032 1111; x_wconf 89' lang='lat' dir='ltr'><strong>omnibus</strong></span> <span class='ocrx_word' id='word_1_8' title='bbox 1059 1038 1209 1111; x_wconf 88' lang='lat' dir='ltr'><strong>solvitur</strong></span> <span class='ocrx_word' id='word_1_9' title='bbox 1225 1045 1263 1111; x_wconf 90' lang='lat' dir='ltr'><strong>et</strong></span> <span class='ocrx_word' id='word_1_10' title='bbox 1280 1040 1484 1113; x_wconf 82' lang='lat' dir='ltr'>conducitur</span> <span class='ocrx_word' id='word_1_11' title='bbox 1510 1040 1643 1113; x_wconf 88' lang='lat' dir='ltr'><strong>decima</strong></span> <span class='ocrx_word' id='word_1_12' title='bbox 1660 1062 1733 1113; x_wconf 87' lang='lat' dir='ltr'><strong>ma-</strong></span> 
     </span>
     <span class='ocr_line' id='line_1_3' title="bbox 186 1138 1734 1252; baseline 0.003 -21"><span class='ocrx_word' id='word_1_13' title='bbox 186 1161 351 1251; x_wconf 87' lang='lat' dir='ltr'><strong>nipularis</strong></span> <span class='ocrx_word' id='word_1_14' title='bbox 378 1165 414 1230; x_wconf 92' lang='lat' dir='ltr'><strong>et</strong></span> <span class='ocrx_word' id='word_1_15' title='bbox 440 1160 616 1248; x_wconf 87' lang='lat' dir='ltr'><strong>canapalis</strong></span> <span class='ocrx_word' id='word_1_16' title='bbox 641 1180 706 1250; x_wconf 91' lang='lat' dir='ltr'><strong>pro</strong></span> <span class='ocrx_word' id='word_1_17' title='bbox 733 1138 879 1233; x_wconf 82' lang='lat' dir='ltr'><strong>ecclesia</strong></span> <span class='ocrx_word' id='word_1_18' title='bbox 905 1162 941 1231; x_wconf 90' lang='lat' dir='ltr'><strong>in</strong></span> <span class='ocrx_word' id='word_1_19' title='bbox 967 1162 1213 1252; x_wconf 88' lang='lat' dir='ltr'><strong>Dambycza,</strong></span> <span class='ocrx_word' id='word_1_20' title='bbox 1240 1167 1277 1234; x_wconf 91' lang='lat' dir='ltr'><strong>et</strong></span> <span class='ocrx_word' id='word_1_21' title='bbox 1303 1162 1401 1233; x_wconf 89' lang='lat' dir='ltr'><strong>valor</strong></span> <span class='ocrx_word' id='word_1_22' title='bbox 1427 1162 1502 1232; x_wconf 91' lang='lat' dir='ltr'><strong>eius</strong></span> <span class='ocrx_word' id='word_1_23' title='bbox 1528 1163 1734 1235; x_wconf 89' lang='lat' dir='ltr'><strong>aestimatur</strong></span> 
     </span>
     <span class='ocr_line' id='line_1_4' title="bbox 187 1281 1733 1374; baseline 0.003 -23"><span class='ocrx_word' id='word_1_24' title='bbox 187 1281 229 1352; x_wconf 87' lang='lat' dir='ltr'><strong>ad</strong></span> <span class='ocrx_word' id='word_1_25' title='bbox 254 1288 404 1370; x_wconf 88' lang='lat' dir='ltr'><strong>quatuor</strong></span> <span class='ocrx_word' id='word_1_26' title='bbox 438 1299 591 1369; x_wconf 78' lang='lat' dir='ltr'><strong>marcae,</strong></span> <span class='ocrx_word' id='word_1_27' title='bbox 626 1284 766 1371; x_wconf 90' lang='lat' dir='ltr'><strong>praeter</strong></span> <span class='ocrx_word' id='word_1_28' title='bbox 791 1300 919 1371; x_wconf 89' lang='lat' dir='ltr'><strong>paucos</strong></span> <span class='ocrx_word' id='word_1_29' title='bbox 951 1302 1071 1371; x_wconf 81' lang='lat' dir='ltr'><strong>agros,</strong></span> <span class='ocrx_word' id='word_1_30' title='bbox 1106 1282 1302 1372; x_wconf 89' lang='lat' dir='ltr'><strong>dequibus</strong></span> <span class='ocrx_word' id='word_1_31' title='bbox 1338 1281 1485 1353; x_wconf 90' lang='lat' dir='ltr'><strong>solvitur</strong></span> <span class='ocrx_word' id='word_1_32' title='bbox 1511 1281 1643 1353; x_wconf 88' lang='lat' dir='ltr'><strong>decima</strong></span> <span class='ocrx_word' id='word_1_33' title='bbox 1668 1304 1733 1374; x_wconf 92' lang='lat' dir='ltr'><strong>pro</strong></span> 
     </span>
     <span class='ocr_line' id='line_1_5' title="bbox 186 1387 1772 1491; baseline 0.001 -18"><span class='ocrx_word' id='word_1_34' title='bbox 186 1401 343 1491; x_wconf 90' lang='lat' dir='ltr'><strong>episcopo</strong></span> <span class='ocrx_word' id='word_1_35' title='bbox 370 1399 612 1491; x_wconf 83' lang='lat' dir='ltr'><strong>Gracoviensi,</strong></span> <span class='ocrx_word' id='word_1_36' title='bbox 639 1402 737 1473; x_wconf 92' lang='lat' dir='ltr'><strong>cuius</strong></span> <span class='ocrx_word' id='word_1_37' title='bbox 765 1402 863 1473; x_wconf 89' lang='lat' dir='ltr'><strong>valor</strong></span> <span class='ocrx_word' id='word_1_38' title='bbox 889 1404 1093 1474; x_wconf 91' lang='lat' dir='ltr'><strong>aestimatur</strong></span> <span class='ocrx_word' id='word_1_39' title='bbox 1121 1402 1166 1473; x_wconf 89' lang='lat' dir='ltr'><strong>ad</strong></span> <span class='ocrx_word' id='word_1_40' title='bbox 1191 1407 1264 1474; x_wconf 88' lang='lat' dir='ltr'><strong>tres</strong></span> <span class='ocrx_word' id='word_1_41' title='bbox 1290 1402 1452 1473; x_wconf 85' lang='lat' dir='ltr'><strong>fertones.</strong></span> <span class='ocrx_word' id='word_1_42' title='bbox 1488 1402 1577 1474; x_wconf 91' lang='lat' dir='ltr'><strong>Item</strong></span> <span class='ocrx_word' id='word_1_43' title='bbox 1603 1408 1658 1475; x_wconf 89' lang='lat' dir='ltr'><strong>est</strong></span> <span class='ocrx_word' id='word_1_44' title='bbox 1683 1405 1733 1474; x_wconf 88' lang='grc'>1111</span> <span class='ocrx_word' id='word_1_45' title='bbox 1770 1387 1772 1392; x_wconf 58' lang='grc'><strong>’</strong></span> 
     </span>
     <span class='ocr_line' id='line_1_6' title="bbox 185 1504 1734 1615; baseline 0.002 -23"><span class='ocrx_word' id='word_1_46' title='bbox 185 1522 374 1593; x_wconf 89' lang='lat' dir='ltr'><strong>oratorium</strong></span> <span class='ocrx_word' id='word_1_47' title='bbox 400 1542 506 1591; x_wconf 90' lang='lat' dir='ltr'><strong>unum</strong></span> <span class='ocrx_word' id='word_1_48' title='bbox 532 1521 699 1615; x_wconf 85' lang='lat' dir='ltr'><strong>ligneum,</strong></span> <span class='ocrx_word' id='word_1_49' title='bbox 735 1521 863 1594; x_wconf 87' lang='lat' dir='ltr'><strong>Sancto</strong></span> <span class='ocrx_word' id='word_1_50' title='bbox 889 1522 1059 1594; x_wconf 88' lang='lat' dir='ltr'><strong>Stanislao</strong></span> <span class='ocrx_word' id='word_1_51' title='bbox 1092 1504 1243 1615; x_wconf 82' lang='lat' dir='ltr'><strong>Martyri</strong></span> <span class='ocrx_word' id='word_1_52' title='bbox 1270 1529 1307 1594; x_wconf 90' lang='grc'><strong>11</strong></span> <span class='ocrx_word' id='word_1_53' title='bbox 1331 1524 1486 1614; x_wconf 88' lang='lat' dir='ltr'><strong>pontifici</strong></span> <span class='ocrx_word' id='word_1_54' title='bbox 1513 1513 1734 1595; x_wconf 68' lang='lat' dir='ltr'><strong>cracoviensi</strong></span> 
     </span>
     <span class='ocr_line' id='line_1_7' title="bbox 185 1641 1732 1734; baseline 0.001 -21"><span class='ocrx_word' id='word_1_55' title='bbox 185 1642 341 1732; x_wconf 86' lang='lat' dir='ltr'><strong>dicatum,</strong></span> <span class='ocrx_word' id='word_1_56' title='bbox 368 1641 413 1713; x_wconf 89' lang='lat' dir='ltr'><strong>ad</strong></span> <span class='ocrx_word' id='word_1_57' title='bbox 440 1642 531 1733; x_wconf 91' lang='lat' dir='ltr'><strong>quod</strong></span> <span class='ocrx_word' id='word_1_58' title='bbox 557 1642 598 1713; x_wconf 91' lang='lat' dir='ltr'><strong>fit</strong></span> <span class='ocrx_word' id='word_1_59' title='bbox 625 1663 810 1714; x_wconf 82' lang='lat' dir='ltr'><strong>concursus</strong></span> <span class='ocrx_word' id='word_1_60' title='bbox 837 1644 873 1715; x_wconf 93' lang='lat' dir='ltr'><strong>in</strong></span> <span class='ocrx_word' id='word_1_61' title='bbox 900 1649 1048 1733; x_wconf 91' lang='lat' dir='ltr'><strong>utroque</strong></span> <span class='ocrx_word' id='word_1_62' title='bbox 1074 1643 1163 1715; x_wconf 86' lang='lat' dir='ltr'><strong>festo</strong></span> <span class='ocrx_word' id='word_1_63' title='bbox 1191 1643 1309 1717; x_wconf 82' lang='lat' dir='ltr'><strong>Sancti</strong></span> <span class='ocrx_word' id='word_1_64' title='bbox 1335 1644 1518 1734; x_wconf 87' lang='lat' dir='ltr'><strong>Stanislai,</strong></span> <span class='ocrx_word' id='word_1_65' title='bbox 1545 1644 1732 1716; x_wconf 89' lang='lat' dir='ltr'><strong>multorum</strong></span> 
     </span>
     <span class='ocr_line' id='line_1_8' title="bbox 187 1763 1734 1856; baseline 0.002 -23"><span class='ocrx_word' id='word_1_66' title='bbox 187 1763 407 1853; x_wconf 90' lang='lat' dir='ltr'><strong>populorum,</strong></span> <span class='ocrx_word' id='word_1_67' title='bbox 444 1768 480 1833; x_wconf 92' lang='lat' dir='ltr'><strong>et</strong></span> <span class='ocrx_word' id='word_1_68' title='bbox 505 1764 655 1853; x_wconf 91' lang='lat' dir='ltr'><strong>plurima</strong></span> <span class='ocrx_word' id='word_1_69' title='bbox 681 1763 768 1834; x_wconf 89' lang='lat' dir='ltr'><strong>fiunt</strong></span> <span class='ocrx_word' id='word_1_70' title='bbox 793 1764 841 1835; x_wconf 91' lang='lat' dir='ltr'><strong>ibi</strong></span> <span class='ocrx_word' id='word_1_71' title='bbox 869 1764 914 1834; x_wconf 89' lang='lat' dir='ltr'><strong>ad</strong></span> <span class='ocrx_word' id='word_1_72' title='bbox 940 1766 1192 1836; x_wconf 77' lang='lat' dir='ltr'><strong>invocationem</strong></span> <span class='ocrx_word' id='word_1_73' title='bbox 1228 1765 1345 1836; x_wconf 83' lang='lat' dir='ltr'><strong>Sancti</strong></span> <span class='ocrx_word' id='word_1_74' title='bbox 1376 1764 1540 1835; x_wconf 87' lang='lat' dir='ltr'><strong>Stanislai</strong></span> <span class='ocrx_word' id='word_1_75' title='bbox 1565 1766 1734 1856; x_wconf 85' lang='lat' dir='ltr'><strong>prodigia,</strong></span> 
     </span>
     <span class='ocr_line' id='line_1_9' title="bbox 187 1883 1734 1976; baseline 0.002 -22"><span class='ocrx_word' id='word_1_76' title='bbox 187 1890 221 1954; x_wconf 92' lang='lat' dir='ltr'><strong>et</strong></span> <span class='ocrx_word' id='word_1_77' title='bbox 246 1904 364 1955; x_wconf 89' lang='lat' dir='ltr'><strong>onmes</strong></span> <span class='ocrx_word' id='word_1_78' title='bbox 392 1883 583 1955; x_wconf 89' lang='lat' dir='ltr'><strong>oblationes</strong></span> <span class='ocrx_word' id='word_1_79' title='bbox 619 1885 668 1957; x_wconf 89' lang='lat' dir='ltr'><strong>ibi</strong></span> <span class='ocrx_word' id='word_1_80' title='bbox 704 1883 831 1975; x_wconf 88' lang='lat' dir='ltr'><strong>factas,</strong></span> <span class='ocrx_word' id='word_1_81' title='bbox 866 1885 959 1955; x_wconf 91' lang='lat' dir='ltr'><strong>tollit</strong></span> <span class='ocrx_word' id='word_1_82' title='bbox 994 1886 1162 1975; x_wconf 89' lang='lat' dir='ltr'><strong>plebanus</strong></span> <span class='ocrx_word' id='word_1_83' title='bbox 1197 1885 1240 1955; x_wconf 90' lang='lat' dir='ltr'><strong>de</strong></span> <span class='ocrx_word' id='word_1_84' title='bbox 1267 1886 1530 1976; x_wconf 86' lang='lat' dir='ltr'><strong>Dambycza.</strong></span> <span class='ocrx_word' id='word_1_85' title='bbox 1565 1886 1653 1957; x_wconf 85' lang='lat' dir='ltr'><strong>Item</strong></span> <span class='ocrx_word' id='word_1_86' title='bbox 1679 1892 1734 1957; x_wconf 88' lang='lat' dir='ltr'><strong>est</strong></span> 
     </span>
     <span class='ocr_line' id='line_1_10' title="bbox 186 2004 1734 2103; baseline 0.002 -29"><span class='ocrx_word' id='word_1_87' title='bbox 186 2004 232 2075; x_wconf 88' lang='grc'><strong>111</strong></span> <span class='ocrx_word' id='word_1_88' title='bbox 258 2004 419 2076; x_wconf 88' lang='lat' dir='ltr'><strong>scoltetia</strong></span> <span class='ocrx_word' id='word_1_89' title='bbox 452 2005 584 2076; x_wconf 89' lang='lat' dir='ltr'><strong>habens</strong></span> <span class='ocrx_word' id='word_1_90' title='bbox 625 2024 746 2095; x_wconf 80' lang='lat' dir='ltr'><strong>agros,</strong></span> <span class='ocrx_word' id='word_1_91' title='bbox 779 2005 822 2077; x_wconf 93' lang='lat' dir='ltr'><strong>de</strong></span> <span class='ocrx_word' id='word_1_92' title='bbox 850 2006 974 2096; x_wconf 87' lang='lat' dir='ltr'><strong>quibus</strong></span> <span class='ocrx_word' id='word_1_93' title='bbox 1000 2027 1064 2095; x_wconf 93' lang='lat' dir='ltr'><strong>pro</strong></span> <span class='ocrx_word' id='word_1_94' title='bbox 1092 2005 1224 2078; x_wconf 89' lang='lat' dir='ltr'><strong>decima</strong></span> <span class='ocrx_word' id='word_1_95' title='bbox 1260 2007 1441 2079; x_wconf 90' lang='lat' dir='ltr'><strong>solvuntur</strong></span> <span class='ocrx_word' id='word_1_96' title='bbox 1476 2006 1594 2077; x_wconf 89' lang='lat' dir='ltr'><strong>decem</strong></span> <span class='ocrx_word' id='word_1_97' title='bbox 1619 2007 1734 2103; x_wconf 82' lang='lat' dir='ltr'><strong>grossi</strong></span> 
     </span>
     <span class='ocr_line' id='line_1_11' title="bbox 187 2122 702 2217; baseline 0.004 -22"><span class='ocrx_word' id='word_1_98' title='bbox 187 2122 349 2196; x_wconf 88' lang='lat' dir='ltr'><strong>ecclesiae</strong></span> <span class='ocrx_word' id='word_1_99' title='bbox 377 2126 413 2196; x_wconf 92' lang='lat' dir='ltr'><strong>in</strong></span> <span class='ocrx_word' id='word_1_100' title='bbox 439 2125 702 2217; x_wconf 84' lang='lat' dir='ltr'><strong>Dambycza.</strong></span> 
     </span>
    </p>

    <p class='ocr_par' dir='ltr' id='par_1_3' title="bbox 187 2245 1735 3061">
     <span class='ocr_line' id='line_1_12' title="bbox 284 2245 1733 2338; baseline 0.003 -23"><span class='ocrx_word' id='word_1_101' title='bbox 284 2245 572 2336; x_wconf 79' lang='lat' dir='ltr'><strong>Nocnvvczvun,</strong></span> <span class='ocrx_word' id='word_1_102' title='bbox 608 2248 691 2319; x_wconf 90' lang='lat' dir='ltr'><strong>villa</strong></span> <span class='ocrx_word' id='word_1_103' title='bbox 721 2247 784 2317; x_wconf 88' lang='lat' dir='ltr'><strong>sub</strong></span> <span class='ocrx_word' id='word_1_104' title='bbox 811 2247 976 2336; x_wconf 87' lang='lat' dir='ltr'><strong>parochia</strong></span> <span class='ocrx_word' id='word_1_105' title='bbox 1002 2246 1045 2331; x_wconf 88' lang='lat' dir='ltr'><strong>de</strong></span> <span class='ocrx_word' id='word_1_106' title='bbox 1072 2246 1331 2337; x_wconf 85' lang='lat' dir='ltr'><strong>Dambycza</strong></span> <span class='ocrx_word' id='word_1_107' title='bbox 1366 2248 1452 2338; x_wconf 88' lang='lat' dir='ltr'><strong>sita,</strong></span> <span class='ocrx_word' id='word_1_108' title='bbox 1488 2248 1583 2319; x_wconf 86' lang='lat' dir='ltr'><strong>cuius</strong></span> <span class='ocrx_word' id='word_1_109' title='bbox 1609 2248 1733 2320; x_wconf 87' lang='lat' dir='ltr'><strong>haeres</strong></span> 
     </span>
     <span class='ocr_line' id='line_1_13' title="bbox 189 2364 1721 2458; baseline 0 -20"><span class='ocrx_word' id='word_1_110' title='bbox 189 2364 335 2439; x_wconf 82' lang='lat' dir='ltr'><strong>lacobus</strong></span> <span class='ocrx_word' id='word_1_111' title='bbox 363 2365 653 2458; x_wconf 80' lang='lat' dir='ltr'><strong>Trzeczeslvy</strong></span> <span class='ocrx_word' id='word_1_112' title='bbox 680 2367 723 2438; x_wconf 89' lang='lat' dir='ltr'><strong>de</strong></span> <span class='ocrx_word' id='word_1_113' title='bbox 750 2367 850 2439; x_wconf 88' lang='lat' dir='ltr'><strong>dorno</strong></span> <span class='ocrx_word' id='word_1_114' title='bbox 885 2366 1166 2458; x_wconf 87' lang='lat' dir='ltr'><strong>Strcparum.</strong></span> <span class='ocrx_word' id='word_1_115' title='bbox 1200 2367 1241 2437; x_wconf 92' lang='lat' dir='ltr'><strong>In</strong></span> <span class='ocrx_word' id='word_1_116' title='bbox 1270 2388 1338 2457; x_wconf 89' lang='lat' dir='ltr'><strong>qua</strong></span> <span class='ocrx_word' id='word_1_117' title='bbox 1362 2373 1445 2440; x_wconf 90' lang='lat' dir='ltr'><strong>sunt</strong></span> <span class='ocrx_word' id='word_1_118' title='bbox 1469 2368 1561 2440; x_wconf 88' lang='lat' dir='ltr'><strong>lanei</strong></span> <span class='ocrx_word' id='word_1_119' title='bbox 1580 2424 1721 2439; x_wconf 90' lang='grc'><strong>......</strong></span> 
     </span>
     <span class='ocr_line' id='line_1_14' title="bbox 187 2486 1734 2579; baseline 0.002 -22"><span class='ocrx_word' id='word_1_120' title='bbox 187 2486 266 2557; x_wconf 85' lang='lat' dir='ltr'><strong>item</strong></span> <span class='ocrx_word' id='word_1_121' title='bbox 292 2506 363 2557; x_wconf 85' lang='lat' dir='ltr'><strong>una</strong></span> <span class='ocrx_word' id='word_1_122' title='bbox 389 2487 536 2557; x_wconf 88' lang='lat' dir='ltr'><strong>taberna</strong></span> <span class='ocrx_word' id='word_1_123' title='bbox 561 2508 630 2558; x_wconf 90' lang='lat' dir='ltr'><strong>non</strong></span> <span class='ocrx_word' id='word_1_124' title='bbox 656 2488 788 2558; x_wconf 89' lang='lat' dir='ltr'><strong>habens</strong></span> <span class='ocrx_word' id='word_1_125' title='bbox 815 2508 928 2577; x_wconf 82' lang='lat' dir='ltr'><strong>agros,</strong></span> <span class='ocrx_word' id='word_1_126' title='bbox 955 2488 998 2558; x_wconf 90' lang='lat' dir='ltr'><strong>de</strong></span> <span class='ocrx_word' id='word_1_127' title='bbox 1025 2488 1150 2578; x_wconf 86' lang='lat' dir='ltr'><strong>quibus</strong></span> <span class='ocrx_word' id='word_1_128' title='bbox 1176 2488 1324 2560; x_wconf 86' lang='lat' dir='ltr'><strong>solvitur</strong></span> <span class='ocrx_word' id='word_1_129' title='bbox 1350 2488 1484 2559; x_wconf 89' lang='lat' dir='ltr'><strong>decima</strong></span> <span class='ocrx_word' id='word_1_130' title='bbox 1508 2490 1734 2579; x_wconf 84' lang='lat' dir='ltr'><strong>manipularis</strong></span> 
     </span>
     <span class='ocr_line' id='line_1_15' title="bbox 187 2606 1735 2699; baseline 0.003 -22"><span class='ocrx_word' id='word_1_131' title='bbox 187 2612 221 2677; x_wconf 92' lang='lat' dir='ltr'><strong>et</strong></span> <span class='ocrx_word' id='word_1_132' title='bbox 246 2606 421 2699; x_wconf 88' lang='lat' dir='ltr'><strong>canapalis</strong></span> <span class='ocrx_word' id='word_1_133' title='bbox 447 2628 512 2698; x_wconf 89' lang='lat' dir='ltr'><strong>pro</strong></span> <span class='ocrx_word' id='word_1_134' title='bbox 538 2610 738 2699; x_wconf 90' lang='lat' dir='ltr'><strong>episcopatu</strong></span> <span class='ocrx_word' id='word_1_135' title='bbox 765 2606 1004 2697; x_wconf 84' lang='lat' dir='ltr'><strong>Gracoviensi,</strong></span> <span class='ocrx_word' id='word_1_136' title='bbox 1039 2614 1075 2678; x_wconf 88' lang='lat' dir='ltr'><strong>et</strong></span> <span class='ocrx_word' id='word_1_137' title='bbox 1101 2608 1198 2681; x_wconf 91' lang='lat' dir='ltr'><strong>valor</strong></span> <span class='ocrx_word' id='word_1_138' title='bbox 1225 2610 1299 2679; x_wconf 91' lang='lat' dir='ltr'><strong>eius</strong></span> <span class='ocrx_word' id='word_1_139' title='bbox 1326 2608 1370 2679; x_wconf 88' lang='lat' dir='ltr'><strong>ad</strong></span> <span class='ocrx_word' id='word_1_140' title='bbox 1397 2609 1575 2680; x_wconf 87' lang='lat' dir='ltr'><strong>duodecim</strong></span> <span class='ocrx_word' id='word_1_141' title='bbox 1603 2630 1735 2681; x_wconf 88' lang='lat' dir='ltr'><strong>marcas</strong></span> 
     </span>
     <span class='ocr_line' id='line_1_16' title="bbox 190 2728 1733 2820; baseline 0.001 -22"><span class='ocrx_word' id='word_1_142' title='bbox 190 2729 399 2820; x_wconf 89' lang='lat' dir='ltr'><strong>aestimatur,</strong></span> <span class='ocrx_word' id='word_1_143' title='bbox 426 2730 507 2799; x_wconf 90' lang='lat' dir='ltr'><strong>item</strong></span> <span class='ocrx_word' id='word_1_144' title='bbox 536 2750 604 2799; x_wconf 92' lang='lat' dir='ltr'><strong>non</strong></span> <span class='ocrx_word' id='word_1_145' title='bbox 631 2734 685 2799; x_wconf 88' lang='lat' dir='ltr'><strong>est</strong></span> <span class='ocrx_word' id='word_1_146' title='bbox 703 2729 752 2799; x_wconf 89' lang='lat' dir='ltr'><strong>ibi</strong></span> <span class='ocrx_word' id='word_1_147' title='bbox 769 2730 957 2819; x_wconf 80' lang='lat' dir='ltr'><strong>praedium,</strong></span> <span class='ocrx_word' id='word_1_148' title='bbox 984 2749 1095 2819; x_wconf 87' lang='lat' dir='ltr'><strong>neque</strong></span> <span class='ocrx_word' id='word_1_149' title='bbox 1113 2728 1353 2818; x_wconf 69' lang='lat' dir='ltr'><strong>hortulanus,</strong></span> <span class='ocrx_word' id='word_1_150' title='bbox 1379 2730 1463 2800; x_wconf 89' lang='lat' dir='ltr'><strong>item</strong></span> <span class='ocrx_word' id='word_1_151' title='bbox 1490 2736 1545 2801; x_wconf 91' lang='lat' dir='ltr'><strong>est</strong></span> <span class='ocrx_word' id='word_1_152' title='bbox 1570 2730 1619 2801; x_wconf 88' lang='grc'>1111</span> <span class='ocrx_word' id='word_1_153' title='bbox 1645 2730 1733 2802; x_wconf 91' lang='lat' dir='ltr'><strong>scol·</strong></span> 
     </span>
     <span class='ocr_line' id='line_1_17' title="bbox 187 2824 1733 2940; baseline 0.001 -21"><span class='ocrx_word' id='word_1_154' title='bbox 187 2850 269 2919; x_wconf 88' lang='lat' dir='ltr'><strong>tetia</strong></span> <span class='ocrx_word' id='word_1_155' title='bbox 294 2849 427 2920; x_wconf 89' lang='lat' dir='ltr'><strong>habens</strong></span> <span class='ocrx_word' id='word_1_156' title='bbox 454 2848 541 2920; x_wconf 88' lang='lat' dir='ltr'><strong>duos</strong></span> <span class='ocrx_word' id='word_1_157' title='bbox 567 2824 767 2938; x_wconf 73' lang='grc'>11111111</span> <span class='ocrx_word' id='word_1_158' title='bbox 795 2851 918 2940; x_wconf 86' lang='lat' dir='ltr'><strong>quibus</strong></span> <span class='ocrx_word' id='word_1_159' title='bbox 946 2850 1095 2921; x_wconf 87' lang='lat' dir='ltr'><strong>solvitur</strong></span> <span class='ocrx_word' id='word_1_160' title='bbox 1114 2850 1246 2920; x_wconf 89' lang='lat' dir='ltr'><strong>decima</strong></span> <span class='ocrx_word' id='word_1_161' title='bbox 1263 2850 1489 2939; x_wconf 84' lang='lat' dir='ltr'><strong>manipularis</strong></span> <span class='ocrx_word' id='word_1_162' title='bbox 1506 2870 1571 2939; x_wconf 93' lang='lat' dir='ltr'><strong>pro</strong></span> <span class='ocrx_word' id='word_1_163' title='bbox 1588 2850 1733 2922; x_wconf 88' lang='lat' dir='ltr'><strong>ecclesia</strong></span> 
     </span>
     <span class='ocr_line' id='line_1_18' title="bbox 188 2968 511 3061; baseline 0.003 -23"><span class='ocrx_word' id='word_1_164' title='bbox 188 2968 221 3038; x_wconf 94' lang='lat' dir='ltr'><strong>in</strong></span> <span class='ocrx_word' id='word_1_165' title='bbox 245 2968 511 3061; x_wconf 82' lang='lat' dir='ltr'><strong>Dambycza.</strong></span> 
     </span>
    </p>

    <p class='ocr_par' dir='ltr' id='par_1_4' title="bbox 189 3081 1734 3424">
     <span class='ocr_line' id='line_1_19' title="bbox 287 3081 1733 3181; baseline 0.002 -21"><span class='ocrx_word' id='word_1_166' title='bbox 287 3088 527 3179; x_wconf 81' lang='lat' dir='ltr'><strong>Ganaovvrrn,</strong></span> <span class='ocrx_word' id='word_1_167' title='bbox 563 3090 646 3162; x_wconf 90' lang='lat' dir='ltr'><strong>villa</strong></span> <span class='ocrx_word' id='word_1_168' title='bbox 684 3090 748 3161; x_wconf 93' lang='lat' dir='ltr'><strong>sub</strong></span> <span class='ocrx_word' id='word_1_169' title='bbox 783 3090 949 3181; x_wconf 86' lang='lat' dir='ltr'><strong>parochia</strong></span> <span class='ocrx_word' id='word_1_170' title='bbox 984 3090 1026 3161; x_wconf 93' lang='lat' dir='ltr'><strong>de</strong></span> <span class='ocrx_word' id='word_1_171' title='bbox 1062 3091 1321 3181; x_wconf 88' lang='lat' dir='ltr'><strong>Dambycza</strong></span> <span class='ocrx_word' id='word_1_172' title='bbox 1358 3092 1443 3179; x_wconf 86' lang='lat' dir='ltr'><strong>sita,</strong></span> <span class='ocrx_word' id='word_1_173' title='bbox 1478 3091 1575 3161; x_wconf 88' lang='lat' dir='ltr'><strong>cuius</strong></span> <span class='ocrx_word' id='word_1_174' title='bbox 1609 3081 1733 3163; x_wconf 86' lang='lat' dir='ltr'><strong>haeres</strong></span> 
     </span>
     <span class='ocr_line' id='line_1_20' title="bbox 189 3202 1733 3301; baseline 0.001 -20"><span class='ocrx_word' id='word_1_175' title='bbox 189 3205 361 3281; x_wconf 81' lang='lat' dir='ltr'><strong>lohannes</strong></span> <span class='ocrx_word' id='word_1_176' title='bbox 388 3202 689 3301; x_wconf 79' lang='lat' dir='ltr'><strong>Podgrodsky</strong></span> <span class='ocrx_word' id='word_1_177' title='bbox 716 3211 759 3281; x_wconf 89' lang='lat' dir='ltr'><strong>de</strong></span> <span class='ocrx_word' id='word_1_178' title='bbox 786 3211 887 3283; x_wconf 90' lang='lat' dir='ltr'><strong>domo</strong></span> <span class='ocrx_word' id='word_1_179' title='bbox 916 3208 1185 3283; x_wconf 81' lang='lat' dir='ltr'><strong>Grilionum.</strong></span> <span class='ocrx_word' id='word_1_180' title='bbox 1212 3210 1252 3281; x_wconf 93' lang='lat' dir='ltr'><strong>In</strong></span> <span class='ocrx_word' id='word_1_181' title='bbox 1280 3231 1348 3301; x_wconf 91' lang='lat' dir='ltr'><strong>qua</strong></span> <span class='ocrx_word' id='word_1_182' title='bbox 1366 3214 1446 3281; x_wconf 89' lang='lat' dir='ltr'><strong>sunt</strong></span> <span class='ocrx_word' id='word_1_183' title='bbox 1463 3210 1555 3281; x_wconf 90' lang='lat' dir='ltr'><strong>lanei</strong></span> <span class='ocrx_word' id='word_1_184' title='bbox 1581 3213 1733 3283; x_wconf 87' lang='lat' dir='ltr'><strong>cmetlro-</strong></span> 
     </span>
     <span class='ocr_line' id='line_1_21' title="bbox 189 3332 1734 3424; baseline 0.001 -22"><span class='ocrx_word' id='word_1_185' title='bbox 189 3332 298 3420; x_wconf 87' lang='lat' dir='ltr'><strong>nales,</strong></span> <span class='ocrx_word' id='word_1_186' title='bbox 324 3332 370 3403; x_wconf 89' lang='lat' dir='ltr'><strong>de</strong></span> <span class='ocrx_word' id='word_1_187' title='bbox 397 3333 520 3422; x_wconf 90' lang='lat' dir='ltr'><strong>quibus</strong></span> <span class='ocrx_word' id='word_1_188' title='bbox 548 3333 694 3404; x_wconf 89' lang='lat' dir='ltr'><strong>solvitur</strong></span> <span class='ocrx_word' id='word_1_189' title='bbox 728 3332 862 3404; x_wconf 89' lang='lat' dir='ltr'><strong>decima</strong></span> <span class='ocrx_word' id='word_1_190' title='bbox 888 3333 1077 3422; x_wconf 87' lang='lat' dir='ltr'><strong>pecunialis</strong></span> <span class='ocrx_word' id='word_1_191' title='bbox 1104 3355 1169 3424; x_wconf 92' lang='lat' dir='ltr'><strong>pro</strong></span> <span class='ocrx_word' id='word_1_192' title='bbox 1197 3335 1358 3424; x_wconf 90' lang='lat' dir='ltr'><strong>episcopo</strong></span> <span class='ocrx_word' id='word_1_193' title='bbox 1397 3332 1635 3423; x_wconf 74' lang='lat' dir='ltr'><strong>cracoviensi,</strong></span> <span class='ocrx_word' id='word_1_194' title='bbox 1670 3353 1734 3423; x_wconf 89' lang='lat' dir='ltr'><strong>per</strong></span> 
     </span>
    </p>

    <p class='ocr_par' dir='ltr' id='par_1_5' title="bbox 145 3433 1735 3665">
     <span class='ocr_line' id='line_1_22' title="bbox 190 3433 1735 3544; baseline 0.003 -22"><span class='ocrx_word' id='word_1_195' title='bbox 190 3472 286 3524; x_wconf 90' lang='lat' dir='ltr'><strong>unum</strong></span> <span class='ocrx_word' id='word_1_196' title='bbox 322 3453 492 3524; x_wconf 87' lang='lat' dir='ltr'><strong>fertonem</strong></span> <span class='ocrx_word' id='word_1_197' title='bbox 527 3454 678 3524; x_wconf 88' lang='lat' dir='ltr'><strong>latorum</strong></span> <span class='ocrx_word' id='word_1_198' title='bbox 713 3474 912 3544; x_wconf 84' lang='lat' dir='ltr'><strong>grossorum</strong></span> <span class='ocrx_word' id='word_1_199' title='bbox 948 3454 991 3526; x_wconf 89' lang='lat' dir='ltr'><strong>de</strong></span> <span class='ocrx_word' id='word_1_200' title='bbox 1028 3455 1182 3544; x_wconf 86' lang='lat' dir='ltr'><strong>quolibet</strong></span> <span class='ocrx_word' id='word_1_201' title='bbox 1215 3433 1337 3542; x_wconf 60' lang='lat' dir='ltr'><strong>laneo}</strong></span> <span class='ocrx_word' id='word_1_202' title='bbox 1372 3454 1457 3525; x_wconf 89' lang='lat' dir='ltr'><strong>item</strong></span> <span class='ocrx_word' id='word_1_203' title='bbox 1491 3455 1541 3526; x_wconf 91' lang='lat' dir='ltr'><strong>ibi</strong></span> <span class='ocrx_word' id='word_1_204' title='bbox 1574 3476 1644 3526; x_wconf 91' lang='lat' dir='ltr'><strong>non</strong></span> <span class='ocrx_word' id='word_1_205' title='bbox 1680 3461 1735 3526; x_wconf 89' lang='lat' dir='ltr'><strong>est</strong></span> 
     </span>
     <span class='ocr_line' id='line_1_23' title="bbox 145 3557 1170 3665; baseline 0.002 -23"><span class='ocrx_word' id='word_1_206' title='bbox 145 3557 147 3564; x_wconf 43' lang='lat'><strong><em>⁴</em></strong></span> <span class='ocrx_word' id='word_1_207' title='bbox 191 3573 375 3664; x_wconf 82' lang='lat' dir='ltr'><strong>praedium,</strong></span> <span class='ocrx_word' id='word_1_208' title='bbox 401 3595 470 3645; x_wconf 93' lang='lat' dir='ltr'><strong>non</strong></span> <span class='ocrx_word' id='word_1_209' title='bbox 496 3579 577 3646; x_wconf 90' lang='lat' dir='ltr'><strong>sunt</strong></span> <span class='ocrx_word' id='word_1_210' title='bbox 603 3571 830 3665; x_wconf 86' lang='lat' dir='ltr'><strong>hortulaniae,</strong></span> <span class='ocrx_word' id='word_1_211' title='bbox 858 3593 968 3665; x_wconf 89' lang='lat' dir='ltr'><strong>neque</strong></span> <span class='ocrx_word' id='word_1_212' title='bbox 994 3575 1170 3646; x_wconf 85' lang='lat' dir='ltr'><strong>tabernae.</strong></span> 
     </span>
    </p>

    <p class='ocr_par' dir='ltr' id='par_1_6' title="bbox 738 3696 1528 3794">
     <span class='ocr_line' id='line_1_24' title="bbox 738 3696 1528 3794; baseline 0.004 -29"><span class='ocrx_word' id='word_1_213' title='bbox 738 3709 742 3712; x_wconf 84' lang='grc'><em>·</em></span> <span class='ocrx_word' id='word_1_214' title='bbox 827 3696 1097 3767; x_wconf 81' lang='lat' dir='ltr'><strong>Dosaznorrovv.</strong></span> <span class='ocrx_word' id='word_1_215' title='bbox 1525 3792 1528 3794; x_wconf 11' lang='lat' dir='ltr'>v</span> 
     </span>
    </p>

    <p class='ocr_par' dir='ltr' id='par_1_7' title="bbox 118 3799 1730 3918">
     <span class='ocr_line' id='line_1_25' title="bbox 118 3813 1730 3918; baseline 0.001 -33"><span class='ocrx_word' id='word_1_216' title='bbox 118 3909 123 3918; x_wconf 86' lang='lat'><strong>.</strong></span> <span class='ocrx_word' id='word_1_217' title='bbox 286 3813 383 3886; x_wconf 88' lang='lat' dir='ltr'><strong>Villa</strong></span> <span class='ocrx_word' id='word_1_218' title='bbox 408 3815 538 3888; x_wconf 88' lang='lat' dir='ltr'><strong>habens</strong></span> <span class='ocrx_word' id='word_1_219' title='bbox 565 3816 600 3886; x_wconf 94' lang='lat' dir='ltr'><strong>in</strong></span> <span class='ocrx_word' id='word_1_220' title='bbox 627 3835 665 3887; x_wconf 87' lang='lat' dir='ltr'><strong>se</strong></span> <span class='ocrx_word' id='word_1_221' title='bbox 692 3816 869 3887; x_wconf 83' lang='lat' dir='ltr'><strong>ecclesiam</strong></span> <span class='ocrx_word' id='word_1_222' title='bbox 896 3815 1128 3906; x_wconf 73' lang='lat' dir='ltr'><strong>parochialem</strong></span> <span class='ocrx_word' id='word_1_223' title='bbox 1155 3816 1322 3904; x_wconf 82' lang='lat' dir='ltr'><strong>ligneam,</strong></span> <span class='ocrx_word' id='word_1_224' title='bbox 1349 3814 1476 3886; x_wconf 82' lang='lat' dir='ltr'><strong>Sancto</strong></span> <span class='ocrx_word' id='word_1_225' title='bbox 1495 3869 1502 3883; x_wconf 92' lang='lat'><strong>.</strong></span> <span class='ocrx_word' id='word_1_226' title='bbox 1574 3869 1611 3885; x_wconf 86' lang='lat'><strong>..</strong></span> <span class='ocrx_word' id='word_1_227' title='bbox 1636 3814 1730 3887; x_wconf 90' lang='lat' dir='ltr'><strong>dica·</strong></span> 
     </span>
    </p>

    <p class='ocr_par' dir='ltr' id='par_1_8' title="bbox 191 3933 1734 4508">
     <span class='ocr_line' id='line_1_26' title="bbox 191 3933 1732 4035; baseline 0.001 -30"><span class='ocrx_word' id='word_1_228' title='bbox 191 3941 264 4026; x_wconf 81' lang='grc'>1111,</span> <span class='ocrx_word' id='word_1_229' title='bbox 291 3938 388 4006; x_wconf 92' lang='lat' dir='ltr'><strong>cuius</strong></span> <span class='ocrx_word' id='word_1_230' title='bbox 415 3937 609 4026; x_wconf 83' lang='lat' dir='ltr'><strong>proprietas</strong></span> <span class='ocrx_word' id='word_1_231' title='bbox 628 3957 670 4008; x_wconf 90' lang='lat' dir='ltr'><strong>ex</strong></span> <span class='ocrx_word' id='word_1_232' title='bbox 689 3937 876 4018; x_wconf 86' lang='lat' dir='ltr'><strong>donatione</strong></span> <span class='ocrx_word' id='word_1_233' title='bbox 902 3936 1037 4008; x_wconf 89' lang='lat' dir='ltr'><strong>Nicolai</strong></span> <span class='ocrx_word' id='word_1_234' title='bbox 1062 3937 1199 4007; x_wconf 89' lang='lat' dir='ltr'><strong>comitis</strong></span> <span class='ocrx_word' id='word_1_235' title='bbox 1218 3936 1260 4006; x_wconf 86' lang='lat' dir='ltr'><strong>dc</strong></span> <span class='ocrx_word' id='word_1_236' title='bbox 1283 3934 1473 4035; x_wconf 82' lang='lat' dir='ltr'><strong>Bogorya</strong></span> <span class='ocrx_word' id='word_1_237' title='bbox 1498 3933 1543 4006; x_wconf 91' lang='lat' dir='ltr'><strong>ad</strong></span> <span class='ocrx_word' id='word_1_238' title='bbox 1570 3936 1732 4007; x_wconf 87' lang='lat' dir='ltr'><strong>abbatem</strong></span> 
     </span>
     <span class='ocr_line' id='line_1_27' title="bbox 193 4043 1734 4148; baseline 0 -22"><span class='ocrx_word' id='word_1_239' title='bbox 193 4061 226 4126; x_wconf 90' lang='grc'><strong>11</strong></span> <span class='ocrx_word' id='word_1_240' title='bbox 248 4057 494 4129; x_wconf 87' lang='lat' dir='ltr'><strong>monasterium</strong></span> <span class='ocrx_word' id='word_1_241' title='bbox 530 4057 871 4148; x_wconf 74' lang='lat' dir='ltr'><strong>Koprzywnyczcnse</strong></span> <span class='ocrx_word' id='word_1_242' title='bbox 898 4043 1059 4148; x_wconf 85' lang='lat' dir='ltr'><strong>pertinet</strong></span> <span class='ocrx_word' id='word_1_243' title='bbox 1095 4058 1135 4127; x_wconf 94' lang='lat' dir='ltr'><strong>ln</strong></span> <span class='ocrx_word' id='word_1_244' title='bbox 1163 4077 1231 4147; x_wconf 89' lang='lat' dir='ltr'><strong>qua</strong></span> <span class='ocrx_word' id='word_1_245' title='bbox 1258 4061 1339 4128; x_wconf 91' lang='lat' dir='ltr'><strong>sunt</strong></span> <span class='ocrx_word' id='word_1_246' title='bbox 1372 4055 1465 4127; x_wconf 86' lang='lat' dir='ltr'><strong>lanei</strong></span> <span class='ocrx_word' id='word_1_247' title='bbox 1501 4056 1734 4128; x_wconf 86' lang='lat' dir='ltr'><strong>emetlronales</strong></span> 
     </span>
     <span class='ocr_line' id='line_1_28' title="bbox 193 4175 1734 4282; baseline 0.002 -37"><span class='ocrx_word' id='word_1_248' title='bbox 193 4175 381 4282; x_wconf 82' lang='lat' dir='ltr'><strong>dequibus</strong></span> <span class='ocrx_word' id='word_1_249' title='bbox 408 4177 565 4250; x_wconf 91' lang='lat' dir='ltr'><strong>omnibus</strong></span> <span class='ocrx_word' id='word_1_250' title='bbox 601 4179 749 4251; x_wconf 88' lang='lat' dir='ltr'><strong>solvitur</strong></span> <span class='ocrx_word' id='word_1_251' title='bbox 775 4185 812 4250; x_wconf 88' lang='grc'><strong>11</strong></span> <span class='ocrx_word' id='word_1_252' title='bbox 839 4179 1042 4250; x_wconf 90' lang='lat' dir='ltr'><strong>conducitur</strong></span> <span class='ocrx_word' id='word_1_253' title='bbox 1077 4178 1210 4248; x_wconf 87' lang='lat' dir='ltr'><strong>decima</strong></span> <span class='ocrx_word' id='word_1_254' title='bbox 1244 4176 1469 4266; x_wconf 81' lang='lat' dir='ltr'><strong>manipularis</strong></span> <span class='ocrx_word' id='word_1_255' title='bbox 1495 4183 1533 4247; x_wconf 90' lang='lat' dir='ltr'><strong>et</strong></span> <span class='ocrx_word' id='word_1_256' title='bbox 1559 4176 1734 4267; x_wconf 87' lang='lat' dir='ltr'><strong>canapalis</strong></span> 
     </span>
     <span class='ocr_line' id='line_1_29' title="bbox 193 4297 1734 4389; baseline 0.001 -23"><span class='ocrx_word' id='word_1_257' title='bbox 193 4313 254 4384; x_wconf 89' lang='lat' dir='ltr'><strong>pro·</strong></span> <span class='ocrx_word' id='word_1_258' title='bbox 270 4351 384 4368; x_wconf 93' lang='grc'><strong>.....</strong></span> <span class='ocrx_word' id='word_1_259' title='bbox 411 4298 496 4368; x_wconf 85' lang='lat' dir='ltr'><strong>Item</strong></span> <span class='ocrx_word' id='word_1_260' title='bbox 520 4299 679 4389; x_wconf 82' lang='lat' dir='ltr'><strong>plebanis</strong></span> <span class='ocrx_word' id='word_1_261' title='bbox 706 4300 742 4370; x_wconf 93' lang='lat' dir='ltr'><strong>in</strong></span> <span class='ocrx_word' id='word_1_262' title='bbox 760 4299 1038 4372; x_wconf 85' lang='lat' dir='ltr'><strong>Dobrzechov</strong></span> <span class='ocrx_word' id='word_1_263' title='bbox 1056 4297 1165 4370; x_wconf 86' lang='lat' dir='ltr'><strong>habet</strong></span> <span class='ocrx_word' id='word_1_264' title='bbox 1182 4318 1284 4388; x_wconf 85' lang='lat' dir='ltr'><strong>agros</strong></span> <span class='ocrx_word' id='word_1_265' title='bbox 1301 4298 1461 4388; x_wconf 90' lang='lat' dir='ltr'><strong>proprios</strong></span> <span class='ocrx_word' id='word_1_266' title='bbox 1479 4303 1516 4370; x_wconf 89' lang='lat' dir='ltr'><strong>et</strong></span> <span class='ocrx_word' id='word_1_267' title='bbox 1532 4304 1645 4388; x_wconf 87' lang='lat' dir='ltr'><strong>prata,</strong></span> <span class='ocrx_word' id='word_1_268' title='bbox 1670 4319 1734 4387; x_wconf 95' lang='lat' dir='ltr'><strong>pro</strong></span> 
     </span>
     <span class='ocr_line' id='line_1_30' title="bbox 194 4415 1228 4508; baseline 0.008 -24"><span class='ocrx_word' id='word_1_269' title='bbox 194 4435 251 4486; x_wconf 87' lang='lat' dir='ltr'><strong>suo</strong></span> <span class='ocrx_word' id='word_1_270' title='bbox 276 4418 418 4508; x_wconf 90' lang='lat' dir='ltr'><strong>praedio</strong></span> <span class='ocrx_word' id='word_1_271' title='bbox 445 4425 481 4490; x_wconf 92' lang='lat' dir='ltr'><strong>et</strong></span> <span class='ocrx_word' id='word_1_272' title='bbox 507 4421 723 4492; x_wconf 86' lang='lat' dir='ltr'><strong>necessitate.</strong></span> <span class='ocrx_word' id='word_1_273' title='bbox 1224 4415 1228 4420; x_wconf 76' lang='grc'>’</span> 
     </span>
    </p>
   </div>
   <div class='ocr_carea' id='block_1_3' title="bbox 290 4537 2019 4636">
    <p class='ocr_par' dir='ltr' id='par_1_9' title="bbox 290 4537 2019 4636">
     <span class='ocr_line' id='line_1_31' title="bbox 290 4537 2019 4636; baseline -0.001 -27"><span class='ocrx_word' id='word_1_274' title='bbox 290 4537 525 4630; x_wconf 79' lang='lat' dir='ltr'><strong>Szoszuvun,</strong></span> <span class='ocrx_word' id='word_1_275' title='bbox 560 4539 643 4613; x_wconf 89' lang='lat' dir='ltr'><strong>villa</strong></span> <span class='ocrx_word' id='word_1_276' title='bbox 669 4541 733 4611; x_wconf 89' lang='lat' dir='ltr'><strong>sub</strong></span> <span class='ocrx_word' id='word_1_277' title='bbox 761 4541 926 4631; x_wconf 88' lang='lat' dir='ltr'><strong>parochia</strong></span> <span class='ocrx_word' id='word_1_278' title='bbox 952 4539 995 4612; x_wconf 94' lang='lat' dir='ltr'><strong>de</strong></span> <span class='ocrx_word' id='word_1_279' title='bbox 1021 4539 1335 4612; x_wconf 87' lang='lat' dir='ltr'><strong>Dobrzechow</strong></span> <span class='ocrx_word' id='word_1_280' title='bbox 1362 4539 1448 4630; x_wconf 83' lang='lat' dir='ltr'><strong>sita,</strong></span> <span class='ocrx_word' id='word_1_281' title='bbox 1474 4539 1571 4610; x_wconf 89' lang='lat' dir='ltr'><strong>cuins</strong></span> <span class='ocrx_word' id='word_1_282' title='bbox 1597 4538 1734 4629; x_wconf 89' lang='lat' dir='ltr'><strong>propri·</strong></span> <span class='ocrx_word' id='word_1_283' title='bbox 1867 4634 1869 4636; x_wconf 9' lang='grc'>,</span> <span class='ocrx_word' id='word_1_284' title='bbox 2016 4587 2019 4595; x_wconf 77' lang='lat'>·</span> 
     </span>
    </p>
   </div>
   <div class='ocr_carea' id='block_1_4' title="bbox 195 4660 1736 5724">
    <p class='ocr_par' dir='ltr' id='par_1_10' title="bbox 195 4660 1735 4987">
     <span class='ocr_line' id='line_1_32' title="bbox 195 4660 1735 4754; baseline 0 -25"><span class='ocrx_word' id='word_1_285' title='bbox 195 4661 263 4730; x_wconf 87' lang='lat' dir='ltr'><strong>etas</strong></span> <span class='ocrx_word' id='word_1_286' title='bbox 289 4660 333 4731; x_wconf 90' lang='lat' dir='ltr'><strong>ad</strong></span> <span class='ocrx_word' id='word_1_287' title='bbox 358 4661 604 4732; x_wconf 89' lang='lat' dir='ltr'><strong>monasterium</strong></span> <span class='ocrx_word' id='word_1_288' title='bbox 631 4661 973 4754; x_wconf 84' lang='lat' dir='ltr'><strong>Koprzyvnyczense</strong></span> <span class='ocrx_word' id='word_1_289' title='bbox 1000 4662 1161 4754; x_wconf 88' lang='lat' dir='ltr'><strong>pertinet.</strong></span> <span class='ocrx_word' id='word_1_290' title='bbox 1196 4661 1237 4732; x_wconf 94' lang='lat' dir='ltr'><strong>In</strong></span> <span class='ocrx_word' id='word_1_291' title='bbox 1264 4681 1333 4752; x_wconf 87' lang='lat' dir='ltr'><strong>qua</strong></span> <span class='ocrx_word' id='word_1_292' title='bbox 1359 4665 1440 4732; x_wconf 89' lang='lat' dir='ltr'><strong>sunt</strong></span> <span class='ocrx_word' id='word_1_293' title='bbox 1466 4660 1556 4730; x_wconf 92' lang='lat' dir='ltr'><strong>lanei</strong></span> <span class='ocrx_word' id='word_1_294' title='bbox 1583 4660 1735 4730; x_wconf 86' lang='grc'>11111111-</span> 
     </span>
     <span class='ocr_line' id='line_1_33' title="bbox 195 4779 1734 4884; baseline 0 -35"><span class='ocrx_word' id='word_1_295' title='bbox 195 4779 301 4871; x_wconf 82' lang='lat' dir='ltr'><strong>noles,</strong></span> <span class='ocrx_word' id='word_1_296' title='bbox 336 4781 380 4852; x_wconf 92' lang='grc'><strong>(11</strong></span> <span class='ocrx_word' id='word_1_297' title='bbox 416 4781 539 4872; x_wconf 87' lang='lat' dir='ltr'><strong>quibus</strong></span> <span class='ocrx_word' id='word_1_298' title='bbox 570 4781 716 4870; x_wconf 78' lang='lat' dir='ltr'><strong>solvitur·</strong></span> <span class='ocrx_word' id='word_1_299' title='bbox 751 4789 787 4854; x_wconf 90' lang='grc'><strong>11</strong></span> <span class='ocrx_word' id='word_1_300' title='bbox 822 4783 1025 4884; x_wconf 62' lang='lat' dir='ltr'><strong>conducitur</strong></span> <span class='ocrx_word' id='word_1_301' title='bbox 1060 4781 1195 4859; x_wconf 88' lang='lat' dir='ltr'><strong>decima</strong></span> <span class='ocrx_word' id='word_1_302' title='bbox 1228 4781 1454 4871; x_wconf 87' lang='lat' dir='ltr'><strong>manipularis</strong></span> <span class='ocrx_word' id='word_1_303' title='bbox 1488 4787 1525 4852; x_wconf 92' lang='grc'><strong>11</strong></span> <span class='ocrx_word' id='word_1_304' title='bbox 1559 4780 1734 4870; x_wconf 88' lang='lat' dir='ltr'><strong>canapalis</strong></span> 
     </span>
     <span class='ocr_line' id='line_1_34' title="bbox 195 4918 410 4987; baseline 0.014 -18"><span class='ocrx_word' id='word_1_305' title='bbox 195 4918 253 4987; x_wconf 89' lang='lat' dir='ltr'><strong>pro</strong></span> <span class='ocrx_word' id='word_1_306' title='bbox 271 4954 410 4973; x_wconf 91' lang='grc'><strong>......</strong></span> 
     </span>
    </p>

    <p class='ocr_par' dir='ltr' id='par_1_11' title="bbox 197 5020 1736 5609">
     <span class='ocr_line' id='line_1_35' title="bbox 291 5020 1733 5124; baseline 0 -32"><span class='ocrx_word' id='word_1_307' title='bbox 291 5021 479 5124; x_wconf 80' lang='lat' dir='ltr'><strong>Wraaoua</strong></span> <span class='ocrx_word' id='word_1_308' title='bbox 506 5023 593 5095; x_wconf 87' lang='lat' dir='ltr'><strong>alias</strong></span> <span class='ocrx_word' id='word_1_309' title='bbox 619 5024 875 5097; x_wconf 77' lang='lat' dir='ltr'><strong>Srrrooocvna</strong></span> <span class='ocrx_word' id='word_1_310' title='bbox 893 5023 1048 5113; x_wconf 83' lang='lat' dir='ltr'><strong>Wouvn,</strong></span> <span class='ocrx_word' id='word_1_311' title='bbox 1075 5023 1158 5096; x_wconf 89' lang='lat' dir='ltr'><strong>villa</strong></span> <span class='ocrx_word' id='word_1_312' title='bbox 1185 5023 1249 5095; x_wconf 85' lang='lat' dir='ltr'><strong>snb</strong></span> <span class='ocrx_word' id='word_1_313' title='bbox 1276 5021 1441 5114; x_wconf 86' lang='lat' dir='ltr'><strong>parochia</strong></span> <span class='ocrx_word' id='word_1_314' title='bbox 1466 5020 1511 5093; x_wconf 91' lang='lat' dir='ltr'><strong>de</strong></span> <span class='ocrx_word' id='word_1_315' title='bbox 1536 5020 1733 5093; x_wconf 78' lang='grc'>11111111-</span> 
     </span>
     <span class='ocr_line' id='line_1_36' title="bbox 197 5139 1734 5238; baseline 0.003 -30"><span class='ocrx_word' id='word_1_316' title='bbox 197 5139 310 5214; x_wconf 87' lang='lat' dir='ltr'><strong>ehov</strong></span> <span class='ocrx_word' id='word_1_317' title='bbox 337 5143 422 5232; x_wconf 87' lang='lat' dir='ltr'><strong>sita,</strong></span> <span class='ocrx_word' id='word_1_318' title='bbox 449 5145 546 5216; x_wconf 87' lang='lat' dir='ltr'><strong>cuius</strong></span> <span class='ocrx_word' id='word_1_319' title='bbox 571 5146 769 5238; x_wconf 87' lang='lat' dir='ltr'><strong>proprietas</strong></span> <span class='ocrx_word' id='word_1_320' title='bbox 796 5145 840 5216; x_wconf 92' lang='lat' dir='ltr'><strong>ad</strong></span> <span class='ocrx_word' id='word_1_321' title='bbox 866 5145 1112 5216; x_wconf 88' lang='lat' dir='ltr'><strong>monasterium</strong></span> <span class='ocrx_word' id='word_1_322' title='bbox 1140 5143 1480 5235; x_wconf 84' lang='lat' dir='ltr'><strong>Koprzywnyczeuse</strong></span> <span class='ocrx_word' id='word_1_323' title='bbox 1506 5142 1667 5233; x_wconf 87' lang='lat' dir='ltr'><strong>pertinet.</strong></span> <span class='ocrx_word' id='word_1_324' title='bbox 1693 5143 1734 5213; x_wconf 92' lang='lat' dir='ltr'><strong>In</strong></span> 
     </span>
     <span class='ocr_line' id='line_1_37' title="bbox 198 5264 1735 5356; baseline 0.002 -25"><span class='ocrx_word' id='word_1_325' title='bbox 198 5277 259 5348; x_wconf 85' lang='lat' dir='ltr'><strong>qua</strong></span> <span class='ocrx_word' id='word_1_326' title='bbox 283 5269 364 5336; x_wconf 91' lang='lat' dir='ltr'><strong>sunt</strong></span> <span class='ocrx_word' id='word_1_327' title='bbox 398 5264 490 5336; x_wconf 90' lang='lat' dir='ltr'><strong>lanei</strong></span> <span class='ocrx_word' id='word_1_328' title='bbox 524 5265 775 5355; x_wconf 89' lang='lat' dir='ltr'><strong>cmethouales‚</strong></span> <span class='ocrx_word' id='word_1_329' title='bbox 812 5271 848 5336; x_wconf 91' lang='grc'><strong>11</strong></span> <span class='ocrx_word' id='word_1_330' title='bbox 884 5266 1028 5356; x_wconf 88' lang='lat' dir='ltr'><strong>quilibet</strong></span> <span class='ocrx_word' id='word_1_331' title='bbox 1062 5265 1167 5337; x_wconf 88' lang='lat' dir='ltr'><strong>solvit</strong></span> <span class='ocrx_word' id='word_1_332' title='bbox 1202 5285 1267 5355; x_wconf 91' lang='lat' dir='ltr'><strong>pro</strong></span> <span class='ocrx_word' id='word_1_333' title='bbox 1302 5265 1434 5336; x_wconf 91' lang='lat' dir='ltr'><strong>decima</strong></span> <span class='ocrx_word' id='word_1_334' title='bbox 1468 5264 1639 5354; x_wconf 87' lang='lat' dir='ltr'><strong>pecuniali</strong></span> <span class='ocrx_word' id='word_1_335' title='bbox 1673 5284 1735 5334; x_wconf 84' lang='lat' dir='ltr'><strong>sex</strong></span> 
     </span>
     <span class='ocr_line' id='line_1_38' title="bbox 198 5367 1736 5484; baseline 0.002 -33"><span class='ocrx_word' id='word_1_336' title='bbox 198 5399 328 5466; x_wconf 78' lang='lat' dir='ltr'><strong>grossos</strong></span> <span class='ocrx_word' id='word_1_337' title='bbox 354 5384 480 5484; x_wconf 75' lang='lat' dir='ltr'><strong>rans,</strong></span> <span class='ocrx_word' id='word_1_338' title='bbox 498 5391 560 5457; x_wconf 87' lang='lat' dir='ltr'><strong>ant</strong></span> <span class='ocrx_word' id='word_1_339' title='bbox 587 5390 664 5458; x_wconf 92' lang='lat' dir='ltr'><strong>octo</strong></span> <span class='ocrx_word' id='word_1_340' title='bbox 701 5367 914 5475; x_wconf 79' lang='lat' dir='ltr'><strong>commarca,</strong></span> <span class='ocrx_word' id='word_1_341' title='bbox 942 5406 1005 5476; x_wconf 91' lang='lat' dir='ltr'><strong>pro</strong></span> <span class='ocrx_word' id='word_1_342' title='bbox 1032 5386 1243 5456; x_wconf 88' lang='lat' dir='ltr'><strong>monasterio</strong></span> <span class='ocrx_word' id='word_1_343' title='bbox 1274 5383 1626 5475; x_wconf 79' lang='lat' dir='ltr'><strong>Koprzyvvnyczcnsi3</strong></span> <span class='ocrx_word' id='word_1_344' title='bbox 1651 5385 1736 5456; x_wconf 84' lang='lat' dir='ltr'><strong>item</strong></span> 
     </span>
     <span class='ocr_line' id='line_1_39' title="bbox 200 5499 1736 5609; baseline 0.005 -40"><span class='ocrx_word' id='word_1_345' title='bbox 200 5499 348 5575; x_wconf 84' lang='lat' dir='ltr'><strong>scoltetia</strong></span> <span class='ocrx_word' id='word_1_346' title='bbox 373 5507 426 5576; x_wconf 84' lang='lat' dir='ltr'><strong>est</strong></span> <span class='ocrx_word' id='word_1_347' title='bbox 452 5505 511 5596; x_wconf 90' lang='lat' dir='ltr'><strong>ibi,</strong></span> <span class='ocrx_word' id='word_1_348' title='bbox 538 5527 627 5596; x_wconf 83' lang='lat' dir='ltr'><strong>quae</strong></span> <span class='ocrx_word' id='word_1_349' title='bbox 652 5527 717 5596; x_wconf 93' lang='lat' dir='ltr'><strong>pro</strong></span> <span class='ocrx_word' id='word_1_350' title='bbox 744 5506 877 5578; x_wconf 89' lang='lat' dir='ltr'><strong>decima</strong></span> <span class='ocrx_word' id='word_1_351' title='bbox 903 5505 1007 5578; x_wconf 89' lang='lat' dir='ltr'><strong>solvit</strong></span> <span class='ocrx_word' id='word_1_352' title='bbox 1027 5557 1159 5595; x_wconf 87' lang='lat'><strong>......</strong></span> <span class='ocrx_word' id='word_1_353' title='bbox 1187 5507 1270 5576; x_wconf 92' lang='lat' dir='ltr'><strong>item</strong></span> <span class='ocrx_word' id='word_1_354' title='bbox 1288 5512 1370 5575; x_wconf 88' lang='lat' dir='ltr'><strong>sunt</strong></span> <span class='ocrx_word' id='word_1_355' title='bbox 1387 5505 1437 5576; x_wconf 90' lang='lat' dir='ltr'><strong>ibi</strong></span> <span class='ocrx_word' id='word_1_356' title='bbox 1454 5503 1542 5574; x_wconf 87' lang='lat' dir='ltr'><strong>duae</strong></span> <span class='ocrx_word' id='word_1_357' title='bbox 1559 5505 1736 5609; x_wconf 58' lang='lat' dir='ltr'><strong>tabernae,</strong></span> 
     </span>
    </p>

    <p class='ocr_par' dir='ltr' id='par_1_12' title="bbox 293 5617 1735 5724">
     <span class='ocr_line' id='line_1_40' title="bbox 293 5617 1735 5724; baseline 0.003 -30"><span class='ocrx_word' id='word_1_358' title='bbox 293 5621 527 5716; x_wconf 81' lang='lat' dir='ltr'><strong>Guonzrsrro,</strong></span> <span class='ocrx_word' id='word_1_359' title='bbox 554 5627 637 5698; x_wconf 90' lang='lat' dir='ltr'><strong>villa</strong></span> <span class='ocrx_word' id='word_1_360' title='bbox 659 5627 724 5698; x_wconf 87' lang='lat' dir='ltr'><strong>sub</strong></span> <span class='ocrx_word' id='word_1_361' title='bbox 742 5627 915 5724; x_wconf 86' lang='lat' dir='ltr'><strong>parochie¹</strong></span> <span class='ocrx_word' id='word_1_362' title='bbox 932 5624 977 5696; x_wconf 89' lang='lat' dir='ltr'><strong>de</strong></span> <span class='ocrx_word' id='word_1_363' title='bbox 1002 5625 1281 5699; x_wconf 84' lang='lat' dir='ltr'><strong>Dobrzechovr</strong></span> <span class='ocrx_word' id='word_1_364' title='bbox 1308 5626 1390 5715; x_wconf 87' lang='lat' dir='ltr'><strong>sita,</strong></span> <span class='ocrx_word' id='word_1_365' title='bbox 1416 5625 1512 5696; x_wconf 88' lang='lat' dir='ltr'><strong>cuius</strong></span> <span class='ocrx_word' id='word_1_366' title='bbox 1538 5617 1735 5715; x_wconf 74' lang='lat' dir='ltr'><strong>proprietas</strong></span> 
     </span>
    </p>
   </div>
   <div class='ocr_carea' id='block_1_5' title="bbox 202 5737 1736 5840">
    <p class='ocr_par' dir='ltr' id='par_1_13' title="bbox 202 5737 1736 5840">
     <span class='ocr_line' id='line_1_41' title="bbox 202 5737 1736 5840; baseline 0.006 -29"><span class='ocrx_word' id='word_1_367' title='bbox 202 5737 241 5812; x_wconf 89' lang='lat' dir='ltr'><strong>ad</strong></span> <span class='ocrx_word' id='word_1_368' title='bbox 264 5744 506 5818; x_wconf 85' lang='lat' dir='ltr'><strong>monasterium</strong></span> <span class='ocrx_word' id='word_1_369' title='bbox 531 5743 874 5838; x_wconf 80' lang='lat' dir='ltr'><strong>Koprzyvuyczeose</strong></span> <span class='ocrx_word' id='word_1_370' title='bbox 909 5747 1072 5840; x_wconf 85' lang='lat' dir='ltr'><strong>pertinet.</strong></span> <span class='ocrx_word' id='word_1_371' title='bbox 1105 5745 1148 5818; x_wconf 95' lang='lat' dir='ltr'><strong>In</strong></span> <span class='ocrx_word' id='word_1_372' title='bbox 1174 5766 1243 5839; x_wconf 85' lang='lat' dir='ltr'><strong>qna</strong></span> <span class='ocrx_word' id='word_1_373' title='bbox 1269 5750 1349 5830; x_wconf 84' lang='lat' dir='ltr'><strong>sunt</strong></span> <span class='ocrx_word' id='word_1_374' title='bbox 1374 5744 1467 5817; x_wconf 84' lang='lat' dir='ltr'><strong>lanei</strong></span> <span class='ocrx_word' id='word_1_375' title='bbox 1492 5745 1736 5840; x_wconf 81' lang='lat' dir='ltr'><strong>omethonales,</strong></span> 
     </span>
    </p>
   </div>
   <div class='ocr_carea' id='block_1_6' title="bbox 0 0 2294 6596">
    <p class='ocr_par' dir='ltr' id='par_1_14' title="bbox 0 0 2294 6596">
     <span class='ocr_line' id='line_1_42' title="bbox 0 0 2294 6596; baseline 0 0"><span class='ocrx_word' id='word_1_376' title='bbox 0 0 2294 6596; x_wconf 95' lang='lat' dir='ltr'><strong> </strong></span> 
     </span>
    </p>
   </div>
  </div>
 </body>
</html>
