4550 6600
463 714 511 789 70

461 928 498 996 et
523 924 726 999 conducitur
761 925 894 997 decima
920 924 1146 1016 manipularis
1172 934 1209 997 et
1235 925 1411 1017 66666616
1442 907 1608 996 ecclesiae
1635 924 1772 995 eteius
1800 922 1951 1013 plebano
1979 923 2016 994 16

462 1044 810 1137 Sandzyschow.
1542 1070 1547 1076 ·

565 1165 720 1256 Sanusne,
747 1167 830 1238 61116
853 1168 917 1238 661
939 1166 1105 1257 parocbia
1123 1166 1167 1237 de
1184 1166 1515 1257 Sandzyschow
1540 1166 1628 1254 sita,
1654 1166 1752 1236 cuius
1769 1165 1894 1235 haeres
1911 1185 2014 1254 prae·

462 1285 554 1359 latus
581 1286 792 1359 Kosczan
820 1288 863 1359 de
891 1288 996 1359 armis
1023 1286 1288 1377 Accipitrum,
1314 1288 1351 1357 in
1379 1308 1447 1376 qua
1472 1292 1554 1357 sunt
1579 1286 1672 1356 lanei
1698 1285 1943 1374 cmetbonales,
1971 1284 2014 1356 de

465 1408 589 1499 quibus
618 1409 764 1481 solvitur
791 1414 827 1479 et
854 1408 1057 1479 conducitur
1092 1408 1225 1479 decima
1259 1408 1484 1497 manipularis
1511 1413 1548 1478 et
1574 1406 1749 1496 666666116
1776 1428 1841 1495 666
1868 1406 2016 1479 66616616

462 1536 499 1601 61
525 1530 599 1602 6166
626 1531 773 1621 plebano
800 1531 836 1600 in
862 1528 1124 1621 Sandzyschou,
1150 1530 1248 1600 cuius
1275 1529 1373 1601 valor
1398 1530 1604 1601 aestimatur
1629 1528 1674 1599 ad
1692 1527 1843 1601 sedecim
1869 1530 2015 1599 marcas

462 1648 542 1723 Non
570 1656 623 1723 661
650 1651 699 1722 111
724 1648 913 1740 praedium.

567 1772 763 1861 Baianum,
798 1770 881 1841 61116
913 1770 977 1841 661
1003 1770 1171 1859 parochia
1196 1770 1239 1841 de
1266 1768 1604 1862 Sandzyscbow
1638 1770 1726 1859 sita,
1762 1770 1859 1841 cuius
1893 1770 2019 1840 haeres

464 1892 641 1983 praelatus
672 1891 805 1967 Paulus
840 1890 1071 1979 Kosczan,
1107 1890 1143 1961 in
1175 1911 1244 1980 qua
1279 1896 1361 1961 sunt
1395 1890 1487 1961 lanei
1522 1891 1774 1980 66611666166,
1811 1890 1854 1961 de
1892 1891 2019 1981 quibus

464 2013 622 2085 omnibus
658 2012 806 2083 solvitur
832 2016 869 2082 et
895 2012 1098 2083 conducitur
1125 2011 1258 2081 decima
1291 2012 1517 2101 manipularis
1546 2016 1583 2083 61
1613 2012 1790 2101 cauapalis
1816 2032 1881 2101 pro
1908 2011 2019 2082 eccle·

468 2134 521 2205 616
547 2138 583 2205 61
609 2134 683 2203 6166
718 2132 866 2223 plebano
901 2132 938 2202 in
976 2131 1324 2223 Saudzyschotr,
1358 2133 1457 2203 cuius
1483 2132 1582 2203 valor
1616 2132 1661 2203 ad
1699 2138 1849 2222 quatuor
1883 2152 2021 2203 marcae

468 2255 680 2327 aestimatur.

572 2374 811 2464 1166666666,
839 2375 923 2447 61116
949 2376 1013 2447 661
1031 2376 1200 2465 66666116
1225 2375 1268 2446 de
1294 2374 1632 2465 Saudzyschow
1658 2350 1746 2462 6116,
1772 2375 1870 2445 66166
1896 2374 2023 2445 haeres

472 2494 598 2565 Petrus
624 2494 942 2586 Roschnyczslry
969 2496 1012 2566 de
1039 2498 1145 2567 66616
1163 2496 1367 2587 Vulpium,
1393 2497 1429 2567 in
1456 2516 1525 2585 qua
1551 2500 1632 2565 sunt
1658 2495 1750 2565 lanei
1776 2495 2025 2582 emetbonales,

470 2614 514 2687 de
541 2616 665 2705 quibus
692 2616 850 2687 omnibus
887 2616 1034 2687 solvitur
1060 2623 1097 2687 et
1123 2616 1330 2689 conducitur
1365 2616 1499 2687 decima
1532 2616 1758 2705 manipularis
1784 2621 1821 2686 et
1846 2616 2024 2706 canapalis

467 2756 531 2826 666
559 2736 704 2807 ecclesia
730 2742 766 2807 et
793 2736 866 2809 eius
892 2736 1038 2827 plebano
1066 2737 1102 2807 in
1128 2736 1476 2830 Sandzyschow,
1504 2736 1600 2808 cuius
1627 2736 1725 2808 valor
1742 2736 1950 2807 aestimatur
1976 2736 2022 2807 ad

468 2855 646 2930 duodecim
674 2876 817 2931 marcas.

1081 2978 1405 3051 Tuscuozuurucz.

571 3100 681 3190 Villa,
716 3100 911 3173 16166616
938 3122 976 3171 66
1013 3101 1248 3190 parochialem
1283 3101 1463 3172 ecclesiam
1498 3101 1667 3191 ligneam,
1701 3099 1849 3172 Sanctae
1894 3100 2018 3173 Crucis

469 3222 594 3295 honori
621 3222 788 3312 dicatam,
819 3222 915 3292 cuius
950 3222 1117 3293 haeredes
1153 3222 1302 3294 Borelr
1329 3228 1365 3293 et
1392 3222 1541 3293 Thomas
1575 3221 1704 3293 1661666
1730 3222 1773 3293 de
1800 3222 1904 3293 domo
1941 3222 2023 3293 Au-

469 3345 641 3434 66166,
668 3344 703 3414 16
731 3365 799 3434 qua
825 3349 907 3415 sunt
933 3344 1057 3434 uiginti
1093 3344 1185 3415 lanei
1212 3345 1464 3434 cmetbonales,
1496 3345 1581 3414 item
1606 3344 1697 3415 duae
1723 3345 1911 3434 tabernae,
1938 3346 2021 3415 item

468 3469 617 3554 quatuor
634 3465 860 3554 hortulaniae,
887 3465 1073 3555 dequibus
1101 3465 1259 3536 omuibus
1286 3466 1432 3536 solvitur
1459 3465 1592 3536 decima
1616 3465 1844 3555 manipularis
1861 3471 1899 3538 et
1917 3486 2020 3536 caua-

469 3585 558 3676 palis
584 3607 648 3676 pro
675 3587 819 3658 ecclesia
845 3595 882 3657 61
909 3587 982 3657 6166
1018 3587 1166 3676 plebano
1192 3587 1228 3657 iu
1255 3586 1605 3677 8666166661666.
1644 3587 1733 3658 Item
1768 3593 1851 3658 suut
1878 3588 1928 3658 111
1954 3587 2023 3658 duo

469 3707 611 3797 praedia
628 3707 800 3798 militaria,
817 3708 861 3778 de
880 3708 1004 3798 quibus
1022 3709 1127 3778 61166
1149 3708 1341 3780 decimatur
1359 3708 1471 3778 eidem
1488 3708 1636 3798 plebano
1654 3709 1690 3777 in
1708 3707 2021 3799 Sandzyschow3

470 3827 554 3899 item
581 3829 726 3901 ecclesia
752 3833 788 3900 61
814 3829 982 3919 plebanus
1009 3829 1115 3904 16161
1142 3829 1192 3901 111
1217 3836 1352 3920 septem
1376 3830 1496 3902 laneos
1523 3849 1687 3919 agrorum
1704 3835 1741 3900 et
1758 3835 1862 3919 prata
1879 3830 2023 3920 propria

470 3971 534 4040 pro
561 3971 623 4022 suo
651 3973 717 4022 666
743 3955 779 4022 61
805 3949 1022 4022 66666611616.

1129 4071 1371 4143 1166666666.

574 4189 677 4280 Villa,
703 4192 836 4263 habeus
862 4193 898 4262 in
925 4213 962 4264 66
989 4193 1169 4264 666166166
1195 4192 1429 4283 parochialem
1454 4190 1613 4281 ligneam,
1640 4192 1766 4263 Sancto
1785 4247 1903 4263 .....
1929 4193 2023 4264 dica-

471 4319 553 4401 tam,
580 4312 676 4384 cuius
703 4313 870 4384 haeredes
897 4315 1030 4386 nobiles
1057 4314 1100 4385 de
1127 4315 1234 4384 armis
1261 4312 1536 4400 Grilfounm,
1563 4313 1599 4382 16
1618 4335 1687 4403 qua
1704 4323 1788 4384 sunt
1812 4314 1904 4385 lanei
1932 4336 2021 4386 666

470 4434 638 4522 11666166,
665 4433 749 4504 1166
775 4435 929 4525 taberna,
956 4436 1037 4506 item
1065 4435 1250 4534 hortulani,
1277 4435 1321 4506 de
1347 4435 1474 4523 quibus
1491 4435 1649 4506 omnibus
1676 4436 1878 4506 6616116661
1895 4437 2023 4507 condu-

470 4555 562 4627 citur
575 4555 708 4626 decima
721 4556 945 4646 maniprdaris
959 4565 995 4628 et
1019 4557 1196 4648 canapalis
1214 4555 1380 4627 ecclesiae
1398 4561 1435 4627 et
1451 4555 1600 4645 plebano
1622 4577 1685 4627 suo
1704 4557 1740 4626 in
1762 4556 2024 4650 Rahoschyu,

472 4677 569 4749 curius
595 4677 695 4750 66166
720 4677 925 4749 aestimatur
950 4677 995 4750 ad
1013 4731 1127 4748 .....

1127 4797 1378 4869 manzerem

575 4919 765 5011 Oppidum,
793 4939 863 4990 uon
889 4918 991 5008 longe
1018 4939 1040 4990 6
1066 4919 1276 4992 6666616616
1303 4918 1578 4991 Α616666616661
1608 4921 1730 5010 61166,
1765 4921 1900 4994 habens
1926 4925 1964 4994 16
1988 4943 2025 4994 se

472 5041 653 5112 ecclesiam
678 5041 922 5131 parochialem,
949 5039 1098 5114 Sanctae
1124 5040 1333 5112 Gatheriuae
1359 5040 1489 5129 6166161
1514 5041 1686 5131 dicatam,
1716 5043 1796 5113 albo
1822 5043 1940 5134 lapide
1965 5066 2026 5135 per

473 5163 631 5234 consides
657 5169 694 5234 61
719 5183 898 5234 6666666
933 5162 1087 5234 eiusdem
1121 5162 1241 5252 oppidi
1275 5161 1586 5251 Andrzeoriensis,
1622 5164 1683 5253 qui
1712 5184 1790 5234 eam
1816 5166 1854 5235 in
1880 5167 2024 5257 singulis

472 5289 601 5373 regunt
626 5291 663 5354 61
688 5283 883 5374 provident,
909 5305 980 5355 una
1006 5304 1085 5354 cum
1110 5283 1317 5354 coemeterio
1342 5283 1557 5372 fabricatam,
1583 5285 1681 5355 culus
1698 5288 1897 5376 proprietas
1924 5289 2024 5378 61666

474 5404 550 5475 iure
568 5405 721 5493 pertinet
742 5404 786 5475 ad
804 5405 1053 5476 monasterium
1071 5404 1371 5493 Α16616666616666,
1397 5405 1436 5474 16
1453 5426 1522 5495 quo
1548 5413 1629 5476 sunt
1654 5406 1746 5477 lanei
1763 5408 2024 5499 oppidanorum,

474 5525 661 5613 dequibus
687 5526 848 5598 omnibus
873 5526 1022 5597 66161166
1039 5533 1072 5596 61
1092 5525 1297 5596 conducitur
1318 5526 1453 5596 decima
1478 5528 1705 5617 manipularis
1730 5550 1796 5618 pro
1813 5531 2024 5602 6666616616

475 5645 764 5738 Andrzeoriensi,
791 5647 828 5717 in
854 5647 1034 5738 praedium
1061 5648 1467 5743 6666616611,6166166
1493 5650 1567 5720 6166
1593 5651 1801 5728 aestimatur
1817 5705 1827 5720 .
1845 5706 1853 5721 .
1871 5706 1908 5722 ..
1935 5653 2022 5731 Item
