4550 6600
509 801 583 873 140

506 1004 737 1081 Melstbin
764 1002 851 1093 sita,
878 1001 975 1073 cuius
1001 1001 1125 1071 haeres
1150 948 1243 1071 idem
1269 962 1802 1091 SpythekMelscbtinslry.
1829 995 2046 1087 Inquasunt

505 1126 598 1201 lanei
625 1122 857 1198 cmethonalcs'
883 1121 927 1195 de
954 1120 1079 1213 quibus
1106 1106 1255 1193 solvitur
1280 1172 1289 1191 .
1316 1173 1324 1189 .
1352 1173 1360 1189 .

731 1252 736 1265 “
1182 1240 1394 1313 Lrusznrn.

612 1365 708 1437 Villa
733 1364 866 1437 habens
893 1363 929 1433 iu
956 1380 994 1433 se
1021 1360 1200 1441 ecclesiam
1217 1358 1452 1451 parochialem
1469 1357 1628 1449 ligneam,
1647 1356 1774 1429 Sancto
1792 1356 1949 1429 Martino
1966 1356 2048 1430 (lica-

506 1485 597 1578 tam,
624 1486 721 1559 cuius
755 1485 880 1555 haeres
915 1479 1031 1554 Getka
1065 1481 1324 1571 Bokowslry
1350 1478 1394 1551 de
1420 1478 1527 1551 armis
1554 1533 1562 1549 .
1589 1533 1597 1548 .
1624 1534 1633 1548 .
1660 1534 1668 1547 .
1693 1479 1735 1549 In
1762 1499 1832 1569 qua
1860 1482 1943 1548 suut
1967 1478 2049 1551 lanei

507 1606 758 1694 cmethonales‚
785 1603 829 1675 de
865 1602 989 1695 quibus
1026 1602 1175 1673 solvitur
1201 1601 1335 1673 decima
1360 1598 1551 1691 pecunialis
1577 1599 1738 1690 episcopo
1765 1597 1990 1669 cracoviensi
2012 1599 2050 1671 de

508 1728 665 1821 quolibet
689 1725 790 1797 laneo
816 1743 879 1816 per
906 1776 914 1793 .
941 1776 949 1793 .
976 1777 984 1793 .
1019 1722 1108 1793 Item
1133 1722 1303 1812 plebanus
1329 1724 1366 1793 et
1391 1720 1537 1792 ecelesia
1562 1719 1669 1791 habet
1693 1720 1743 1791 ibi
1768 1719 1932 1811 proprios
1957 1740 2050 1811 agros

508 1854 545 1920 et
569 1851 681 1938 prata,
707 1866 771 1938 pro
799 1865 862 1919 suo
888 1864 955 1915 usn
980 1848 1018 1915 et
1042 1843 1260 1914 necessitate.

611 1966 768 2058 Wourn,
794 1965 879 2037 villa
904 1963 968 2037 sub
994 1964 1161 2054 parochia
1182 1962 1225 2035 de
1244 1961 1456 2053 Lusznya
1482 1960 1560 2051 sita,
1578 1962 1675 2033 cuius
1692 1962 1818 2033 haeres
1835 1960 1930 2033 idem
1948 1957 2051 2033 Getlra

509 2087 777 2179 Bokowsky.
820 2086 862 2157 In
898 2105 967 2176 qua
1001 2088 1084 2156 sunt
1118 2083 1211 2155 lanei
1245 2082 1498 2173 cmethonales‚
1523 2082 1567 2153 de
1603 2082 1728 2173 quibus
1753 2082 1906 2155 solvitur
1931 2081 2053 2153 decima

510 2207 699 2300 pecunialis
725 2206 888 2298 episcopo
916 2202 1136 2276 cracoviensi
1162 2224 1226 2294 per
1252 2256 1260 2272 .
1288 2257 1296 2272 .
1323 2257 1331 2272 .
1360 2202 1451 2274 Item
1477 2206 1531 2274 est
1556 2201 1607 2273 ibi
1631 2223 1738 2273 unum
1764 2202 1949 2293 praedium
1972 2186 2051 2273 mili·

509 2332 595 2419 tare,
623 2326 666 2399 de
693 2326 789 2399 cuius
816 2324 918 2417 agris·
938 2324 1130 2396 decimatur
1156 2323 1304 2414 plebano
1330 2322 1367 2393 in
1393 2322 1615 2414 Lusznya

1180 2442 1393 2515 ernrcza.

590 2564 787 2658 —Oppidnm
812 2564 945 2638 habens
970 2565 1007 2636 in
1033 2583 1071 2636 se
1097 2564 1278 2636 ecclesiam
1303 2562 1538 2655 parochialem
1563 2584 1663 2637 muro
1679 2563 1899 2655 fabricatam,
1917 2570 1954 2637 et
1970 2564 2052 2637 dica·

511 2693 584 2760 tam
612 2686 737 2760 Sancto
764 2685 937 2776 Andreae,
964 2684 1060 2757 cuius
1086 2685 1285 2775 proprietas
1310 2684 1356 2757 ad
1382 2684 1639 2757 serenissimum
1664 2684 1832 2757 Poloniae
1850 2707 1968 2778 regern
1984 2707 2053 2777 per·

510 2810 618 2897 tinet;
644 2810 742 2880 iuxta
768 2807 861 2899 quod
888 2806 1052 2897 oppidum
1078 2811 1160 2877 sunt
1186 2805 1275 2877 duae
1301 2805 1414 2897 villae,
1442 2826 1588 2896 quarum
1613 2827 1683 2877 una
1700 2812 1849 2899 vocatur
1875 2808 2053 2901 superior

509 2930 765 3023 Lypnyoza
791 2928 903 2999 altera
929 2925 1157 3017 inferior,
1184 2927 1220 2997 in
1247 2926 1373 3016 quibus
1400 2926 1491 2999 villis
1518 2934 1602 3002 sunt
1628 2932 1766 3000 centum
1792 2929 1888 3001 lanei
1914 2929 2053 3001 amabo

510 3051 626 3141 nales,
663 3049 706 3121 de
741 3049 866 3139 quibus
902 3048 1060 3119 omnibus
1096 3048 1245 3120 solvitur
1279 3047 1412 3120 decima
1445 3049 1637 3140 pecunialis
1671 3070 1735 3141 per
1759 3072 1871 3122 unum
1895 3049 2053 3123 fertonem

477 3142 484 3155 ¹
512 3170 662 3242 latorum
688 3188 889 3261 grossorum
915 3188 980 3259 pro
1007 3168 1170 3260 episcopo
1197 3168 1440 3259 Gracoviensi3
1470 3170 1618 3261 plebano
1645 3190 1728 3243 vero
1755 3170 1792 3242 in
1817 3171 2054 3264 Lypnycaa

512 3290 651 3364 solvunt
678 3289 878 3382 octuaginta
904 3310 1083 3362 mensuras
1110 3290 1258 3380 siliginis
1285 3294 1322 3363 et
1348 3290 1496 3364 totidem
1522 3313 1653 3364 arenae
1679 3293 1816 3367 ratione
1833 3291 2051 3366 marchoaln

512 3411 639 3503 oppido
667 3431 750 3482 vero
776 3411 945 3502 plebanus
971 3412 1079 3483 habat
1104 3408 1235 3483 atolowe
1260 3434 1324 3503 per
1348 3412 1500 3484 medium
1525 3435 1686 3505 grossum
1712 3415 1756 3487 de
1774 3415 1934 3507 quolibet
1951 3417 2053 3505 domo,

511 3538 550 3604 et
576 3531 618 3602 de
646 3530 800 3622 quolibet
825 3531 1004 3622 inquilino.
1030 3531 1118 3603 Item
1144 3532 1313 3624 plebanus
1340 3537 1377 3605 et
1403 3534 1549 3607 ecclesia
1574 3535 1681 3608 babet
1706 3536 1757 3610 ibi
1782 3537 1884 3608 iuxta
1901 3537 2052 3629 oppidum

511 3653 598 3725 duos
632 3652 751 3724 laneos
787 3652 956 3743 proprios.
991 3652 1080 3725 Item
1106 3653 1187 3744 p'ost
1213 3674 1317 3744 agros
1343 3653 1473 3726 domini
1499 3655 1614 3728 Lucae
1640 3657 1801 3730 advocati
1827 3657 2053 3747 haereditant,

511 3774 618 3846 habet
644 3773 810 3845 decimam
836 3772 1096 3864 manipularem,
1121 3774 1252 3847 valoris
1277 3795 1474 3848 marcarum
1500 3832 1508 3848 .
1535 3831 1544 3850 .
1571 3833 1579 3848 .

615 3894 817 3986 Bononiae,
845 3893 929 3967 villa
955 3896 1019 3967 sub
1045 3896 1213 3988 parochia
1239 3896 1405 3969 ecclesiae
1432 3897 1475 3970 de
1493 3898 1742 3992 Lypnycza
1768 3901 1847 3993 sita,
1867 3901 1964 3974 cuius
1981 3921 2051 3992 pro

510 4016 642 4107 prietes
669 4014 714 4085 ad
741 4035 858 4106 regem
885 4016 1046 4106 pertinet.
1072 4017 1113 4088 In
1142 4038 1210 4108 qna
1236 4023 1318 4089 sunt
1342 4017 1434 4090 lanei
1461 4021 1709 4113 cmethonales‚
1736 4023 1779 4095 de
1807 4024 1933 4114 qmbus
1959 4022 2052 4094 aelri-

512 4141 571 4207 tur
599 4135 731 4207 decima
756 4136 947 4227 pecunialis
982 4157 1046 4229 pro
1074 4139 1235 4230 episcopo
1263 4137 1494 4213 Oracoviensi.
1537 4141 1625 4214 Item
1653 4149 1708 4215 est
1733 4145 1783 4217 ibi
1809 4146 1971 4218 scoltetia
1993 4164 2053 4215 una

512 4255 643 4327 babens
680 4255 847 4346 speciales
874 4277 996 4349 agros,
1023 4257 1066 4330 de
1093 4259 1218 4349 quibus
1245 4259 1380 4332 decima
1405 4262 1631 4353 manipularis
1659 4265 1808 4338 solvitur
1835 4267 1999 4338 ecclesiae
2022 4267 2052 4336 et

511 4375 659 4466 plebano
687 4375 761 4447 aius
788 4376 824 4447 in
850 4375 1105 4470 Lypuycza,
1132 4381 1229 4451 cuius
1256 4382 1355 4452 valor
1382 4383 1588 4456 aestimatur
1614 4383 1659 4456 ad
1687 4440 1694 4455 .
1722 4440 1729 4456 .
1757 4440 1765 4456 .
1790 4385 1880 4459 Item
1897 4387 2052 4479 plebanus

512 4499 548 4566 et
574 4493 718 4568 ecclesia
743 4495 850 4568 babet
865 4493 1004 4570 'ibidem
1031 4499 1167 4572 ratione
1193 4499 1355 4593 orwocboc,
1382 4503 1530 4594 siliginis
1556 4509 1592 4576 et
1613 4526 1744 4580 avenae
1761 4528 1782 4579 a
1800 4509 1956 4600 quolibet
1972 4525 2052 4578 cue

376 4605 385 4626 ⁸
511 4616 618 4688 thone
644 4637 708 4706 per
734 4671 742 4687 .
769 4671 778 4688 .
804 4671 813 4687 .

1110 4761 1114 4770 ·
1203 4740 1401 4820 Genaow..

613 4856 785 4948 Oppidum
811 4857 944 4932 babens
970 4861 1007 4932 in
1035 4881 1072 4934 se
1099 4863 1279 4936 ecclesiam
1305 4865 1538 4955 parochialem
1564 4873 1745 4961 muratam,
1772 4868 1920 4945 Sanctae
1937 4869 2050 4944 Cethe

510 4979 608 5050 rinae
644 4979 815 5070 dicatam,
842 4981 939 5052 ouius
974 4985 1173 5075 proprietas
1208 4986 1253 5057 ad
1283 4987 1541 5060 serenissimum
1567 4990 1733 5064 Poloniae
1759 5013 1877 5085 regem
1902 4993 2050 5086 pertinet

509 5099 550 5168 In
578 5119 645 5188 quo
672 5103 754 5169 sunt
778 5100 888 5191 lanei,
916 5101 960 5174 de
987 5104 1112 5194 quibus
1140 5105 1274 5178 decima
1299 5105 1479 5181 fertonalis
1504 5111 1655 5183 latorum
1681 5135 1882 5203 grossorum
1908 5116 1951 5188 de
1975 5132 2049 5205 qua

509 5217 596 5289 libet
622 5217 733 5308 domo,
761 5219 922 5312 episcopo
950 5221 1179 5298 cracoviensi.
1205 5227 1294 5299 item
1320 5229 1370 5300 ibi
1396 5229 1537 5304 solvunt
1561 5234 1727 5305 mensalia
1752 5255 1817 5325 pro
1834 5237 1979 5327 plebano
1995 5251 2050 5325 per

510 5337 597 5408 duos
623 5357 763 5428 grossos
790 5339 833 5412 de
860 5341 961 5415 domo
989 5345 1153 5435 qualibet.
1179 5347 1268 5419 Item
1293 5350 1401 5421 habet
1427 5349 1476 5423 ibi
1500 5353 1647 5426 ecclesia
1664 5360 1701 5427 et
1717 5357 1885 5446 plebanus
1903 5355 2049 5450 proprios

512 5475 616 5546 agros
643 5463 679 5530 et
705 5465 817 5552 prata,
844 5481 907 5553 pro
935 5485 997 5536 suo
1024 5467 1168 5556 praedio
1196 5474 1231 5540 et
1256 5471 1475 5544 necessitate.

611 5576 880 5674 Szronnnown,
906 5584 990 5655 villa
1024 5586 1088 5659 sub
1114 5590 1282 5679 parocbia
1307 5589 1350 5663 de
1369 5589 1563 5668 Grebow
1590 5598 1667 5688 sita,
1686 5599 1784 5671 cuins
1800 5599 1992 5690 pmprietas
2007 5593 2047 5668 ad

509 5715 629 5788 regem
655 5701 815 5790 pertinet.
841 5701 882 5775 In
910 5725 979 5796 qua
1004 5713 1086 5779 sunt
1111 5707 1205 5782 lanei
1230 5712 1473 5807 cmethonales‚
1500 5717 1543 5788 de
1570 5719 1696 5810 quibus
1723 5719 1858 5793 decima
1872 5716 2048 5812 pecunialis
