4550 6600
1698 758 1771 829 553

891 962 1097 1036 Kazrmrrz.
1135 1045 1137 1048 ,

320 1086 494 1178 Oppidum
521 1085 654 1158 habens
681 1083 716 1156 in
745 1105 783 1157 se
809 1084 1043 1175 parochialem
1070 1077 1251 1157 ecclesiam
1279 1090 1459 1177 muratam,
1478 1092 1514 1160 et
1531 1087 1666 1161 Sanctis
1686 1090 1773 1163 Bar·
1920 1112 1924 1120 ·

199 1182 414 1281 'tholomaeo
440 1213 478 1280 ct
501 1206 655 1279 Iohanni
682 1205 864 1297 Baptistae
891 1206 1070 1299 Apostolis
1097 1208 1258 1299 mortam,
1285 1209 1383 1281 cuius
1400 1210 1599 1301 proprietas
1618 1210 1662 1283 ad
1681 1233 1774 1287 sere-

220 1330 397 1404 nissimum
423 1330 588 1402 Poloniae
615 1348 732 1420 regem
759 1330 922 1431 pertinet.
948 1329 989 1402 lr
1008 1352 1077 1421 quo
1095 1335 1177 1402 sunt
1194 1331 1287 1403 lanei
1305 1330 1567 1423 oppidanorum,
1587 1332 1774 1425 dequibus

119 1443 149 1513 ſs
221 1452 366 1525 solvitur
392 1451 526 1524 decima
545 1506 552 1521 .
571 1506 579 1521 .
598 1451 740 1523 ..Item
765 1457 821 1523 est
847 1452 897 1525 ibi
923 1451 1103 1544 praedium
1131 1453 1266 1545 regium
1293 1452 1454 1545 amplum,
1482 1438 1533 1527 dc¹
1553 1455 1650 1528 cuius
1677 1458 1773 1547 agris

199 1575 365 1648 solvitur
391 1574 525 1645 decima
551 1574 778 1664 manipularis
805 1574 971 1647 ecclesiae
997 1580 1035 1647 et
1061 1575 1209 1666 plebano
1236 1576 1272 1647 in
1291 1574 1538 1667 Kazimirz,
1557 1577 1655 1650 cuius
1675 1579 1773 1652 valor

219 1696 422 1768 aestimatur
449 1696 494 1768 ad
521 1700 670 1787 quatuor
696 1716 840 1768 marcas.
866 1696 956 1769 Item
983 1701 1037 1768 est
1062 1698 1113 1769 ibi
1140 1697 1331 1787 advocatia,
1358 1698 1490 1795 hahens
1516 1719 1619 1789 agros
1646 1700 1774 1791 plures,

187 1818 260 1918 „de
287 1818 412 1909 quibus
439 1817 788 1890 decimatur...ltem
814 1818 962 1891 ecclesia
987 1824 1024 1890 et
1049 1819 1219 1910 plebanus
1245 1820 1376 1894 habent
1401 1820 1450 1893 ibi
1477 1842 1581 1911 agros
1609 1824 1771 1913 proprios
1837 1848 1840 1854 ¹

217 1940 343 2013 liberos
369 1945 408 2013 et
432 1946 545 2032 prato,
572 1961 636 2031 pro
663 1961 726 2012 suo
750 1962 814 2013 usu
841 1946 878 2013 et
903 1942 1121 2013 necessitate.

322 2048 607 2152 Wrnnoscrrru,
635 2062 720 2134 villa
746 2064 810 2135 sub
836 2064 1003 2155 parochia
1037 2062 1082 2134 de
1108 2061 1344 2135 Karimirz
1372 2065 1449 2157 sita,
1478 2065 1575 2137 cuius
1602 2066 1772 2138 haeredes

217 2185 367 2259 Iacobus
393 2190 430 2256 et
457 2184 622 2258 Nicotaus
649 2185 822 2259 dedomo
849 2184 894 2255 W
902 2200 1130 2276 yeryawa.
1147 2185 1199 2257 'ln
1226 2207 1296 2277 qua
1322 2186 1390 2259 duo
1418 2188 1509 2260 lanei
1527 2188 1773 2279 commoratos,

218 2306 259 2379 de
285 2308 411 2398 quihus
438 2307 597 2379 omuibus
624 2308 772 2383 solvitur
797 2307 932 2379 decima
957 2306 1183 2397 manipularis
1210 2314 1248 2379 et
1274 2310 1453 2401 canapalis
1479 2330 1543 2401 pro
1562 2312 1773 2383 monasterio

218 2429 365 2501 Sanctae
392 2427 513 2500 Orucis
539 2426 716 2502 Mortis
743 2428 894 2520 Calvi,
920 2429 1018 2501 cuius
1044 2429 1145 2503 valor
1172 2430 1379 2503 aestimatur
1405 2431 1450 2503 ad
1473 2452 1577 2503 unam
1604 2451 1773 2521 marcam3

216 2552 298 2649 item
323 2572 397 2623 ura
420 2551 569 2624 taberna
594 2571 664 2623 non
690 2552 823 2625 habens
849 2572 974 2646 agros3
1000 2552 1084 2623 item
1102 2551 1147 2623 de
1173 2552 1309 2624 duobus
1337 2552 1415 2624 aliis
1443 2553 1553 2625 laneis
1572 2553 1668 2625 etde
1687 2554 1773 2625 duo·
1874 2584 1878 2589 ·

217 2674 281 2747 hus
307 2672 470 2764 praediis,
497 2672 691 2745 decimatur
717 2674 884 2745 ecclesiae
910 2675 946 2745 in
972 2673 1217 2764 Karimirz,
1245 2674 1343 2747 cuius
1370 2674 1470 2747 valor
1496 2679 1572 2747 aest
1556 2676 1702 2747 timetur
1729 2676 1773 2749 ad
1918 2696 1922 2707 ·

318 2916 617 3007 Zoaunowrcze,
643 2916 727 2988 villa
753 2917 818 2988 sub
844 2917 1011 3007 parochIa
1035 2916 1080 2989 de
1096 2916 1334 2989 Kazimirz
1360 2917 1436 3007 sita,
1456 2917 1554 2989 onius
1573 2865 1772 3009 proprietas

217 3039 260 3111 ad
287 3039 548 3111 serenissimum
573 3037 739 3111 Poloniae
764 3059 883 3130 regem
910 3038 1072 3129 pertioct.
1098 3040 1140 3111 In
1167 3060 1236 3130 qua
1262 3044 1344 3111 sunt
1370 3038 1489 3111 decom
1507 3038 1600 3111 lanei
1619 3046 1710 3113 emet
1695 3041 1773 3113 t-ho
1826 3053 1830 3060 ·

217 3161 322 3250 nales,
350 3160 394 3232 de
420 3160 546 3251 quibus
574 3160 720 3232 solvitur
747 3166 784 3231 et
810 3159 1016 3232 conducitur
1042 3160 1174 3232 decima
1200 3160 1427 3251 manipularis
1453 3165 1490 3231 et
1507 3160 1683 3251 campalis
1701 3184 1774 3233 mo-

218 3284 372 3358 nasterio
399 3282 548 3358 Sanctae
575 3281 697 3357 Crucis
722 3281 858 3356 Calvi
883 3282 1070 3375 Mortis
1096 3289 1134 3356 ct
1160 3282 1353 3357 valarsius
1372 3282 1416 3355 ad
1435 3288 1512 3356 octo
1532 3305 1675 3356 marcas.
1695 3284 1774 3356 Non

218 3413 298 3481 sunt
323 3412 440 3480 autem
467 3407 517 3479 ibi
543 3399 783 3497 hortulaniae,
800 3428 913 3498 neque
939 3409 1126 3496 tabernac3
1154 3408 1237 3480 item
1265 3427 1371 3478 unum
1390 3406 1579 3498 praedium,
1607 3407 1650 3480 de
1677 3408 1775 3479 cuius

218 3530 367 3621 agris..
386 3529 555 3600 ..Item
563 3529 607 3600 de
633 3523 808 3620 aliquibus
844 3529 939 3621 agris
965 3529 1241 3602 cmcthonalihns
1269 3527 1330 3601 sed
1357 3529 1496 3619 paucis,
1524 3529 1619 3634 cedit
1644 3530 1776 3602 decima
1864 3569 1866 3578 =
1919 3554 1922 3559 ·

119 3704 120 3709 ,
218 3585 445 3744 manipularis
471 3673 536 3753 pro
563 3651 709 3722 ecclesia
734 3657 771 3722 et
796 3651 981 3742 plchano
971 3673 1007 3721 m
1033 3650 1279 3727 Karimira

186 3775 190 3786 '
323 3774 621 3846 Boosorrsrrcza
647 3771 797 3864 Miror,
824 3772 909 3844 villa
941 3773 1008 3846 sub
1044 3772 1213 3864 parochia
1239 3771 1282 3842 de
1309 3771 1535 3844 Kazimirz
1564 3771 1649 3861 sita,
1679 3772 1775 3842 cuius

219 3896 344 3968 haeres
370 3894 497 3966 Petrus
534 3893 970 3987 Kuroszwarczslry
997 3893 1040 3966 do
1067 3894 1169 3967 domo
1197 3893 1481 3986 Szrcnyaua
1522 3894 1563 3964 ln
1591 3910 1660 3984 qua
1688 3893 1773 3966 duo·
1854 3917 1855 3920 ‘

163 4069 167 4079 .
219 4017 329 4089 decim
356 4005 449 4088 lanei
475 4015 730 4104 cmethonales,
757 4015 800 4087 de
828 4016 953 4106 quihus
989 4015 1148 4088 omnibns
1175 4015 1323 4088 soluitur
1349 4021 1386 4088 et
1412 4013 1615 4088 conducitur
1642 4015 1776 4086 decima
1833 4043 1835 4046 ·

219 4138 446 4230 manipularis
482 4144 518 4209 et
550 4137 728 4228 canapnlio
763 4135 829 4228 pro
865 4137 1077 4210 monasterio
1104 4135 1251 4208 Sanctus
1277 4136 1399 4210 Crucis
1427 4135 1562 4208 tlalvi
1588 4136 1720 4209 Mart
1734 4139 1775 4208 is

219 4263 315 4335 cuius
353 4261 452 4334 valor
486 4260 532 4332 ad
568 4259 685 4332 decem
721 4280 857 4332 marcas
892 4259 1104 4332 aestimatur.
1145 4259 1234 4331 Item
1268 4260 1437 4332 tabernae
1473 4260 1579 4332 etiam
1605 4259 1777 4331 decimant
1896 4277 1905 4282 ·

218 4384 330 4456 eidem
358 4383 569 4456 monasterio
607 4381 754 4454 Sanctae
790 4379 920 4454 Crucis.
960 4380 1049 4452 Item
1077 4374 1259 4482 praedium
1286 4402 1393 4454 unum
1420 4385 1490 4472 est,
1518 4380 1561 4453 de
1590 4401 1657 4472 quo
1685 4379 1777 4452 deci-

218 4510 334 4578 matur
360 4504 527 4576 ecclesiae
552 4503 860 4594 inharimirz,
886 4503 984 4579 cuius
1011 4503 1110 4575 valor
1135 4504 1341 4575 aestimatur
1367 4502 1412 4575 ad
1439 4503 1526 4576 duas
1553 4523 1698 4574 marcas.

322 4625 640 4716 Wrnzcsorrow,
667 4626 752 4698 villa
777 4627 842 4698 suh
868 4625 1036 4717 parochia
1062 4625 1228 4698 ecclesiae
1254 4621 1298 4696 de
1316 4623 1554 4698 Kazimirz
1580 4625 1659 4715 sits,
1679 4624 1777 4697 ouius

220 4751 344 4822 haeres
379 4748 504 4820 Petrus
540 4747 939 4839 Gurozwarczs'ky
980 4747 1167 4838 praetatus.
1208 4747 1247 4818 ln
1284 4767 1352 4838 qua
1388 4753 1469 4819 sunt
1504 4745 1663 4818 undecim
1700 4767 1777 4832 cum

220 4871 334 4944 modio
359 4871 451 4942 lanei
479 4870 725 4961 emethonales,
751 4869 794 4941 de
822 4870 948 4962 quibus
975 4869 1124 4941 soluitur
1151 4868 1285 4940 decima
1302 4868 1528 4960 manipularis
1547 4873 1584 4940 et
1602 4867 1778 4959 canapalis

219 5013 284 5084 pro
304 4991 522 5064 vrnonosterio
549 4991 694 5063 Sanctae
722 4989 1004 5063 Crucis-Calvi
1029 4989 1224 5080 Montis,
1250 4991 1347 5062 cuins
1375 4989 1475 5062 valor
1501 4990 1706 5062 aestimatur
1733 4987 1778 5062 ad

218 5135 341 5186 norem
367 5133 512 5186 marcas.
538 5113 634 5185 Item
653 5112 815 5186 scoltetia
840 5112 948 5185 ettam
974 5110 1088 5184 eidem
1103 5165 1107 5172 .
1123 5113 1337 5188 monasterio
1364 5112 1524 5184 decimat.
1550 5111 1628 5184 Nor
1657 5117 1717 5184 est·
1730 5111 1779 5186 ibi

219 5237 459 5329 praedium.»
1218 5220 1222 5230 ¹

255 5380 259 5384 ·
320 5359 557 5448 RznczrozA,
584 5358 667 5430 uilla
702 5358 766 5430 suh
801 5357 968 5450 parochio
1002 5356 1046 5428 de
1073 5356 1310 5428 Kazimirz
1338 5356 1426 5447 sita,
1455 5356 1553 5430 cuius
1580 5356 1779 5448 proprietas

218 5481 261 5552 ad
289 5481 548 5582 serenissimum
583 5479 749 5553 Puloniae
784 5499 901 5572 regem
937 5478 1099 5570 perticat
1127 5477 1180 5548 ln
1210 5499 1289 5570 qun
1305 5483 1387 5550 sunt
1372 5478 1506 5550 tlarei
1534 5477 1779 5571 emethonales,

218 5603 261 5674 de
289 5573 413 5694 quibus
441 5583 595 5675 solvitur
616 5608 653 5674 et
679 5601 884 5674 conducitur
911 5600 1046 5672 decima
1063 5600 1298 5694 manipularis
1323 5622 1387 5692 pro
1415 5600 1599 5673 ecclesia
1589 5623 1624 5671 ιι
1648 5599 1778 5672 Kazi·

219 5725 342 5815 mirz,
370 5725 469 5797 cuius
497 5724 595 5798 valor
621 5725 665 5797 ad
693 5725 812 5799 decern
839 5743 984 5804 marcas

325 5867 436 5909 smnus
437 5867 485 5908 ιιι.
499 5867 529 5910 ιι
1535 5879 1541 5890 ·
1574 5875 1610 5922 ιο
