4550 6600
1693 782 1767 855 lat

323 989 691 1081 Wuoscmsomozn,
705 988 801 1091 'villa
828 989 891 1061 sub
919 988 1086 1080 parochia
1111 989 1155 1062 de
1182 990 1382 1063 Swinari
1408 991 1487 1064 sita.
1525 990 1567 1061 In
1593 1011 1662 1081 qua
1688 993 1770 1062 sunt

217 1118 369 1207 quatuor
393 1114 485 1185 lanei
512 1112 756 1203 cmethonales‚
783 1113 867 1189 item
894 1132 964 1183 una
990 1112 1137 1183 taberna
1163 1112 1295 1184 habens
1314 1132 1426 1203 agros,
1454 1111 1497 1183 de
1516 1112 1640 1203 quibus
1659 1112 1768 1184 omui-
1819 1118 1824 1127 ’

216 1237 281 1308 bus
308 1235 459 1307 solvitur
485 1240 522 1305 et
549 1233 752 1307 conducitur
778 1232 911 1305 decima
936 1233 1163 1323 manipularis
1190 1238 1227 1304 et
1254 1232 1429 1323 canapalis
1469 1253 1534 1323 pro
1560 1233 1708 1305 ecclesia
1733 1234 1770 1303 in
1896 1215 1899 1223 ’

219 1356 439 1447 stricari,
470 1360 507 1427 et
533 1355 632 1427 valor
658 1354 733 1427 eius
760 1353 964 1425 aestimatur
990 1353 1035 1425 ad
1062 1358 1212 1445 quatuor
1235 1374 1380 1425 marcas.
1423 1353 1512 1425 Item
1538 1358 1593 1425 est
1619 1354 1668 1425 ibi
1693 1352 1770 1425 uni-

218 1496 294 1548 cum
322 1476 504 1567 praedium
531 1476 690 1566 militare,
717 1474 760 1547 de
789 1496 856 1565 quo
884 1474 1076 1558 decimatur
1103 1476 1270 1547 ecclesiae
1297 1475 1333 1546 in
1360 1473 1570 1567 Solyecz‚
1610 1479 1647 1545 et
1672 1474 1771 1546 valor

218 1598 291 1669 eius
318 1598 526 1671 aestimatur
552 1597 597 1669 ad
623 1596 710 1669 duas
737 1616 880 1669 marcas.
912 1595 1012 1667 Hanc
1038 1596 1205 1670 decimam
1231 1596 1411 1671 Johanues
1436 1598 1619 1687 episcopus
1645 1594 1771 1667 (traco-

218 1718 348 1790 uiensis
376 1718 616 1791 deconsensu
643 1717 698 1789 sui
725 1701 868 1808 capituli
896 1736 985 1812 anno
1011 1716 1152 1790 Domini
1181 1718 1289 1790 1346.
1316 1719 1482 1791 ecclesiae
1508 1719 1545 1789 in
1571 1717 1771 1790 Swinari
1884 1782 1890 1791 .

220 1830 383 1912 donavit'
1164 1823 1170 1833 ’

322 1958 576 2051 Pancsoczm,
603 1959 687 2033 uilla
713 1959 777 2031 sub
804 1958 970 2051 parochia
996 1958 1040 2030 de
1066 1958 1269 2032 Swinari
1297 1962 1366 2034 sita
1391 1962 1489 2041 iuxta
1515 1959 1704 2032 Vislam.
1730 1960 1771 2030 In

221 2100 287 2173 qua
314 2086 398 2153 sunt
412 2134 606 2171 ........
634 2080 676 2151 de
704 2081 828 2172 quibus
856 2079 1004 2153 solvitur
1031 2086 1067 2151 et
1093 2081 1298 2154 conducitur
1323 2082 1458 2155 decima
1482 2082 1709 2174 manipularis
1736 2085 1773 2152 et

222 2203 408 2294 canapalis,
435 2223 499 2293 pro
527 2202 728 2307 episcopatu
755 2200 987 2292 (trudoniensi,
1014 2206 1051 2274 et
1077 2202 1176 2275 valor
1202 2203 1277 2275 eius
1303 2203 1349 2275 ad
1375 2208 1452 2277 octo
1478 2209 1604 2277 scotos.

323 2324 442 2396 Villae
467 2324 701 2415 parochiales:
728 2322 944 2415 Swinari,
971 2322 1410 2416 Wlosclrinouiczc‚
1444 2325 1745 2398 Parchoczin.
1804 2342 1809 2351 ·

910 2443 1086 2517 Sonuncz.

324 2564 422 2639 Villa
447 2566 579 2638 habeus
607 2566 786 2639 eeclesiam
821 2566 1064 2657 parochialem,
1091 2565 1198 2639 Sanct
1215 2622 1412 2659 ........
1447 2567 1563 2659 lapide
1589 2573 1772 2656 muratam,

223 2688 318 2761 cuius
346 2688 470 2760 unicus
496 2688 619 2759 haeres
646 2694 681 2759 ct
708 2666 875 2778 patronus
901 2686 1079 2760 Iohannes
1104 2687 1205 2759 Felix
1241 2687 1557 2779 Tharnowshy
1596 2689 1640 2761 de
1666 2689 1772 2760 armis

223 2810 332 2899 hely
345 2830 416 2881 wa.
442 2810 483 2881 In
511 2830 578 2900 qua
605 2815 687 2881 sunt
713 2814 846 2900 septem
872 2809 964 2881 lanei
992 2809 1235 2900 cmethonales‚
1262 2805 1347 2883 item
1373 2831 1443 2883 una
1468 2812 1616 2882 taberna
1641 2810 1774 2881 habens

224 2952 334 3021 agros,
363 2932 446 3001 item
474 2952 544 3003 urna
570 2932 769 3005 hortulanis
794 2930 927 3003 habens
954 2950 1065 3023 agros,
1092 2932 1176 3003 item
1203 2952 1309 3003 unum
1335 2931 1515 3023 praedium
1542 2931 1704 3021 militare,
1731 2929 1775 3001 de
1879 3004 1884 3011 ,

225 3054 348 3143 quibus
377 3054 534 3125 omnibus
561 3053 709 3125 solvitur
735 3058 772 3124 et
798 3052 1001 3124 conducitur
1032 3052 1167 3123 decima
1191 3052 1420 3142 manipularis
1446 3058 1495 3123 et·
1508 3052 1683 3143 canapalis
1709 3071 1773 3142 pro

225 3174 371 3245 ecclesia
397 3175 433 3245 in
460 3172 673 3266 Solyecz‚
701 3180 737 3246 et
763 3174 862 3245 valor
889 3174 964 3244 eius
992 3174 1198 3246 aestimatur
1223 3174 1268 3245 ad
1286 3178 1365 3246 octo
1391 3193 1535 3245 marcas.
1561 3174 1650 3244 Item
1668 3172 1775 3244 babet
1806 3248 1809 3255 ,

225 3294 372 3367 ecclesia
404 3295 490 3368 duos
525 3295 645 3368 laneos
680 3294 875 3387 praedialcs
902 3301 938 3367 et
965 3295 1033 3368 dua
1061 3300 1172 3385 prata.
1217 3294 1306 3366 Item
1333 3294 1440 3367 babet
1458 3294 1651 3387 piscinam,
1691 3294 1775 3364 item

225 3417 327 3490 babet
357 3437 460 3488 unam
486 3417 668 3490 tabernam
694 3417 880 3489 habentem
908 3437 1029 3507 agros,
1066 3422 1101 3488 et
1129 3417 1234 3488 solvit
1259 3417 1409 3507 plebano
1436 3437 1501 3508 pro
1527 3437 1644 3488 censu
1660 3435 1776 3488 annuo

226 3591 338 3610 .....
366 3537 454 3610 Item
480 3539 588 3610 habet
605 3559 717 3642 ‚unam
743 3539 977 3618 hortulaniam
1004 3536 1189 3612 habentem
1217 3558 1339 3629 agros,
1366 3543 1404 3610 et
1428 3538 1646 3611 laborantem
1671 3556 1776 3608 unam
1839 3623 1844 3638 ι

227 3661 315 3732 diem
345 3661 380 3731 in
408 3661 610 3751 septimana.

326 3780 475 3874 Jnuow,
501 3783 585 3855 villa
611 3784 675 3856 sub
702 3781 868 3874 parochia
897 3781 939 3852 de
975 3780 1169 3871 Solyecz
1204 3781 1282 3851 sita.
1325 3779 1367 3850 In
1385 3771 1463 3868 *qua
1489 3784 1572 3850 sunt
1597 3799 1657 3875 sex
1684 3777 1777 3848 lanei

228 3903 472 3995 cmethonales‚
511 3904 554 3976 de
582 3904 706 3994 quibus
733 3903 881 3976 solvitur
908 3907 944 3976 et
970 3901 1174 3974 conducitur
1201 3901 1334 3972 decima
1359 3900 1586 3991 manipularis
1612 3903 1648 3970 et
1673 3902 1776 3970 caua-

228 4025 314 4114 palis
342 4046 406 4116 pro
433 4023 578 4096 ecclesia
604 4026 640 4097 in
668 4025 880 4119 Solyecz,
916 4029 951 4096 et
976 4023 1075 4096 valor
1102 4023 1178 4095 eius
1204 4023 1408 4096 aestimatur
1435 4020 1480 4093 ad
1507 4021 1658 4112 quinque
1684 4039 1778 4091 mar-

230 4165 294 4218 cas.
320 4146 409 4220 Item
435 4146 615 4238 praedium
633 4201 743 4218 .....
1078 4143 1081 4150 ’

330 4267 511 4361 Znonow,
551 4269 635 4342 villa
661 4269 725 4342 sub
753 4268 918 4360 parochia
942 4267 988 4339 de
1019 4266 1214 4359 Solyecz
1250 4267 1337 4358 sita,
1377 4266 1474 4339 cuius
1501 4266 1625 4338 haeres
1650 4263 1777 4336 Patras
1811 4356 1817 4363 ι

230 4389 510 4483 Zborowsky
537 4391 580 4464 de
608 4391 714 4464 armis
740 4389 764 4463 J
773 4390 1102 4463 astruambcze.
1142 4390 1183 4461 In
1210 4410 1280 4481 qua
1306 4393 1388 4460 suut
1412 4387 1506 4459 lanei
1533 4386 1776 4474 cmethonales‚

231 4511 312 4582 item
338 4513 515 4603 tabernae,
543 4513 626 4585 item
653 4511 890 4604 hortulaniae,
926 4511 969 4583 de
997 4512 1122 4603 quibus
1150 4512 1310 4583 omuibus
1336 4509 1485 4582 soluitur
1511 4512 1549 4580 et
1574 4493 1779 4579 conducitur

232 4631 363 4706 decima
388 4634 613 4724 manipularis
632 4640 667 4707 et
685 4635 860 4726 canapalis
887 4653 952 4724 pro
980 4634 1125 4705 ecclesia
1150 4634 1192 4703 in
1214 4631 1450 4725 Gorzyeze
1476 4651 1586 4722 prope
1612 4627 1778 4700 Sando-

233 4755 425 4847 miriam,
462 4757 559 4828 cuius
585 4757 684 4830 valor
710 4757 916 4829 aestimatur
943 4755 987 4827 ad
1015 4760 1147 4846 septem
1173 4773 1317 4826 marcas.
1362 4753 1449 4823 Item
1476 4754 1530 4822 est
1565 4749 1615 4821 ibi
1640 4749 1779 4820 unicum

145 4909 149 4916 ·
234 4877 411 4964 praedium
438 4879 597 4969 militare,
625 4879 667 4950 de
687 4879 783 4950 cuius
802 4879 896 4970 agris
915 4877 1108 4950 decimatur
1136 4876 1301 4949 ecclesiae
1327 4875 1364 4944 in
1391 4871 1600 4964 Solyecz,
1627 4874 1664 4942 et
1681 4869 1781 4943 valor

234 4998 306 5072 eius
333 5000 536 5072 aestimatur
563 4999 606 5071 ad
635 5000 720 5073 duas
747 4985 889 5072 marcas.
1448 4989 1454 5004 “

335 5118 694 5214 Wnoscuuaowmzs,
722 5121 804 5194 villa
830 5121 894 5193 sub
920 5120 1086 5212 parochia
1112 5119 1157 5190 de
1183 5118 1392 5208 Swinary
1418 5117 1496 5188 sita.
1536 5115 1578 5185 In
1606 5133 1674 5204 qua
1700 5117 1782 5184 sunt
1850 5125 1854 5133 '

236 5247 381 5331 quatuor
407 5243 497 5314 lanei
524 5244 766 5362 crmthonales,
794 5245 878 5316 item
904 5265 980 5314 una
991 5243 1138 5314 taberna
1163 5241 1296 5312 habens
1323 5258 1445 5329 agros·
1464 5237 1507 5309 de
1526 5236 1652 5326 quibus
1671 5235 1780 5307 omni-

235 5361 299 5434 bus
324 5364 472 5437 solvitur
497 5370 534 5438 et
561 5365 764 5438 conducitur
799 5365 932 5437 decima
958 5363 1184 5455 manipularis
1211 5367 1247 5433 et
1274 5360 1450 5450 canapalis
1480 5377 1544 5449 pro
1572 5356 1718 5427 ecclesia
1744 5357 1781 5427 iu

237 5479 450 5576 Salaeni,
476 5489 513 5558 et
538 5487 637 5559 valor
663 5487 738 5559 eius
764 5487 808 5559 ad
836 5493 986 5578 quatuor
1011 5473 1155 5556 marcas,
1181 5483 1269 5556 Item
1297 5486 1352 5553 est
1368 5481 1418 5553 ibi
1436 5479 1575 5594 unicum
1600 5475 1781 5568 praedium

238 5603 400 5698 militare,
435 5606 479 5679 de
506 5587 574 5699 quo
602 5608 795 5682 dealmatur
821 5609 987 5683 ecelesiae
1013 5608 1049 5678 in
1064 5605 1290 5696 ¹S=olyecz,
1328 5602 1428 5675 valor
1454 5600 1608 5673 decimae
1635 5598 1782 5671 duarum
1813 5699 1817 5704 ι

239 5742 438 5805 marcarum.
