4550 6600
1709 772 1784 843 407

228 976 273 1049 In
302 999 371 1069 qua
406 982 488 1081 sunt
523 976 702 1049 duodecim
737 976 830 1049 lanei
866 977 1107 1049 emethonales.
1141 934 1230 1049 Item
1257 979 1475 1053 hortulauiae
1493 979 1592 1053 dnae
1617 980 1788 1054 babentes

230 1122 348 1191 agros,
375 1100 418 1173 dc
445 1098 570 1191 quibus
597 1099 755 1171 omnibus
783 1100 929 1173 solvitur
956 1104 993 1172 et
1016 1099 1220 1192 conducitur
1237 1100 1370 1173 decima
1386 1102 1612 1192 manipularis
1630 1109 1667 1178 et
1684 1126 1786 1177 caua·

196 1314 205 1321 ι
230 1224 325 1314 palis
352 1244 415 1313 pro
443 1221 615 1295 decanatu
643 1219 874 1313 Oracoviensi,
901 1228 937 1294 et
964 1222 1062 1295 valor
1089 1223 1164 1295 eius
1191 1224 1396 1296 aestimatur
1413 1224 1459 1295 ad
1477 1225 1625 1297 sedecim
1643 1242 1786 1300 mareas.

230 1346 322 1418 Item
359 1348 440 1417 sunt
476 1345 525 1429 ibi
550 1344 621 1417 tria
646 1345 791 1437 praedia
807 1346 1000 1437 militaria,
1028 1351 1065 1419 et
1091 1346 1180 1418 duae
1207 1346 1374 1419 tabernae
1400 1347 1568 1421 habentes
1595 1370 1716 1441 agros,
1743 1351 1787 1424 de
1845 1437 1849 1445 ,

236 1468 365 1560 quibus
393 1467 542 1539 solvitur
568 1466 701 1541 decima
727 1467 953 1558 manipularis
980 1469 1147 1541 ecclesiae
1173 1470 1208 1540 in
1236 1468 1500 1560 Othwiuow,
1526 1476 1564 1543 et
1590 1471 1687 1543 valor
1713 1462 1787 1545 eius'

232 1590 440 1695 aestimatur
466 1590 511 1662 ad
539 1610 599 1663 sex
628 1610 769 1663 marcas.
805 1589 894 1661 Item
921 1591 1027 1662 habet
1053 1568 1140 1664 duos
1166 1591 1286 1665 laneos
1311 1614 1376 1683 pro
1394 1593 1546 1684 ‚praedio
1573 1615 1654 1685 suo,
1681 1616 1787 1668 uuum

231 1712 326 1784 inter
352 1732 456 1803 agros
482 1711 605 1784 Jacobi
632 1717 669 1783 et
695 1712 889 1786 Barteczlro
917 1713 1151 1802 emethouum,
1172 1714 1282 1786 alium
1308 1736 1392 1787 vero
1419 1715 1510 1788 inter
1537 1716 1680 1807 praedia
1706 1718 1787 1789 liae-

231 1832 366 1905 redum.
393 1834 482 1907 Item
508 1834 615 1905 habet
641 1854 763 1925 agrum
790 1839 870 1924 post
896 1833 1037 1906 fluvium
1064 1836 1319 1927 Dunayecz,
1345 1837 1443 1909 iuxta
1469 1842 1628 1928 stagnum
1656 1838 1787 1911 dictum

232 1952 500 2029 Szikorslre.
535 1956 625 2029 Item
651 1954 758 2028 habet
785 1977 888 2027 unam
913 1957 1094 2029 tabernam
1122 1958 1160 2029 in
1185 1956 1442 2050 Otthnow‚
1469 1960 1656 2033 habentem
1674 1982 1787 2053 agros,

232 2075 280 2149 de
307 2099 375 2169 qua
402 2078 469 2151 sibi
497 2078 643 2153 solvitur
670 2098 739 2151 una
766 2098 891 2150 marca.
918 2078 1005 2151 Item
1024 2078 1130 2151 habet
1148 2080 1288 2168 bortum
1306 2080 1435 2153 dictum
1453 2080 1673 2175 Krzinky.
1699 2084 1803 2182 Item,

232 2198 271 2269 in
298 2180 382 2272 'villa
407 2200 595 2293 Kouary
621 2201 728 2273 habet
755 2200 920 2272 decimam
948 2200 1159 2291 praedialem
1187 2202 1230 2273 de
1256 2202 1375 2273 valore
1401 2224 1462 2275 sex
1489 2224 1690 2296 marcarum,
1708 2211 1789 2297 post

234 2329 386 2416 quatuor
412 2323 556 2415 praedia
581 2323 739 2395 militnm.
765 2323 853 2395 Item
872 2324 908 2393 in
926 2323 1018 2395 villis
1036 2324 1272 2397 Drochcza
1299 2331 1336 2397 ct
1352 2325 1678 2399 labana-nabet
1696 2327 1788 2427 deci-

233 2468 311 2521 mas
337 2446 530 2538 praediales
557 2446 593 2517 in
620 2446 739 2519 valore
766 2465 825 2517 sex
852 2465 1056 2529 marcarum.
1083 2446 1123 2517 In
1151 2447 1537 2521 Przibislawieze
1562 2448 1670 2547 habet
1696 2449 1788 2520 deci-

233 2592 328 2643 mam
362 2570 575 2665 praedialem
610 2570 653 2641 in
682 2570 816 2677 valore⁴
837 2569 943 2643 trium
979 2590 1183 2641 marcarum.
1223 2570 1312 2644 Item
1347 2572 1383 2643 in
1416 2569 1657 2643 Pirszioze
1682 2572 1790 2644 habet

234 2692 405 2767 decimam
441 2691 652 2784 praedinlem
687 2692 723 2763 in
760 2692 877 2765 valore
912 2692 1018 2764 trium
1050 2712 1254 2765 marcarum.
1293 2693 1383 2765 Item
1409 2694 1445 2763 in
1472 2692 1496 2765 J
1505 2694 1789 2766 anikowiczc
1906 2692 1910 2705 '

232 2815 343 2887 habet
368 2813 535 2887 decimam
562 2812 772 2906 praedialem
800 2815 836 2887 in
864 2814 982 2887 valore
1009 2814 1112 2886 unius
1139 2836 1340 2907 sexagenae.
1366 2816 1456 2887 Item
1482 2816 1519 2886 in
1537 2813 1789 2909 Gorzvyow

232 2936 343 3010 habet
378 2936 545 3009 decimam
581 2937 792 3028 praedialem
828 2938 863 3008 in
899 2937 1018 3009 valore
1053 2938 1156 3007 unius
1182 2958 1328 3009 marcae.
1368 2938 1458 3009 Item
1485 2938 1521 3010 in
1547 2938 1789 3031 Zelychow

233 3058 344 3133 habet
369 3058 536 3131 decimam
562 3058 772 3150 praedialem
792 3059 835 3129 in
862 3059 980 3131 valore
1008 3059 1110 3131 unius
1137 3078 1340 3150 sexageuae.

340 3179 509 3272 Kouum,
535 3180 620 3253 villa
655 3180 719 3253 sub
746 3180 912 3271 parochia
938 3180 1105 3253 ecclesiae
1131 3179 1175 3251 de
1202 3179 1446 3271 OthIuow
1472 3182 1559 3270 sita,
1585 3183 1682 3253 ciuus
1698 3203 1788 3273 'pro-

234 3305 369 3398 prietas
396 3304 548 3395 pertinet
574 3304 618 3375 ad
645 3305 892 3376 monasterium
919 3308 955 3376 et
972 3304 1210 3394 praepositum
1228 3303 1264 3374 in
1283 3286 1678 3394 Krzinanowicze,
1696 3305 1789 3376 ordi·-

233 3409 305 3500 nis
318 3426 720 3518 praemonstratensium.
752 3426 793 3498 In
821 3447 888 3518 qua
915 3431 997 3498 sunt
1020 3445 1085 3498 sex
1112 3425 1223 3515 lanei,
1250 3424 1294 3496 de
1321 3426 1446 3516 quibus
1472 3425 1619 3499 solvitur
1645 3423 1692 3518 et·
1708 3449 1790 3498 con-

233 3549 374 3624 ducitur
401 3548 532 3622 decimu
560 3548 784 3640 manipularis
811 3554 848 3621 et
873 3549 1049 3639 canapalis
1076 3569 1142 3639 pro
1168 3547 1338 3625 decanatu
1365 3547 1603 3638 cracoviensi,
1630 3554 1667 3620 et
1692 3550 1791 3622 valor

234 3673 312 3744 eins
339 3673 542 3744 aestimatur
569 3671 614 3743 ad
633 3725 817 3742 ......
870 3671 957 3742 Item
985 3691 1055 3742 non
1082 3675 1136 3741 est
1163 3671 1212 3743 ibi
1238 3669 1417 3760 praedium
1444 3657 1653 3759 coenobiale,
1679 3692 1791 3762 neque
1924 3698 1929 3706 ·

233 3795 420 3884 tabernae,
454 3815 565 3884 neque
600 3793 828 3866 hortulaniae.
869 3792 956 3885 Item
993 3796 1074 3864 sunt
1108 3792 1158 3863 ibi
1190 3796 1341 3882 quatuor
1366 3792 1511 3882 praedia
1537 3792 1718 3882 militarIa,
1745 3793 1788 3863 de

232 3917 361 4008 quibus
389 3915 543 4006 solvitur,
571 3915 705 3988 decima
731 3913 957 4006 manipularis
985 3918 1021 3986 et
1047 3913 1223 4004 canapalis
1254 3935 1319 4005 pro
1345 3913 1490 3986 ecclesia
1515 3919 1553 3986 et
1578 3915 1732 4005 plebano
1753 3915 1790 3986 in

235 4037 527 4130 Othphinow.
594 4105 595 4108 ,
1312 4107 1364 4116 ,,
1599 4062 1604 4068 ’

341 4159 599 4250 Nuuczrnezn,
625 4159 708 4232 villa
734 4161 799 4232 sub
826 4159 992 4250 parochia
1018 4157 1184 4230 ecelesiae
1210 4158 1255 4230 de
1280 4157 1560 4250 Othphinow
1587 4160 1665 4249 sita,
1692 4160 1789 4232 cuins

234 4283 361 4355 haeres
396 4282 532 4355 ratione
568 4282 691 4354 matris
726 4281 905 4354 Iohannes
932 4281 1261 4374 Rapsthinslry
1288 4279 1332 4352 de
1359 4280 1607 4372 Orasznyk.
1651 4283 1691 4353 In
1720 4305 1789 4373 qna

235 4410 320 4476 sunt
347 4402 585 4476 tantummodo
613 4403 681 4504 duo
708 4403 809 4494 lanei,
837 4403 879 4476 de
907 4403 1031 4494 quibus
1059 4403 1209 4475 solvitur
1234 4408 1271 4475 et
1297 4403 1501 4476 conducitur
1514 4403 1653 4476 ‘decima
1679 4405 1788 4475 mani-

235 4525 369 4617 pularis
405 4530 442 4597 et
468 4526 643 4617 cenapolis
670 4547 733 4616 pro
761 4525 931 4598 decanatu
956 4523 1198 4616 Gracovieusi,
1225 4531 1262 4597 et
1289 4525 1387 4599 valor
1413 4526 1487 4597 eius
1514 4527 1720 4598 aestimatur
1745 4525 1790 4597 ad

234 4648 323 4720 duas
349 4667 493 4720 marcas.
520 4647 624 4721 Ultra
650 4653 766 4720 autem
793 4647 878 4720 istos
904 4647 1042 4738 laneoS,
1070 4647 1213 4719 suntin
1241 4645 1360 4720 eadem
1387 4647 1470 4718 villa
1496 4648 1556 4718 alii
1582 4648 1673 4718 lanei
1700 4668 1789 4718 eme-

235 4769 415 4861 thonaleS,
447 4769 491 4844 de
526 4771 651 4862 quibus
686 4770 836 4862 percipIt
863 4770 1030 4842 decimam
1058 4769 1242 4862 episcopus
1268 4768 1519 4846 Cracoriensis.
1563 4769 1652 4841 Sunt
1677 4770 1727 4841 ibi
1753 4774 1790 4840 et

236 4891 298 4962 alii
323 4892 414 4964 lanei
448 4899 484 4965 et
512 4909 588 4964 ¹urm
615 4892 769 4968 taberna.
787 4892 919 4965 habens
946 4913 1068 4984 agros,
1095 4892 1140 4964 ad
1167 4891 1456 4984 praebendarium
1481 4892 1518 4963 in
1545 4890 1791 4982 Otphinow

235 5015 461 5105 pertinentes,
489 5013 531 5086 de
560 5015 684 5105 quibus
711 5014 804 5088 solus
832 5019 868 5086 ct
895 5034 1037 5088 censum
1062 5019 1099 5086 et
1125 5013 1264 5086 labores
1290 5013 1448 5104 percipit.
1724 4997 1727 5002 ¹

342 5134 504 5226 Gomon,
532 5135 616 5209 villa
651 5137 715 5208 sub
751 5135 918 5227 parochia
953 5135 996 5208 de
1022 5133 1259 5208 Othiinow
1286 5135 1371 5228 sila,
1399 5135 1498 5208 cuius
1524 5135 1648 5208 haeres
1675 5127 1790 5207 Stami-

235 5249 332 5332 slans
357 5257 531 5351 Ligaza
557 5258 600 5332 de
627 5257 728 5331 domo
755 5257 1003 5330 Polukoza.
1030 5258 1071 5329 Iu
1098 5279 1168 5350 qua
1193 5262 1275 5331 sunt
1301 5279 1362 5330 ser
1387 5257 1480 5330 lanei
1503 5264 1539 5330 et
1557 5279 1627 5343 una
1644 5258 1790 5329 taberna

234 5381 370 5454 uanam
406 5399 540 5472 agros,
555 5378 599 5452 dc
627 5380 751 5472 quibus
779 5380 937 5455 omnibus
963 5379 1112 5468 solvitur
1136 5380 1272 5454 'decima
1298 5381 1524 5473 manipularis
1550 5383 1587 5450 et
1612 5379 1789 5471 canapalis

233 5523 300 5596 pro
327 5502 497 5576 decanatu
523 5499 755 5594 Gracovicnsi,
782 5501 878 5574 cuius
897 5502 1003 5594 »valor
1029 5503 1233 5575 aestimator
1260 5502 1306 5575 ad
1327 5506 1481 5593 quatuor
1506 5521 1649 5573 marcas.
1865 5602 1867 5605 Ι

265 5679 269 5687 .
340 5622 550 5715 Pmszrczn,
577 5624 661 5716 villa
697 5624 761 5698 sub
796 5623 962 5726 parochia
989 5623 1032 5696 de
1059 5611 1295 5696 Oth'finow
1322 5623 1407 5715 sita,
1434 5623 1533 5695 cuius
1558 5623 1682 5694 haeres
1708 5622 1802 5693 Na·-

233 5767 377 5840 szyon
413 5743 457 5816 de
492 5743 594 5820 domo
622 5745 937 5838 Bippenniurn.
977 5745 1017 5820 In
1045 5767 1114 5841 qua
1140 5750 1222 5822 sunt
1248 5751 1412 5846 quatuor·
1426 5745 1518 5828 lanei
1545 5743 1787 5845 cmetlnonales,
