4550 6600
443 743 492 818 30

441 948 652 1024 habentibus
678 969 794 1039 agros,
821 953 858 1020 et
884 948 928 1020 de
955 969 1015 1020 sex
1042 949 1260 1038 hortulaniis,
1278 949 1440 1040 episcopo
1466 948 1705 1038 cracoviensi,
1731 952 1768 1020 et
1792 948 1890 1020 valor
1916 947 1994 1020 eius

442 1071 648 1142 aestimatur
674 1069 719 1140 ad
746 1070 869 1160 viginti
895 1089 1039 1142 marcas.
1066 1070 1154 1145 Item
1180 1070 1298 1142 estin
1324 1070 1445 1141 eadem
1471 1070 1555 1142 villa
1580 1069 1761 1161 praedium
1786 1069 1993 1161 episcopale,

440 1191 572 1264 habens
607 1211 728 1281 agros,
758 1189 817 1261 de·
837 1191 1093 1280 quibusdatur
1119 1191 1252 1262 decima
1277 1191 1444 1262 ecclesiae
1470 1195 1507 1263 et
1532 1191 1680 1283 plebano
1706 1191 1743 1261 in
1769 1190 1993 1262 Bolecho·

440 1333 471 1382 w
484 1311 591 1400 ieze,
619 1316 655 1382 ct
680 1310 779 1383 valor
806 1311 881 1382 eius
908 1311 1112 1390 aestimatur
1130 1311 1175 1382 ad
1192 1317 1266 1382 tres
1284 1331 1438 1400 marcas;
1463 1313 1549 1383 itam
1565 1311 1673 1384 habet
1688 1311 1857 1401 plebanus
1874 1312 1991 1383 taber-

440 1452 522 1504 nam
557 1453 680 1521 unam,
708 1451 795 1522 quae
830 1452 894 1522 pro
930 1453 1044 1510 annuo
1080 1452 1185 1504 censu
1220 1432 1326 1504 soluit
1356 1432 1504 1522 plebano
1530 1432 1616 1506 duas
1642 1452 1796 1522 marcas3
1822 1433 1994 1504 habetet

441 1551 672 1642 hortulanum,
702 1551 761 1642 qui
788 1553 893 1624 etiam
919 1553 952 1624 ei
979 1553 1084 1628 solvit
1109 1574 1216 1624 unum
1241 1552 1411 1624 fertonem
1432 1573 1496 1643 pro
1515 1573 1621 1626 censu
1638 1558 1675 1625 et
1691 1553 1829 1624 laborat
1845 1552 1937 1624 diem
1953 1552 1992 1622 in

441 1672 634 1762 septimana
669 1671 815 1762 singidis
851 1673 960 1744 annis.
999 1673 1088 1744 Item
1123 1672 1300 1763 praelatus
1326 1673 1500 1763 plebanus
1519 1673 1670 1764 percipit
1695 1673 1992 1764 columhationem,

441 1810 528 1881 quae
564 1792 719 1882 quolibet
754 1812 845 1865 auno
881 1793 928 1865 ad
963 1797 1113 1884 quatuor
1148 1813 1284 1864 marcas
1319 1798 1356 1864 et
1391 1813 1462 1864 non
1496 1794 1610 1864 miuus
1643 1813 1681 1864 se
1706 1793 1882 1882 extendit3
1907 1793 1992 1864 item

439 1911 546 1984 habet
581 1913 749 2004 plebanus
785 1914 821 1984 in
857 1913 977 1986 eadem
1003 1914 1088 1985 villa
1113 1933 1235 2004 agros,
1262 1918 1383 2004 prata,
1408 1913 1559 2003 piscinas
1585 1919 1622 1985 et
1646 1914 1839 2004 pomerium
1863 1913 1993 1985 bonnm

439 2052 503 2122 pro
531 2033 613 2106 dote
640 2055 714 2124 sua,
742 2035 839 2106 cuius
866 2034 1006 2106 collatio
1034 2034 1079 2106 ad
1105 2035 1305 2124 episcopum
1331 2033 1594 2107 Oracoriensem
1619 2034 1784 2126 pertinet.

555 2155 743 2245 anszrs,
780 2155 863 2228 villa
898 2155 1042 2246 capituli
1077 2153 1334 2245 Cracoviensis,
1361 2177 1425 2246 pro
1459 2156 1574 2228 media
1607 2161 1707 2246 parte
1733 2157 1798 2228 snb
1825 2157 1991 2247 parochia

440 2275 607 2348 ecclesiae
643 2276 686 2347 do
703 2275 1075 2348 eBolechowicze
1111 2276 1198 2366 sita,
1224 2276 1261 2346 in
1297 2296 1365 2367 qua
1401 2282 1483 2350 sunt
1508 2297 1572 2369 pro
1599 2283 1700 2367 parte
1726 2279 1901 2367 canonici,
1927 2299 1991 2368 pro

439 2403 596 2487 tempore
623 2416 701 2468 eam
728 2397 892 2487 regentia,
919 2401 1069 2488 quatuor
1095 2396 1188 2468 lanei
1213 2396 1458 2487 cmethonales,
1484 2397 1567 2468 item
1593 2398 1741 2469 taberna
1763 2419 1843 2488 una,
1860 2399 1992 2470 habens

440 2537 554 2608 agros
581 2517 666 2590 item
692 2523 765 2590 tres
793 2517 1020 2608 bortulauiae,
1047 2518 1215 2590 habentes
1240 2538 1353 2608 agros,
1371 2519 1457 2589 item
1473 2518 1706 2590 molendinum
1725 2539 1841 2608 unum,
1859 2519 1992 2591 habens

439 2659 551 2728 agros,
578 2638 669 2710 item.
687 2639 868 2729 praedium
895 2621 1063 2731 optimum
1090 2639 1298 2728 canonicale,
1325 2639 1457 2711 habens
1483 2639 1616 2729 amplos
1643 2660 1767 2730 agros,
1794 2639 1838 2712 de
1865 2640 1991 2731 quibus

440 2759 599 2832 omnibus
626 2759 822 2850 canonicus,
849 2781 913 2851 pro
939 2767 1096 2852 tempore
1123 2760 1241 2832 villam
1267 2759 1362 2830 illam
1388 2777 1523 2850 regens,
1550 2759 1637 2830 nulli
1655 2760 1716 2831 dat
1733 2759 1910 2848 decimam,
1928 2761 1991 2831 sed

439 2901 516 2952 eam
551 2901 615 2972 pro
653 2901 690 2954 se
725 2881 828 2953 tollit.
868 2881 957 2952 Item
987 2883 1024 2952 in
1051 2879 1164 2951 altera
1189 2885 1291 2970 parte
1317 2878 1421 2949 villae
1447 2877 1624 2968 praelatae
1650 2886 1732 2952 suut
1758 2880 1826 2952 dno
1853 2881 1992 2971 milites,

438 3000 635 3091 Stephanus
663 3001 824 3073 videlicet
850 3000 1093 3090 Pogorsky
1120 2998 1164 3069 de
1190 2999 1291 3070 domo
1318 2997 1509 3088 Lelywa,
1534 2999 1668 3072 habens
1685 3002 1817 3072 curiam
1834 3007 1871 3074 et
1888 3022 1993 3092 agros

440 3121 654 3210 praediales,
689 3121 772 3190 item
814 3124 964 3208 quatuor
998 3117 1240 3207 hortulanias,
1262 3137 1367 3188 uuam
1392 3118 1592 3210 tabernam,
1618 3142 1725 3192 uuum
1750 3121 1994 3211 molendinum,

440 3239 610 3312 babentes
645 3259 768 3331 agros;
804 3243 841 3311 et
874 3238 1015 3311 Marcus
1051 3231 1369 3331 Mnynoczsky
1404 3239 1448 3311 de
1475 3239 1577 3313 domo
1604 3241 1811 3332 Nomina,
1837 3243 1898 3334 qui
1924 3265 1994 3315 non

440 3360 547 3431 habet
573 3361 623 3433 ibi
650 3360 799 3449 curiam,
827 3380 938 3450 neque
964 3359 1164 3450 praedium,
1191 3360 1253 3431 sed
1279 3382 1385 3431 unum
1411 3362 1649 3435 tantummodo
1675 3363 1814 3435 laneum
1840 3366 1995 3437 cmetho-

439 3480 572 3568 nalem;
599 3479 642 3551 de
670 3480 829 3551 omnibus
857 3486 973 3551 autem
1000 3480 1094 3569 agris
1121 3480 1329 3570 praedictio,
1356 3481 1400 3552 ad
1426 3482 1561 3553 nobiles
1587 3482 1762 3573 praefatos
1788 3486 1994 3575 pertinenti-

439 3601 514 3691 bus,
541 3600 688 3672 solvitur
714 3607 751 3671 et
778 3600 982 3672 conducitur
1009 3582 1143 3673 decima
1168 3601 1394 3691 manipularis
1421 3608 1458 3673 et
1484 3604 1659 3693 canapalis
1694 3626 1759 3694 pro
1786 3606 1933 3678 ecclesia
1957 3612 1996 3677 et

440 3720 587 3812 plebano
615 3721 650 3792 in
677 3721 1040 3813 Bolechowicze‚
1067 3726 1103 3793 et
1130 3722 1228 3793 valor
1254 3724 1329 3793 eius
1356 3723 1559 3794 aestimatur
1585 3724 1630 3796 ad
1648 3729 1780 3813 septem
1797 3746 1942 3798 marcas.

542 3842 832 3932 Bannuowrczn,
858 3842 941 3914 villa
967 3843 1030 3915 sub
1049 3843 1215 3933 parochia
1232 3843 1275 3915 de
1293 3843 1643 3915 Bolechowicze
1671 3845 1748 3934 sita
1767 3845 1803 3915 in
1822 3854 1993 3937 quaeunt

439 3984 548 4053 prope
582 3962 729 4051 triginta
764 3962 856 4033 lanei
887 3964 1140 4053 emethonales,
1167 3962 1211 4034 de
1238 3965 1364 4054 quibus
1391 3963 1539 4035 solvitur
1565 3970 1602 4036 et
1628 3964 1834 4039 conducitur
1860 3967 1997 4039 decima

440 4082 666 4173 manipularis
702 4086 738 4153 et
773 4083 950 4171 canapalis
977 4084 1145 4154 ecclesiae
1171 4083 1208 4152 in
1235 4083 1608 4175 Bolecbowicze,
1635 4086 1733 4157 cuius
1760 4087 1859 4161 valor
1887 4089 1996 4160 aesti-

439 4208 555 4275 matur
581 4202 626 4273 ad
653 4202 812 4292 sedecim,
839 4206 901 4273 aut
926 4203 1044 4275 decem
1072 4209 1150 4274 octo
1177 4222 1323 4273 marcas.

543 4322 686 4413 Urazn,
710 4322 794 4395 villa
821 4321 884 4393 sub
911 4322 1077 4412 parochia
1104 4321 1270 4393 ecclesiae
1295 4319 1339 4391 de
1365 4321 1719 4397 Bolecbowicze
1745 4328 1832 4417 sita,
1861 4329 1897 4399 in
1926 4350 1996 4419 qna

440 4449 522 4517 sunt
547 4443 638 4516 lanei
665 4439 909 4531 cmethonales,
936 4440 978 4511 de
1007 4441 1132 4532 quibus
1159 4440 1307 4512 solvitur
1333 4446 1370 4512 et
1397 4440 1601 4515 conducitur
1619 4445 1753 4517 decima
1770 4448 1997 4539 manipularis

441 4570 477 4639 et
503 4563 678 4657 canapalis
704 4584 767 4655 pro
795 4561 942 4633 ecclesia
968 4562 1004 4633 in
1030 4560 1394 4650 Bolechowicze,
1422 4562 1520 4633 cuius
1547 4564 1645 4636 valor
1668 4566 1774 4638 trium
1792 4589 1998 4641 marcarum.

1038 4680 1405 4752 Psczouunowrczn.

546 4806 657 4895 Villa,
692 4802 826 4875 habens
861 4801 898 4873 in
933 4820 971 4871 se
1005 4798 1240 4891 parochialem
1274 4800 1454 4870 ecclesiam
1489 4800 1595 4874 Sauct
1625 4858 1632 4873 .
1660 4859 1667 4875 .
1695 4860 1702 4875 .
1730 4861 1737 4876 .
1764 4808 1935 4901 dicatam,
1963 4813 2000 4883 in

442 4950 512 5021 qua
547 4932 628 5000 sunt
663 4923 754 4996 lanei
790 4919 1041 5009 cmethonales,
1069 4918 1112 4989 de
1140 4918 1265 5007 quibus
1301 4917 1449 4988 solvitur
1475 4919 1608 4993 decima
1633 4928 1823 5013 pecunialis
1851 4932 2000 5023 singulis

441 5050 541 5125 annis
577 5050 726 5138 quatuor
760 5060 897 5115 marcae
934 5039 1100 5111 ecclesiae
1136 5042 1173 5107 et
1208 5037 1356 5126 plebano
1393 5038 1430 5107 iu
1465 5038 1826 5121 Bolechowicze.

556 5168 670 5241 Villae
710 5161 943 5257 parochiales:
979 5156 1350 5244 Bolecbowicze,
1385 5156 1609 5249 Brzezye,
1644 5163 2001 5264 Bandkowicze‚

444 5286 857 5374 Wianczkowicze,
884 5278 1050 5371 Uyazd,
1076 5274 1341 5365 Kobylany,
1366 5274 1709 5373 Karniowicze,
1734 5285 1875 5381 Lazy,
1902 5292 2001 5366 Zol-

334 5432 339 5443 ·
445 5414 550 5501 kow,
576 5408 714 5481 Wola

1071 5513 1379 5584 Wusszoczuczn.

550 5648 663 5741 Villa,
698 5645 829 5721 habens
865 5638 1045 5717 ecclesiam
1080 5630 1316 5727 parochialem
1350 5632 1387 5702 in
1422 5653 1478 5722 se,
1509 5633 1635 5709 Sancto
1665 5638 1808 5719 Nicolao
1844 5648 2004 5730 dicatam
