4550 6600
1733 710 1807 781 259

251 908 342 999 gulis
363 908 476 983 ,annis
513 914 662 998 quatuor
697 929 829 981 marcas
857 908 1022 983 ccclesiae
1049 917 1085 983 et
1121 911 1268 1002 plebano
1296 912 1604 1005 instruerem,
1641 892 1805 1007 tanquam

236 1030 358 1101 matri
385 1050 466 1101 snae
493 1051 535 1100 ac
559 1029 740 1119 genitrici,
767 1031 901 1103 solvere
928 1036 964 1103 et
991 1032 1084 1103 dare.

356 1150 569 1239 Znuuown;
596 1150 679 1223 villa
705 1151 769 1221 suh
787 1152 952 1241 parochia
979 1152 1022 1225 de
1049 1168 1066 1223 .·
1077 1207 1190 1224 .....
1219 1155 1288 1227 sita
1297 1209 1446 1226 ......
1468 1157 1574 1227 ¹Item
1602 1158 1806 1232 emethones
1895 1200 1902 1215 ι

251 1272 451 1364 praedictae
478 1271 581 1343 villae
595 1270 680 1349 dant
706 1272 875 1344 mensales
902 1275 938 1344 iu
955 1272 1187 1347 Strzezow
1215 1275 1362 1364 quilibet
1387 1297 1450 1367 per
1475 1298 1634 1367 grossum
1661 1334 1776 1351 .....

357 1392 531 1465 eruow
567 1392 650 1464 villa
686 1394 749 1465 sub
786 1396 950 1483 parochia
985 1396 1152 1469 ecclesiae
1187 1396 1230 1466 de
1257 1450 1398 1468 ......
1424 1399 1510 1489 sita,
1547 1399 1644 1472 cuins
1679 1401 1804 1473 haeres

251 1514 445 1587 Stanislaus
472 1514 768 1607 Prooheusky
795 1514 837 1586 de
865 1515 966 1588 domo
993 1514 1258 1590 Griffonnm
1260 1572 1374 1589 .....

507 1694 510 1701 .
947 1638 1109 1711 Lunczn.

356 1756 451 1829 Villa
487 1756 618 1828 habens
653 1758 690 1827 in
718 1777 755 1829 se
786 1753 1033 1848 parochialem
1055 1759 1235 1832 ecclesiam
1271 1761 1458 1833 Natiuitati
1485 1760 1517 1833 S.
1548 1762 1682 1835 Mariae
1710 1763 1803 1837 dica-

252 1886 333 1968 tam,
353 1878 451 1949 cuins
477 1878 600 1949 haeres
626 1878 778 1951 Jacobus
806 1877 1199 1973 Ozepyelyowslry
1226 1860 1269 1953 de
1295 1881 1396 1954 domo
1424 1881 1722 1956 titilianum.
1742 1940 1749 1955 .
1769 1941 1803 1956 ..
1842 1900 1849 1908 ’

291 1986 293 1991 ’
353 1999 566 2089 Zauoamn,
602 1999 685 2071 villa
721 2000 785 2073 sub
821 2000 986 2091 parochia
1022 2000 1064 2072 de
1099 2000 1339 2093 Lyuthcza
1375 2003 1458 2093 sita,
1502 2004 1600 2077 cuius
1635 2006 1803 2078 haeredes

252 2121 427 2211 Nicolans,
454 2120 642 2210 Martinus,
669 2120 795 2193 Petrus
823 2120 866 2193 de
893 2122 998 2193 armis
1026 2120 1297 2195 Grilionum.
1323 2124 1364 2194 lu
1392 2131 1569 2215 quaeunt
1594 2180 1708 2199 .....

209 2306 212 2312 a
354 2238 548 2331 duosam,
584 2240 668 2313 villa
702 2241 765 2314 sub
801 2242 965 2347 parochia
1000 2240 1234 2338 ecclcsiae'de
1260 2244 1291 2314 L
1299 2245 1496 2335 yuthcza
1522 2300 1635 2317 .....

846 2436 851 2445 ,
885 2363 1147 2466 ΙΤιιοΖΥΑΝιςᾼ.

352 2483 447 2555 Villa
473 2483 706 2573 parochialem
742 2484 922 2557 ecclesiam
957 2485 1088 2557 habens
1124 2486 1162 2557 in
1189 2508 1226 2561 se
1252 2487 1420 2578 ligneam,
1452 2489 1579 2561 Sancto
1606 2489 1799 2565 Laurentio

206 2630 212 2637 ·
250 2606 402 2699 Martyri
420 2604 577 2695 dicatam,
605 2604 701 2677 cuius
719 2604 842 2677 haeres
859 2604 1037 2679 lohannes
1057 2606 1323 2699 Trczensky
1341 2610 1467 2681 nobilis
1486 2610 1529 2681 de
1548 2609 1648 2683 domo
1673 2612 1803 2685 Poln-
1872 2633 1875 2637 ·

248 2729 370 2799 hoza.
416 2726 512 2797 Haec
538 2729 654 2797 autem
682 2725 764 2797 villa
791 2733 827 2798 et
853 2727 1019 2818 parochia
1053 2728 1090 2799 in
1117 2729 1281 2801 extremis
1317 2729 1443 2802 finibus
1479 2731 1648 2803 dioecesis
1675 2731 1800 2807 Gracc-

249 2849 389 2937 viensiS‚
416 2852 452 2919 et
470 2846 622 2919 omnium
648 2846 872 2919 ecclesiarum
898 2848 1148 2939 parochialium
1176 2850 1307 2941 ultima,
1333 2872 1442 2943 prope
1468 2852 1716 2925 Rzeschow
1743 2862 1798 2927 est

250 2970 317 3041 sita
343 2968 583 3041 Gracovieusis
618 2975 655 3039 et
681 2966 964 3061 Przemysliensis
1001 2970 1168 3043 dioecesis
1203 2976 1325 3045 teneus
1358 2973 1513 3043 confinia.
1552 2973 1594 3043 In
1621 2962 1691 3065 qna
1717 2981 1799 3048 sunt
1864 3042 1870 3049 .

249 3090 338 3163 lanei
352 3088 596 3181 cmethonales,
612 3088 695 3159 item
709 3090 856 3161 taberna
874 3091 1005 3165 habens
1024 3111 1136 3183 agros,
1149 3092 1236 3165 item
1248 3092 1467 3165 hortulaniae
1481 3093 1802 3188 habentes-agros...

932 3212 1118 3285 Lrnaszn.
1701 3225 1705 3230 '

351 3333 448 3406 Villa
474 3332 605 3405 hahens
631 3333 866 3424 parochialem
891 3335 928 3406 in
946 3355 984 3406 se
1010 3335 1191 3410 eeclesiam
1217 3336 1376 3428 ligneam,
1403 3335 1510 3410 Senot
1527 3391 1535 3407 .
1554 3391 1562 3407 .
1581 3391 1615 3408 ..
1643 3338 1800 3413 dicatam.

251 3456 290 3529 In
318 3477 389 3548 qua
416 3460 498 3526 sunt
526 3507 640 3526 .....
668 3453 773 3526 Cuius
800 3455 923 3550 haeres
951 3509 1091 3526 ......

929 3576 1125 3650 Znscuow.

128 3792 131 3804 Ι
351 3698 446 3770 Villa
481 3696 712 3788 parochialem
748 3696 927 3768 ecclesiam
962 3697 1111 3788 ligneam
1147 3699 1278 3770 habens
1314 3700 1429 3790 inse,
1465 3701 1594 3774 Sancto
1632 3702 1802 3776 Clementi

250 3820 401 3911 Martyri
428 3819 597 3908 dicatam,
624 3818 721 3890 cuins
739 3818 864 3890 haeres
881 3819 1016 3891 ratione
1035 3820 1153 3891 uxoris
1172 3819 1364 3892 Stanislans
1391 3819 1732 3913 Thanczynsky
1758 3825 1802 3895 de

251 3943 354 4013 armis
374 3939 656 4036 Bippenium.
696 3939 736 4010 In
756 3959 824 4030 qua
850 3943 931 4010 sunt
949 3945 1097 4030 quatuor
1125 3961 1203 4012 curn
1220 3938 1333 4012 medio
1360 3941 1453 4012 lanei
1480 3942 1729 4032 emethonales,
1756 3943 1800 4015 do

252 4063 375 4152 quibua
405 4061 557 4133 solvitur
592 4065 628 4132 et
652 4059 858 4156 conducitur
893 4060 1026 4132 decima
1052 4061 1276 4151 manipularis
1312 4066 1350 4132 et
1376 4062 1552 4153 canapalis
1578 4083 1642 4152 pro
1670 4062 1801 4135 decano

184 4249 189 4257 .
252 4181 488 4272 Gracoviensi,
521 4186 557 4253 et
583 4181 680 4252 valor
716 4181 790 4252 eius
817 4182 1021 4289 aestimatur
1056 4182 1101 4254 ad
1129 4187 1278 4272 quatuor
1311 4203 1456 4256 marcas.
1499 4182 1588 4254 Item
1615 4183 1651 4254 in
1679 4184 1800 4255 eadem

136 4315 141 4334 ¹
252 4304 332 4376 uilla
362 4309 445 4376 sunt
480 4303 630 4394 quinque
667 4302 759 4374 lanei
785 4307 925 4393 praeter
951 4304 1104 4394 priores,
1131 4303 1175 4374 de
1202 4304 1327 4394 quibus
1354 4303 1488 4376 decima
1513 4305 1705 4394 pecunialis
1732 4305 1800 4377 sol-

252 4425 343 4496 uitur
370 4445 434 4516 pro
461 4425 590 4499 decano
618 4422 852 4516 Oracoviensi,
879 4443 942 4515 per
969 4445 1075 4496 unum
1101 4423 1286 4512 fertonem
1320 4425 1404 4498 item
1430 4430 1485 4498 est
1511 4425 1561 4496 ibi
1586 4425 1801 4515 praebenda·

155 4551 158 4560 ’
252 4547 323 4618 rins
349 4546 479 4619 babens
505 4567 611 4618 unum
637 4545 792 4635 laneum,
820 4565 920 4636 quem
948 4545 1042 4618 solus
1069 4545 1170 4635 colit,
1197 4544 1241 4617 de
1267 4552 1336 4636 quo
1363 4546 1469 4618 etiarn
1487 4549 1627 4618 tenetur
1647 4545 1800 4618 reddere

253 4666 417 4740 decinam
452 4666 602 4755 decano;
636 4667 720 4740 item
756 4670 810 4738 est
843 4667 893 4740 ibi
919 4666 1099 4756 praedium
1125 4686 1249 4756 unum,
1277 4666 1369 4757 quod
1395 4666 1544 4739 decimat
1570 4666 1735 4740 ecclesiae
1762 4667 1799 4738 in
1890 4708 1893 4717 .

253 4786 474 4860 Zaschou.

353 4908 619 5000 Wrnurouun‚
646 4909 728 4980 villa
755 4909 817 4981 suh
837 4907 1002 4998 parochia
1029 4907 1071 4980 de
1092 4908 1315 4980 ‘Zasohow
1342 4907 1418 4996 sita,
1445 4905 1542 4977 cuius
1568 4905 1693 4979 haeres
1720 4906 1798 4980 Sta-

254 5029 380 5102 nialans
409 5028 743 5122 Thanczynsky
770 5031 906 5102 ratione
924 5029 1051 5100 uxoris.
1091 5028 1132 5099 In
1152 5047 1221 5118 qna
1238 5032 1320 5099 sunt
1342 5025 1574 5118 qnadraginta
1590 5027 1682 5098 lanei
1709 5047 1798 5100 ome·
1821 5011 1825 5026 ’

150 5159 156 5175 ’
253 5149 422 5238 thonales‚
449 5149 492 5222 de
519 5150 643 5239 quihus
671 5151 802 5222 decima
828 5147 1009 5222 fertonalis
1036 5147 1184 5222 solvitur
1209 5167 1273 5239 pro
1292 5146 1422 5220 decano
1449 5146 1689 5236 Oraooviensi3
1715 5147 1798 5219 item

254 5267 374 5341 haeres
401 5269 560 5359 deposuit
585 5276 658 5342 tres
685 5270 802 5342 laneos
830 5269 1082 5360 emethonales,
1118 5275 1156 5340 et
1181 5269 1352 5342 convertit
1377 5288 1437 5340 eos
1463 5268 1501 5340 in
1525 5267 1735 5358 praediales‚
1762 5272 1798 5339 et

256 5388 396 5460 abstulit
421 5389 586 5461 decimam
613 5410 635 5462 a
661 5388 799 5481 decano,
826 5394 862 5462 et
888 5389 1035 5462 decimat
1061 5389 1103 5462 de
1130 5389 1182 5462 eis
1209 5389 1373 5462 ecclesiae
1398 5389 1435 5460 in
1460 5388 1655 5462 Zassow.

355 5509 467 5604 Rozn,
495 5507 578 5584 villa
596 5511 659 5584 suh
678 5512 843 5604 parochia
861 5511 1026 5586 ecclesiae
1053 5511 1096 5583 de
1114 5509 1299 5586 Zassou
1326 5509 1412 5601 sita,
1438 5509 1474 5582 in
1492 5529 1562 5605 qua
1580 5512 1664 5587 sunt
1680 5508 1797 5608 plnres
