4550 6600
528 736 602 814 154

524 944 850 1039 Pobyednylry,
876 948 913 1017 et
938 943 1038 1015 valor
1064 944 1270 1016 assumatur
1295 943 1449 1015 decimae
1475 941 1521 1013 ad
1546 940 1699 1013 sedecim
1723 959 1868 1012 marcas.
1894 940 1984 1012 Item
2000 941 2068 1031 plc-

523 1068 635 1139 bauus
668 1066 777 1137 habet
809 1066 860 1137 ibi
885 1063 1061 1156 'speciales
1097 1074 1202 1155 agros
1236 1070 1273 1136 et
1297 1071 1419 1155 prata,
1444 1081 1510 1154 pro
1536 1083 1600 1135 suo
1626 1062 1770 1153 praedio
1796 1067 1834 1133 et
1858 1063 2067 1133 necessitate

522 1184 611 1260 ltem
638 1192 693 1259 est
718 1187 768 1258 ibi
793 1204 884 1257 unus
909 1186 1030 1257 laneus
1057 1186 1203 1277 scolteti,
1230 1186 1291 1277 qui
1316 1186 1516 1275 areudatns,
1542 1184 1648 1255 solvit
1672 1204 1738 1274 pro
1764 1182 1910 1255 scolteto
1928 1188 2069 1273 quatuor

522 1322 668 1398 marcas,
695 1312 732 1379 et
755 1326 820 1397 pro
847 1306 995 1397 plebano
1020 1307 1179 1396 quintam
1204 1326 1366 1377 marcam.
1392 1307 1479 1377 ltam
1504 1306 1674 1395 plebanus
1700 1305 1880 1376 consuevit
1906 1304 2067 1375 arendarc

521 1443 652 1521 pascua
677 1449 741 1519 pro
768 1428 889 1517 bobus,
916 1433 952 1498 ct
978 1448 1000 1497 a
1026 1428 1182 1517 quolibet
1204 1427 1295 1498 bore
1320 1428 1447 1517 accipit
1471 1446 1534 1497 sex
1559 1424 1723 1496 denarios
1747 1446 1812 1515 pro
1835 1430 1990 1515 pastura

627 1548 763 1620 Parva
789 1547 1035 1633 Posrnomrrr,
1062 1548 1148 1618 rilla
1172 1548 1238 1618 sub
1263 1548 1430 1637 parocbia
1455 1547 1500 1617 de
1525 1546 1839 1636 Pobyednylry
1864 1545 1954 1633 sita,
1979 1545 2068 1615 cuins

366 1752 370 1759 ,
522 1671 719 1761 proprietas
746 1668 791 1739 ad
817 1666 984 1739 moniales
1010 1668 1302 1760 Zwyerzpneuscs
1318 1668 1480 1758 pertinet
1505 1668 1547 1737 Iu
1565 1688 1635 1757 qua
1651 1672 1734 1738 sunt
1750 1672 1828 1737 octo
1845 1664 2068 1754 bortulauiae,

523 1798 560 1864 et
586 1790 762 1881 quaelibet
797 1789 902 1859 solvit
936 1789 1103 1859 decimam
1139 1789 1390 1878 manipularem
1425 1808 1490 1878 pro
1515 1789 1665 1878 plebano
1691 1788 1727 1858 in
1753 1786 2068 1877 Pobyednylry.

522 1912 613 1983 Item
639 1912 747 1983 habet
772 1910 822 1982 ibi
848 1908 1016 2000 plebanus
1042 1930 1147 1980 uuam
1174 1909 1408 1981 hortulaniam
1433 1930 1499 2000 pro
1526 1930 1591 1980 sua
1615 1910 1841 1999 proprietate,
1858 1908 1904 1979 de
1922 1928 1993 1998 qua
2008 1907 2069 1978 sol·

523 2033 620 2105 vitur
647 2030 714 2103 sibi
740 2052 830 2102 unus
857 2029 947 2101 ferto
973 2050 1038 2121 pro
1065 2051 1181 2121 censu,
1207 2036 1244 2101 et
1267 2052 1358 2101 unas
1385 2031 1523 2101 diesin
1550 2031 1744 2121 septimana
1767 2029 1961 2101 laboratur.

499 2226 502 2233 ,
625 2152 902 2242 Wnozunrczu,
929 2152 1013 2223 villa
1048 2152 1113 2223 sub
1148 2152 1315 2241 parocbia
1347 2151 1391 2222 de
1416 2150 1732 2241 Pobyeduylry
1757 2151 1845 2240 sita,
1872 2151 1972 2221 cuius
1997 2169 2068 2239 pro-

523 2274 656 2365 prietas
683 2272 727 2344 ad
753 2273 1002 2344 monasterium
1029 2272 1247 2362 blogilneuse
1274 2273 1436 2364 pertinet
1462 2272 1504 2342 Iu
1523 2292 1592 2363 qua
1608 2278 1691 2344 sunt
1707 2277 1858 2362 quatuor
1874 2271 1971 2341 lanei
1988 2290 2069 2341 eme

522 2380 681 2466 thonalca
716 2393 825 2484 largi,
850 2394 936 2464 item
971 2414 1042 2463 una
1077 2394 1225 2463 taberna
1259 2393 1392 2464 habens
1419 2414 1541 2483 agros,
1565 2395 1652 2464 item
1679 2398 1830 2484 quatuor
1854 2392 2068 2464 hortulaoiae

522 2516 690 2587 habentes
717 2532 830 2604 agros,
857 2519 893 2585 et
911 2513 954 2584 de
973 2514 1130 2585 omnibus
1149 2514 1342 2584 decimatur
1358 2514 1535 2604 manipulo
1553 2514 1718 2585 ecclesiae
1734 2514 1771 2584 in
1789 2491 2068 2605 Pob‘yednylry,

523 2642 560 2707 et
595 2635 692 2707 valor
727 2634 879 2705 decimae
916 2635 1119 2705 aestimatur
1154 2634 1199 2705 ad
1225 2634 1406 2705 duodecim
1432 2656 1577 2706 marcas.
1613 2636 1702 2706 ltem
1728 2639 1784 2706 est
1813 2634 1863 2705 ibi
1894 2634 2069 2724 praedium

523 2755 730 2846 coenobiale,
758 2754 801 2827 de
828 2756 926 2826 cuius
952 2755 1046 2845 agris
1074 2757 1321 2827 monasterium
1346 2776 1411 2845 pro
1438 2777 1476 2827 se
1502 2757 1596 2845 capit
1622 2756 1799 2827 decimam.

627 2876 880 2966 Mscznrczm,
907 2876 991 2947 villa
1016 2876 1081 2947 sub
1107 2876 1275 2967 parochia
1292 2876 1336 2947 de
1362 2876 1680 2968 Pobycdnylry
1706 2879 1784 2966 sita,
1801 2877 1902 2949 cuius
1919 2875 2066 2966 proprie-

521 3004 577 3070 tas
603 2999 647 3069 ad
674 2998 922 3069 monasterium
948 2996 1217 3088 Myechovieuse
1243 2998 1404 3087 pertinet
1430 2998 1472 3068 In
1498 3018 1567 3087 qua
1591 3004 1674 3071 sunt
1700 2998 1792 3069 lanei
1808 2998 2012 3082 indistincti,
2028 2996 2066 3065 de

523 3120 648 3209 quibus
675 3118 834 3190 omnibus
861 3117 1008 3189 solvitur
1034 3122 1070 3188 et
1096 3117 1301 3189 conducitur
1327 3118 1461 3190 decima
1476 3119 1703 3209 manipularis
1720 3125 1757 3189 et
1773 3119 1953 3212 canapalia
1969 3115 2066 3188 eccle·

522 3240 595 3311 siae
620 3240 657 3310 lu
684 3238 1007 3331 Pobyednylry,
1034 3240 1132 3312 cuins
1158 3239 1257 3312 valor
1283 3241 1488 3312 aestimatur
1514 3240 1559 3310 ad
1586 3246 1736 3331 quatuor
1761 3258 1907 3312 marcas.

630 3361 916 3450 Bornuuzrrars,
943 3360 1026 3432 villa
1051 3362 1117 3432 sub
1143 3361 1311 3451 parochia
1337 3362 1380 3432 de
1397 3361 1637 3454 lgolomya
1662 3363 1740 3453 sita,
1759 3363 1857 3434 cuius
1873 3362 2064 3452 proprietas

523 3479 568 3552 ad
593 3479 787 3553 iohannem
815 3481 1077 3552 Bothnrzin
1090 3483 1174 3574 sky
1199 3483 1479 3554 archidiaconum
1505 3483 1759 3554 Sandecensem
1784 3490 1822 3554 ct
1846 3482 1978 3554 fratres
1993 3499 2064 3554 suos

523 3601 567 3673 de
602 3602 704 3674 domo
740 3603 992 3695 Vschewya
1026 3605 1188 3694 pertinet
1227 3604 1269 3674 In
1307 3625 1377 3694 qua
1411 3609 1466 3675 est
1501 3603 1681 3694 praedium
1707 3605 1877 3695 militare,
1907 3604 1952 3675 de
1977 3603 2063 3673 cuius

522 3721 658 3795 duobus
692 3723 801 3794 laneis
829 3725 977 3796 solvitur
1003 3725 1136 3795 decima
1162 3725 1387 3814 manipularis
1413 3731 1451 3796 et
1477 3726 1652 3815 canapalis
1678 3746 1743 3816 pro
1769 3725 1917 3796 ecclesia
1941 3730 1977 3795 et
2000 3722 2064 3813 plo

521 3843 613 3917 bano
639 3845 675 3916 in
705 3837 1031 3940 Pobyednyky,
1059 3851 1095 3918 et
1120 3846 1220 3918 valor
1246 3847 1321 3917 eius
1347 3847 1553 3918 aestimatur
1578 3847 1624 3918 ad
1650 3847 1737 3919 duas
1761 3865 1908 3919 marcas.

1143 3967 1457 4040 Puoscnowrcan.

624 4085 799 4178 Oppidum
833 4088 966 4159 habens
1002 4088 1038 4158 in
1073 4105 1111 4158 se
1145 4088 1380 4178 parochialem
1414 4089 1595 4160 ecclesiam
1630 4089 1740 4160 latere
1766 4095 1864 4161 cocto
1890 4092 2063 4174 muratam,

520 4207 667 4282 Sanctae
702 4207 837 4280 Mariae
873 4207 1113 4298 Assumptioni
1147 4215 1185 4280 et
1218 4209 1346 4281 Sancto
1378 4207 1533 4282 dohanni
1567 4210 1749 4300 Baptistae
1780 4210 1951 4301 dicatam,
1977 4209 2064 4280 cuius

519 4331 717 4422 proprietas
744 4330 788 4401 ad
824 4330 1080 4402 serenissimum
1107 4329 1271 4402 Poloniac
1296 4351 1415 4421 regem
1440 4332 1602 4421 pertinet
1636 4331 1678 4402 Iu
1704 4353 1772 4422 qno
1799 4337 1882 4404 suut
1909 4337 2063 4422 quatuor·

520 4452 630 4523 decim
655 4450 748 4523 lanei
775 4451 1033 4542 oppidanorum,
1060 4451 1146 4522 item
1171 4472 1278 4522 unum
1303 4451 1484 4543 praedium
1509 4453 1662 4543 regium,
1689 4453 1734 4524 de
1760 4453 1885 4543 quibus
1913 4452 2062 4524 omnibus

520 4573 667 4644 solvitur
702 4579 739 4644 et
766 4573 970 4644 conducitur
996 4571 1128 4644 decima
1154 4574 1381 4663 manipularis
1408 4580 1445 4645 et
1471 4574 1646 4664 canapalis
1673 4594 1738 4664 pro
1764 4574 1911 4644 ecclesia
1936 4573 2063 4645 eteius

520 4693 667 4784 plebano
699 4695 735 4764 in
763 4693 937 4765 Prosch
951 4715 1012 4766 ow
1020 4713 1147 4785 pcze,
1173 4701 1210 4765 et
1236 4693 1335 4766 valor
1361 4697 1435 4766 eius
1463 4696 1667 4766 aestimatur
1694 4695 1740 4766 ad
1765 4695 1914 4766 sedecim
1936 4703 2076 4766 marcas

520 4819 557 4884 et
581 4813 669 4905 plus.
695 4814 783 4886 Item
810 4815 978 4905 plebanos
1006 4821 1042 4886 et
1068 4815 1214 4887 ecclesia
1240 4815 1348 4886 habet
1373 4815 1424 4887 ibi
1449 4837 1511 4887 sex
1538 4815 1658 4887 domos
1676 4817 1712 4888 iu
1731 4815 1869 4906 oppido,
1886 4815 1931 4887 de
1948 4815 2063 4906 quibus

520 4935 588 5006 sibi
622 4956 686 5026 pro
723 4955 828 5006 censu
864 4935 1012 5007 solvitur
1047 4937 1090 5007 de
1126 4937 1281 5026 quolibet
1307 4957 1371 5026 per
1396 4957 1521 5007 novem
1548 4942 1678 5008 scottos
1704 4937 1750 5007 ad
1776 4938 1945 5028 quartale.
1982 4936 2061 5005 Item

518 5053 626 5127 habet
659 5055 709 5128 ibi
744 5056 913 5146 plebanus
949 5076 1055 5128 unum
1090 5063 1229 5147 pratum
1264 5057 1445 5147 proprium
1472 5063 1508 5128 et
1532 5058 1700 5147 liberum;
1725 5079 1796 5128 non
1822 5058 1930 5129 babet
1954 5063 2061 5127 nmen

519 5195 639 5267 agree,
668 5175 729 5248 sed
764 5177 902 5250 hortum
938 5199 1014 5249 cnm
1051 5177 1196 5249 allodio:
1231 5180 1316 5249 item
1348 5178 1516 5268 plebanus
1542 5179 1650 5250 habet
1677 5179 1965 5252 columbationem
1989 5177 2062 5268 post

518 5312 580 5367 sex
604 5297 715 5388 villas,
743 5300 880 5369 eteius
906 5299 1028 5370 vicarii
1054 5303 1136 5388 post
1164 5304 1322 5389 quatuor.

623 5415 889 5510 Sozrrrrnrnr,
917 5420 1000 5492 villa
1034 5419 1099 5490 sub
1134 5421 1300 5510 parocbia
1334 5419 1500 5492 ecclesiae
1531 5419 1575 5492 dc
1601 5417 1967 5511 Proscbowycze
1992 5417 2058 5504 sita

520 5533 616 5606 cuins
651 5537 819 5611 haeredes
854 5539 1129 5631 Pyelgrzym
1170 5541 1214 5612 de
1253 5542 1359 5612 armis
1394 5541 1549 5613 Nabra
1584 5542 1671 5612 alias
1707 5539 1934 5632 Waldorf,
1967 5540 2059 5612 Jaoo

521 5652 587 5736 bus
621 5653 739 5731 Kula
773 5661 817 5734 de
851 5660 1283 5756 Woiczechouycze
1318 5668 1354 5734 et
1389 5661 1566 5740 lohannes
1601 5655 1856 5756 Nycmstlra
1889 5663 1933 5734 de
1966 5661 2057 5733 domo
