4550 6600
1635 784 1801 927 *lana
1908 732 1918 747 ⁴

354 986 607 1079 annrcnom
644 986 728 1061 villu
763 989 827 1061 sub
862 989 1029 1081 parochia
1063 987 1229 1062 ecclesiae
1266 989 1307 1062 de
1336 989 1563 1081 Wyssoka
1589 990 1677 1082 sita,
1704 992 1803 1066 cuius

246 1110 419 1183 haeredes
445 1110 598 1182 lacobus
624 1111 1000 1203 Zdzyechowsky
1027 1117 1065 1183 et
1091 1166 1098 1181 .
1126 1166 1133 1181 .
1162 1166 1169 1181 .
1196 1110 1482 1183 Macrinam
1511 1132 1578 1203 qua
1605 1117 1686 1185 sunl
1710 1112 1804 1186 lanei

246 1232 500 1321 omecuonales,
527 1231 571 1303 de
606 1232 731 1322 quibus
767 1233 913 1303 solvitur
949 1234 1081 1304 decima
1115 1232 1343 1322 manipularis
1378 1233 1589 1304 monasterio
1616 1234 1652 1304 in
1678 1233 1803 1305 Wan-

246 1354 489 1443 choczsko‚
516 1358 553 1423 et
578 1354 676 1424 valor
702 1354 778 1425 eius
805 1355 1009 1425 aestimatur
1035 1355 1080 1425 ad
1099 1408 1240 1425 ......
1267 1355 1354 1425 item
1382 1360 1464 1425 sunt
1490 1355 1539 1426 ibi
1566 1355 1634 1427 duo
1660 1354 1804 1446 praedia

243 1474 422 1565 militaria,
450 1474 493 1545 do
520 1476 647 1565 quibus
674 1476 868 1547 decimatur
893 1476 1059 1547 ecclesiae
1086 1477 1122 1546 in
1150 1476 1376 1547 Wiasolra.

353 1595 587 1686 Summuranum,
614 1596 697 1667 villa
723 1598 788 1667 sub
814 1598 979 1685 parochia
1005 1598 1169 1668 ccclesiae
1197 1598 1239 1668 de
1259 1596 1485 1686 Wyssoka
1511 1596 1587 1686 sita,
1607 1596 1703 1667 cuius
1721 1596 1804 1667 hae-

245 1736 307 1787 res
333 1717 498 1788 Nicolaus
524 1718 792 1809 Bukowsky,
820 1718 863 1789 de
891 1720 997 1789 armis
1016 1774 1023 1787 .
1043 1772 1050 1787 ,
1069 1772 1076 1787 ,
1095 1720 1135 1789 ln
1163 1740 1232 1809 qua
1259 1724 1340 1789 aunt
1366 1718 1459 1789 lanei
1487 1717 1730 1807 cmethonales·⁷
1758 1716 1802 1789 (1(

247 1838 376 1927 quibus
410 1838 560 1910 solvitur
594 1844 630 1909 et
663 1839 868 1909 conducitur
903 1840 1037 1909 decima
1072 1840 1298 1929 manipularis
1335 1846 1371 1910 et
1408 1838 1602 1929 canapalis,
1638 1855 1702 1928 pro
1729 1856 1803 1909 nro-

246 1960 403 2030 nasterio
438 1959 720 2031 Wanchoozonsi.
764 1960 852 2031 Item
889 1960 932 2031 de
971 1961 1108 2031 duobus
1147 1961 1256 2033 laneis
1291 1982 1382 2031 nunc
1418 1960 1708 2050 cmethonalibus‚
1744 1952 1827 2049 qui'

246 2082 346 2171 prius
372 2102 436 2172 pro
463 2082 606 2171 praedio
633 2083 776 2153 militari
801 2081 952 2173 fuerunt,
979 2083 1075 2153 tollit
1100 2083 1269 2155 decimam
1296 2083 1545 2173 manipularem
1572 2081 1740 2172 plebanus
1767 2079 1804 2151 iu

248 2196 478 2284 ,liliosoka

243 2354 247 2359 ·
353 2308 649 2414 anrucnounn‚
675 2324 760 2396 villa
786 2326 850 2397 sub
877 2326 1045 2415 parochia
1070 2325 1114 2395 de
1141 2324 1367 2415 Wyssoka
1395 2324 1480 2415 sita,
1509 2323 1605 2395 cuius
1631 2320 1801 2393 haeredes
1863 2417 1870 2431 ἱ

247 2443 427 2516 lohannes
463 2451 500 2516 et
534 2444 710 2516 Martinus
746 2446 789 2517 de
824 2447 926 2518 domo
962 2447 1106 2518 Rawa.
1146 2447 1186 2517 In
1215 2468 1282 2536 qua
1309 2450 1391 2517 suut
1418 2450 1567 2537 quatuor
1592 2444 1684 2515 lanei
1710 2461 1803 2517 ome-

245 2566 416 2657 thouales‚
442 2568 526 2637 item
554 2568 623 2639 duo
649 2568 794 2658 praedia
820 2569 993 2659 militaria
1021 2570 1064 2639 (1(
1091 2569 1217 2658 quibus
1245 2569 1393 2639 solvitur
1419 2574 1455 2638 et
1481 2566 1685 2639 conducitur
1710 2563 1804 2635 deoi-

246 2708 307 2759 ma
331 2689 557 2778 manipularis
584 2695 621 2760 et
646 2689 823 2780 canapalis
849 2676 1014 2761 ecclesiae
1041 2691 1077 2760 in
1104 2689 1341 2779 Wyssoka‚
1369 2694 1405 2760 et
1431 2689 1530 2761 valor
1549 2688 1623 2758 eius
1643 2686 1804 2762 aestima-

246 2815 310 2879 tur
335 2809 379 2881 ad
1544 2792 1546 2796 ⁸

353 2928 668 3022 OenonzuursoZ,
695 2932 779 3003 villa
813 2933 878 3004 sub
913 2932 1080 3023 parochia
1114 2932 1157 3002 de
1189 2932 1414 3021 Wyssoka
1428 2908 1527 3020 sita,
1555 2931 1653 3003 cuius
1678 2930 1804 3000 haeres

246 3049 400 3146 lacobus
426 3052 810 3144 Zdzyechowsky.
845 3053 885 3123 ln
914 3074 983 3143 qua
1009 3059 1089 3123 sunt
1116 3053 1207 3123 lanei
1235 3054 1484 3143 ometuonales,
1512 3053 1554 3123 (1(
1582 3052 1707 3142 quibus
1735 3050 1803 3121 sol-

245 3145 344 3243 uitur
369 3178 406 3243 et
431 3173 635 3245 conducitur
662 3174 795 3244 docimo
820 3175 1047 3265 manipularis
1074 3180 1110 3244 et
1137 3174 1312 3263 canapalis
1340 3174 1506 3245 ccclesiae
1525 3174 1561 3243 in
1578 3170 1804 3242 Wissoka.
1880 3197 1883 3204 ’

352 3294 561 3387 wasnaum,
588 3290 672 3367 villa
697 3297 761 3368 sub
788 3296 955 3386 parochio
981 3294 1024 3367 de
1051 3294 1279 3386 Wyszoka
1307 3296 1382 3386 sita,
1412 3296 1509 3366 cuius
1536 3295 1660 3365 haeres
1679 3290 1803 3364 (luisti-

247 3438 315 3488 uus
340 3416 631 3508 Jankonsky.
658 3417 699 3488 In
726 3439 794 3509 qna
820 3424 901 3490 sunt
927 3419 1019 3490 lanei
1046 3419 1289 3508 cmptionalm,
1317 3419 1360 3488 de
1389 3419 1513 3508 quibus
1541 3417 1687 3488 solvitur
1714 3413 1806 3485 ‹ieci-

245 3559 305 3614 ma
331 3539 557 3630 manipularis
583 3544 619 3610 et
645 3541 821 3630 canapalis
848 3540 1013 3612 ecclesiae
1040 3547 1076 3610 et
1102 3540 1251 3629 plebano
1279 3541 1314 3613 in
1342 3539 1568 3610 Wissoka.

352 3660 505 3751 Brauon,
532 3661 616 3731 villa
643 3663 707 3732 sub
733 3663 900 3751 parochia
927 3662 970 3732 de
997 3662 1043 3729 W
1052 3662 1253 3751 ysszoka
1280 3661 1366 3750 sita,
1396 3663 1491 3730 cuius
1518 3661 1642 3730 haeres
1671 3656 1803 3728 Johan·
1856 3663 1859 3670 ’

245 3801 309 3852 nes
336 3782 592 3873 Bakowsky
617 3783 662 3855 de
688 3783 790 3854 domo
817 3781 959 3853 Rama.
986 3783 1026 3852 ln
1054 3803 1122 3871 qua
1141 3788 1222 3852 sunt
1240 3782 1331 3852 lanei
1350 3777 1592 3869 curetlionalos²
1610 3779 1653 3849 de
1672 3778 1797 3868 quibus

248 3903 397 3974 solvitur
431 3885 567 3974 decima
601 3905 814 3976 monasterio
848 3905 884 3973 in
917 3904 1283 3993 Wanclioozslro,
1311 3903 1471 4005 et'i'alor
1498 3903 1572 3972 eius
1600 3899 1802 3971 aestimatur

246 4024 373 4095 ad...
399 4001 487 4096 ilem
513 4030 569 4097 est
592 4026 642 4097 ibi
668 4025 846 4116 praedium
874 4023 1034 4114 militaro,
1062 4025 1105 4094 do
1132 4025 1228 4098 cuius
1256 4025 1348 4114 agris
1368 4024 1560 4095 decimatur
1578 4020 1746 4093 ecclesiae
1764 4019 1801 4088 in

247 4145 477 4220 Wissoka.

352 4267 512 4360 Caurus,
540 4269 623 4340 villa
649 4269 713 4339 sub
739 4269 906 4359 parochia
932 4267 975 4340 de
1001 4267 1227 4358 Wyszoka
1254 4270 1329 4357 sita,
1358 4267 1455 4338 cuius
1481 4265 1650 4337 haerodes
1668 4263 1800 4334 Johan·

247 4409 312 4462 nes
346 4388 390 4462 (1(
425 4389 528 4463 domo
560 4390 823 4483 Nyeczuya‚
851 4390 1007 4480 chotha
1033 4389 1076 4460 (1(
1103 4391 1386 4479 Zoborowye
1415 4389 1457 4459 de
1486 4387 1587 4458 domo
1616 4384 1799 4474 Golyan

248 4518 287 4582 et
312 4511 512 4584 Fridericus
539 4513 582 4584 de
609 4567 617 4582 .
645 4568 652 4583 .
680 4567 687 4582 .
716 4568 723 4582 .
757 4511 798 4582 ln
826 4519 1002 4602 qpasunt
1028 4511 1120 4582 lanei
1149 4511 1413 4600 cmethonales,·
1429 4509 1471 4579 de
1500 4509 1624 4599 quibus
1652 4505 1801 4576 soluitur

247 4631 383 4704 decima
407 4633 632 4725 manipularis
659 4634 871 4705 monasterio
897 4633 933 4704 iu
959 4632 1317 4704 Wanchoczsko.
1357 4632 1444 4701 Item
1472 4635 1553 4700 sunt
1580 4629 1628 4699 ibi
1655 4624 1800 4717 praedia

247 4754 318 4826 duo
344 4755 519 4845 militaria
547 4755 589 4826 de
618 4756 743 4846 quibus
770 4754 961 4826 decimatur
986 4756 1023 4824 in
1050 4753 1273 4825 Wissoka.

355 4876 590 4967 Szwunuow,
617 4877 701 4948 villa
736 4878 801 4948 sub
836 4877 1003 4968 parochia
1030 4877 1072 4945 de
1100 4875 1353 4966 Wysszoka
1380 4875 1461 4961 sita,
1490 4872 1587 4942 cuius
1614 4867 1800 4940 haeredes:

246 4995 427 5069 Johanncs
454 4999 810 5091 Srwynyowslry,
838 4998 989 5070 lacobus
1016 4997 1390 5085 Zdzyochowsky
1410 5047 1550 5063 ......
1570 4997 1605 5061 (1
1623 4989 1800 5061 Johanues

247 5173 364 5189 .....
383 5119 427 5190 (1(
454 5093 561 5193 domo
581 5121 724 5205 Rana.
761 5121 801 5191 In
829 5141 897 5212 qua
923 5124 1004 5190 sunt
1030 5119 1122 5188 lanei
1150 5117 1401 5206 enethonales,
1429 5114 1623 5204 dequibus
1652 5109 1800 5182 solvitur

247 5247 287 5312 et
313 5241 516 5313 conducitur
542 5242 675 5314 decima
701 5242 928 5332 manipularis
955 5248 992 5312 et
1018 5239 1194 5331 canapalis
1221 5238 1433 5309 monaster-io
1465 5237 1500 5306 in
1528 5231 1801 5303 Wanchocz-

248 5362 340 5434 sko.
374 5363 462 5435 Item
488 5370 544 5436 est
569 5365 619 5436 ibi
645 5365 825 5455 praedium
852 5364 1012 5452 militare,
1039 5362 1082 5432 de
1109 5362 1206 5432 cuius
1234 5360 1327 5450 agris
1355 5358 1545 5429 decimatur
1572 5354 1734 5425 ecclesiae
1761 5352 1798 5421 in

129 5509 138 5520 ·
247 5483 475 5556 Wiasoka.

351 5605 608 5696 Znuoaowrs,
633 5605 717 5677 villa
751 5607 817 5687 sub
851 5606 1017 5696 parochia
1043 5604 1087 5675 de
1113 5601 1368 5694 Wysszoku
1395 5601 1480 5688 sita,
1508 5597 1604 5668 cuius
1630 5593 1800 5666 haeredes

245 5727 383 5800 nobiles
409 5727 580 5799 multi-de
605 5728 708 5798 domo
735 5725 920 5818 Golyan‚
948 5732 983 5795 et
1008 5745 1097 5797 unus
1125 5723 1336 5812 doliana,
1365 5721 1423 5814 qui
1451 5719 1515 5791 soli
1552 5717 1669 5788 colunt
1696 5733 1799 5806 agros
1839 5818 1840 5826 ἵ
