4550 6600
479 753 554 827 402

477 961 743 1033 instrumentum
770 974 874 1025 manu
901 950 1044 1043 propria
1071 950 1239 1040 scriptum
1266 946 1465 1019 huiusmodi
1491 946 1774 1036 ratificationem,
1801 945 2025 1019 confirmatio·

475 1102 562 1171 nem,
580 1078 834 1169 ordinationem
860 1079 897 1147 et
923 1062 1143 1147 concordiam
1169 1072 1205 1142 in
1232 1090 1270 1142 se
1296 1070 1488 1159 continens,
1514 1067 1640 1139 exinde
1666 1067 1807 1157 confeci,
1826 1074 1863 1139 et
1879 1070 1914 1140 in
1930 1070 2019 1141 hanc
2156 1060 2158 1085 ²

474 1202 648 1296 publicam
673 1198 819 1271 formam
845 1196 975 1288 redegi,
1003 1196 1171 1285 signoque
1197 1198 1235 1265 et
1261 1193 1399 1264 nomine
1425 1192 1512 1263 meis
1539 1191 1576 1262 in
1601 1190 1731 1263 tabulis
1757 1192 1834 1262 lieri
1860 1191 1969 1263 solitis
1983 1199 2021 1265 et

477 1324 669 1415 consuetis,
696 1341 765 1395 una
801 1341 877 1393 cum
913 1318 1026 1411 sigillo
1053 1314 1203 1409 praelati
1228 1314 1518 1387 reverendissimi
1544 1314 1656 1405 patris
1682 1312 1813 1385 domini
1838 1311 2026 1404 Sbignei

477 1447 670 1538 episcopi
665 1442 905 1517 Gracovienais
942 1440 1141 1530 memorati,
1176 1443 1213 1511 et
1197 1437 1292 1511 tde
1327 1438 1402 1509 eius
1438 1437 1579 1529 speciali
1615 1435 1797 1525 mandat‚o
1832 1436 2025 1526 musignaui
2156 1530 2158 1543 Ι

477 1568 625 1661 requisit
627 1569 730 1638 uset
756 1568 907 1655 rogatus
859 1563 975 1635 usln
1002 1560 1168 1635 fidemet
1193 1558 1429 1632 testimonium
1455 1558 1670 1649 singulorum
1696 1557 1970 1649 praemissorum.

583 1688 701 1761 Habet
725 1687 790 1759 bas
817 1685 918 1757 villas
945 1683 990 1756 ad
1021 1682 1202 1760 ecclesiam
1237 1681 1471 1797 parochialem
1508 1680 1731 1782 pertinentes.
1771 1676 2026 1756 Gauluszc

479 1800 659 1903 wpcue,
672 1809 955 1899 Dzyewyant
964 1804 1088 1896 hlye,
1107 1803 1332 1895 Klyszouu,
1349 1801 1548 1898 Zdakow
1557 1800 1848 1892 „Nyekurza
1874 1799 2033 1871 Szczu-·

479 1931 657 2006 komlot
666 1930 742 2021 hy,
769 1926 1091 2018 Zadusznylry,
1128 1923 1336 2014 KabloW,
1362 1924 1537 2076 Borky,
1564 1922 1872 2013 Brzeszczpe,
1898 1921 2026 1995 Κοιο-

465 2040 737 2146 myenicza,
764 2049 992 2140 Wolycza.

582 2173 699 2247 Habet
724 2172 831 2245 etiam
859 2170 1040 2247 ecclesia
1030 2192 1066 2241 m
1094 2168 1539 2257 Gauluschowicze,
1574 2166 1662 2239 duas
1689 2166 1778 2238 filias
1805 2167 2027 2258 parochiales,

478 2295 635 2379 iamdiu
662 2316 683 2365 a
710 2298 821 2365 matre
847 2292 1039 2383 parochiali
1066 2290 1233 2381 seclusas,
1269 2288 1439 2380 videlicet,
1467 2289 1502 2359 in
1529 2286 1613 2359 villa
1640 2287 1804 2360 Padew
1830 2294 1868 2360 et
1894 2289 1930 2359 in
1956 2289 2027 2360 Bc

479 2439 614 2508 roua,
641 2416 684 2489 de
712 2415 836 2507 quibus
863 2414 1011 2503 filiabus
1038 2413 1207 2504 plebanus
1225 2412 1261 2483 in
1280 2409 1678 2484 Gaulusaowicze
1704 2412 1798 2501 capit
1823 2412 2029 2501 pedrenchs,

479 2541 533 2613 abw
551 2560 672 2614 eorum
708 2538 867 2617 omnibus
902 2535 1122 2627 parochianis
1155 2554 1310 2607 seorsum
1338 2556 1360 2605 a
1386 2534 1544 2625 quolibet
1580 2534 1780 2624 emethone,
1816 2554 1884 2605 sen*
1915 2554 2028 2606 eoram

478 2661 700 2755 parochianis
727 2658 974 2749 extorquendo,
1002 2662 1038 2729 et
1022 2658 1200 2758 tsolvere
1227 2657 1433 2731 conaverit..
1460 2678 1503 2728 ex
1532 2656 1691 2729 omnibus
1717 2656 1833 2729 tribus
1859 2656 2030 2748 parochiis

479 2790 539 2939 pet
523 2783 679 2859 tronales
707 2785 845 2855 cendum
788 2780 1019 2872 umtriginta
1043 2800 1194 2871 grossos.

1171 2901 1347 2973 Boaowa

583 3026 678 3099 Villa
704 3026 836 3097 habens
863 3024 1042 3097 ecclesiam
1069 3008 1304 3115 parochialem
1330 3023 1479 3113 ligneam
1505 3023 1542 3093 in
1568 3044 1615 3114 se,
1633 3022 1762 3095 Sancto
1781 3021 1927 3095 Nicolao
1953 3045 2030 3095 con-

376 3234 383 3243 ,
477 3149 603 3222 sessori
629 3148 796 3236 dicatam,
814 3146 921 3235 ‘cuius
948 3148 1072 3219 haeres
1099 3145 1276 3235 lohannes
1304 3141 1615 3237 Oze‘browsky
1641 3145 1685 3217 de
1711 3146 1818 3217 armis
1844 3144 2028 3217 Olobolr.

484 3272 526 3344 In
553 3291 622 3362 qna
648 3275 729 3344 sunt
744 3267 848 3359 lanei
875 3268 1126 3357 emethonnles,
1154 3268 1237 3339 item
1263 3268 1448 3358 tabernae,
1474 3268 1557 3340 item
1583 3267 1812 3358 hortulaniae,
1839 3267 1884 3340 de
1910 3268 2030 3360 quibus

483 3394 642 3466 omnibus
669 3385 815 3466 solvitur
842 3396 878 3473 et
905 3391 1108 3464 conducitur
1135 3390 1268 3463 decima
1294 3389 1520 3484 manipularis
1547 3395 1583 3462 et
1606 3390 1784 3481 canapalis
1810 3411 1876 3480 pro
1902 3392 2030 3482 episco-

480 3519 567 3606 patu
594 3511 833 3604 Gracovieusi,
858 3518 906 3586 et
932 3513 1030 3586 valor
1065 3513 1141 3598 eius
1176 3512 1381 3584 aestimatur
1399 3511 1461 3604 ,ad
1489 3512 1575 3584 duas
1602 3532 1745 3584 nrarcas.
1790 3512 1879 3584 Item
1905 3519 1965 3588 est
1982 3514 2030 3585 ihi

483 3636 663 3729 praedium
690 3636 850 3726 militare,
878 3635 920 3708 de
940 3657 1007 3727 quo
1026 3635 1218 3710 decimatur
1244 3655 1308 3726 pro
1326 3632 1474 3707 ecclesia
1491 3635 1528 3706 in
1554 3635 1764 3726 Boroua,
1791 3639 1829 3706 et
1846 3635 1943 3708 valor
1959 3637 2031 3708 eins

479 3760 686 3832 aestimatur
720 3758 765 3832 ad
793 3764 866 3831 tres
893 3779 1037 3830 marcas.
1081 3753 1169 3830 Item
1196 3757 1364 3848 plebanus
1390 3757 1546 3832 eiusdem
1582 3757 1749 3830 ecelesiae
1783 3758 1893 3831 habet
1927 3780 2031 3832 unum

478 3881 616 3970 laneum
642 3901 706 3971 pro
734 3879 876 3972 praedio
904 3885 984 3971 post
1010 3879 1192 3952 ecclesiam
1219 3879 1332 3970 situm,
1360 3878 1626 3970 protendentem
1652 3899 1690 3950 se
1708 3899 1831 3952 versus
1857 3880 2032 3953 fluviolum

479 4002 610 4076 dictum
637 4001 775 4092 Bren,
813 4003 1001 4076 etiterum
1029 4002 1073 4074 ab
1100 4002 1228 4093 horreo
1254 4001 1429 4090 plebanali
1455 4000 1719 4092 protendentem
1746 4022 1784 4073 se
1812 4021 1935 4074 versus
1960 4008 2031 4074 tor-

465 4129 616 4202 rentem
643 4122 937 4215 Lukawyecz.
975 4123 1063 4196 Item
1090 4123 1199 4196 babet
1223 4127 1380 4212 pratum,
1407 4101 1721 4214 circa'praefctum
1745 4123 1888 4196 fluvium
1915 4124 2032 4194 Bren

482 4245 685 4335 cognomine
713 4242 979 4336 Gyschoua.
1006 4246 1093 4317 Item
1121 4245 1229 4316 habet
1255 4243 1489 4332 molendinum
1517 4245 1553 4316 in
1580 4243 1737 4335 praefato
1763 4245 1868 4316 fluvio
1895 4245 2032 4336 Bren,

479 4366 531 4439 de*
559 4387 626 4456 quo
661 4365 743 4438 sibi*
766 4365 893 4438 cedunt
928 4366 1017 4438 duae
1044 4387 1246 4456 mensurae,
1283 4373 1320 4438 et
1347 4366 1616 4438 molendinatori
1650 4366 1767 4437 tertia.
1812 4366 1902 4438 item
1928 4367 2033 4438 habet

440 4581 442 4588 Α
478 4489 660 4561 tabernam
687 4487 723 4558 in
750 4487 871 4559 eadem
898 4488 990 4577 villa,
1018 4489 1053 4559 in
1081 4487 1294 4561 fundationis
1321 4488 1504 4580 privilegio
1532 4488 1599 4560 sibi
1625 4488 1849 4579 inscriptam,
1877 4489 1938 4561 sed
1963 4511 2031 4561 non

481 4609 588 4684 habet
614 4609 745 4681 illam
735 4631 771 4680 m
789 4611 1017 4700 possessione.
1044 4609 1159 4682 Locus
1176 4615 1291 4683 tamen
1309 4631 1412 4683 areae
1438 4630 1550 4702 penes·
1563 4611 1704 4683 hortum
1725 4608 1848 4683 Jacobi
1876 4611 2034 4684 Terto·

479 4732 547 4804 ris
575 4751 680 4822 penos
707 4735 847 4823 pratum
874 4730 1003 4802 dictum
1031 4730 1341 4804 Oszlrra.....

582 4852 707 4943 Panw,
734 4852 818 4926 uilla
845 4854 909 4926 sub
936 4853 1102 4944 parochia
1128 4853 1172 4934 de
1198 4854 1388 4928 Borowa
1412 4843 1554 4945 Regis
1581 4854 1658 4927 sita.
1685 4854 1726 4925 la
1753 4874 1822 4944 qua
1844 4860 1929 4928 sunt
1953 4862 2029 4928 octo

477 4975 570 5046 lanei
597 4974 851 5065 emethonales,
887 4975 1083 5066 dequibus
1110 4975 1259 5060 soluitur
1286 4981 1323 5048 et
1349 4975 1551 5056 conducitur
1586 4975 1721 5047 decima
1745 4976 1972 5067 manipularis
1996 4983 2031 5048 et

478 5095 654 5187 canapalis
681 5114 745 5187 pro
773 5096 975 5187 episcopatu
1002 5095 1242 5186 Cracoviensi,
1276 5103 1317 5169 ct
1342 5097 1440 5170 valor
1467 5097 1548 5168 eius
1575 5097 1794 5169 aestimatur·
1811 5098 1858 5168 ad
1884 5104 2030 5188 quamor

345 5253 348 5258 ·
466 5238 620 5294 marcas.
648 5218 737 5290 Item
764 5223 819 5310 est
844 5218 881 5288 in
907 5218 1027 5290 eadem
1054 5219 1138 5290 villa
1164 5219 1333 5310 scoltetia,
1351 5220 1492 5291 hahens
1509 5225 1585 5290 tres
1599 5218 1731 5307 laneos,
1748 5219 1935 5325 ,itemffis
1951 5219 2029 5291 hor-

476 5339 630 5412 tulaniae
657 5340 828 5412 habentes
856 5360 968 5431 agros
996 5337 1039 5411 de
1067 5341 1193 5431 quibus
1219 5338 1412 5419 decimatur
1438 5341 1604 5412 ecclesiae
1619 5339 1668 5411 -in
1695 5340 1906 5432 Borowa,
1933 5342 2028 5413 cuius

478 5461 579 5534 valor
606 5460 651 5534 ad
677 5467 751 5534 tres
778 5462 983 5536 aestimatur
1009 5481 1154 5534 marcas.
1591 5439 1597 5448 ¹

583 5581 951 5674 Gauruscuowrozs,
980 5583 1063 5656 villa
1089 5585 1222 5658 hahens
1241 5585 1277 5655 in
1296 5605 1334 5656 se
1352 5584 1588 5678 parochialem
1614 5583 1806 5675 ecclesiam,
1834 5585 1933 5658 cuius
1949 5585 2027 5656 hae-
2132 5577 2138 5584 “

477 5722 534 5775 res
561 5699 741 5778 Johannes
765 5705 1143 5797 Rythwycnsaky
1178 5706 1355 5798 palatinus
1390 5705 1639 5780 cracoviensis.
1684 5706 1724 5777 ln
1750 5727 1820 5796 qua
1846 5709 1929 5779 sunt
1957 5711 2026 5778 tres
