4550 6600
506 807 580 881 476

454 1036 457 1044 ·
503 1015 591 1087 Item
613 1013 696 1084 villa
721 1008 879 1104 praefata
905 1008 1009 1083 solvit
1037 1008 1324 1083 columbatIoncm
1353 1012 1388 1081 et
1414 1006 1592 1079 denarium
1620 1004 1738 1079 Sancti
1764 1006 1861 1079 Petri
1885 1008 1921 1077 in
1938 1003 2055 1077 crzi-

503 1136 796 1209 szanowicze.

1210 1250 1356 1325 curvom.

606 1376 702 1450 Villa
736 1377 868 1448 habeus
903 1374 1084 1447 ecclesiam
1121 1374 1353 1466 parochialem
1389 1372 1539 1464 ligneam
1574 1375 1609 1444 in
1637 1395 1693 1464 se,
1721 1372 1847 1445 Sancto
1875 1370 2058 1442 VladIslao

502 1501 580 1590 regi
606 1506 642 1569 61
669 1498 856 1571 6661666661
892 1496 1061 1587 dicatam,
1089 1496 1186 1567 cuius
1214 1496 1336 1567 unicus
1363 1500 1530 1586 patronus
1558 1501 1594 1567 ct
1621 1496 1766 1567 collator
1793 1500 1847 1566 est
1874 1494 2058 1583 episcopus

503 1621 761 1709 cracoviensiS,
789 1619 834 1689 ad
870 1619 966 1690 cuius
1002 1618 1252 1708 proprietatem
1280 1622 1315 1688 61
1343 1617 1529 1688 domiuium
1558 1617 1714 1707 praefata
1740 1617 1823 1687 villa
1849 1616 1953 1705 pleno
1983 1615 2058 1683 iure

502 1742 675 1831 pertinet3
717 1740 813 1812 cuius
848 1740 1016 1829 plebanus
1052 1738 1237 1810 modernus
1274 1738 1451 1810 Johanues
1488 1736 1825 1828 Govvorzinsky
1861 1736 2058 1827 presbyter,

501 1862 628 1933 nobilis
664 1862 707 1932 16
734 1860 834 1931 domo
861 1858 1072 1931 Dambno.
1112 1859 1153 1929 In
1182 1881 1249 1951 qua
1277 1866 1357 1932 suut
1383 1860 1549 1931 tredecim
1575 1858 1665 1930 lanei
1693 1858 1944 1947 crarothonales,
1974 1855 2058 1925 item

502 1988 580 2054 octo
607 1983 774 2054 tabernae
800 1980 969 2052 habentes
996 2002 1109 2072 agros,
1137 1982 1221 2053 item
1240 1982 1391 2073 quinque
1409 1982 1628 2053 hortulaniae
1646 1982 1815 2053 habentes
1834 2000 1948 2070 agros.
1966 1978 2057 2048 lteur

502 2108 557 2174 661
582 2104 618 2173 16
646 2101 766 2173 eadem
792 2102 876 2173 villa
902 2103 999 2173 curia
1024 2102 1230 2193 episcopalis
1258 2104 1396 2195 optima,
1423 2124 1486 2193 per
1504 2108 1643 2173 sanotae
1662 2100 1847 2173 memoriae
1866 2100 2058 2189 Sbigue

501 2245 568 2295 nm
596 2224 805 2295 cardinalem
833 2228 867 2294 et
894 2224 1091 2314 episcopum
1119 2222 1382 2296 cracoviensem
1410 2222 1599 2314 achficata,
1617 2224 1748 2295 habens
1767 2224 1935 2313 optImum
1955 2240 2057 2310 prae-

501 2346 613 2437 dium,
648 2346 685 2415 in
720 2351 793 2415 tres
829 2365 968 2435 campos
1004 2344 1170 2435 divisum,
1199 2345 1241 2416 de
1270 2346 1394 2436 quibus
1422 2346 1579 2417 omuibus
1616 2345 1762 2417 solvitur
1790 2348 1824 2413 61
1851 2342 2058 2414 conducitur

501 2466 633 2538 decima
659 2466 885 2557 manipularis
912 2472 949 2537 et
976 2466 1151 2557 canapalis
1178 2488 1241 2557 pro
1270 2467 1415 2539 ecclesia
1434 2472 1469 2538 et
1486 2468 1634 2557 plebano
1653 2468 1688 2536 16
1707 2464 1878 2555 cunovv,
1898 2470 1935 2533 61
1956 2462 2056 2535 66166

406 2624 412 2636 x
501 2588 575 2659 eius
602 2588 805 2659 aestimatur
831 2586 875 2658 ad
901 2587 1027 2676 viginti
1053 2608 1197 2659 marcas.
1224 2588 1312 2659 Item
1340 2588 1485 2659 ecclesia
1512 2592 1547 2659 et
1573 2588 1741 2677 plebanus
1767 2586 1873 2657 habet
1899 2586 1950 2657 ibi
1979 2605 2056 2673 spe

500 2709 604 2779 ciales
632 2730 734 2799 agros
764 2708 912 2798 liberos,
939 2713 975 2778 ct
1001 2713 1122 2799 prata,
1149 2730 1213 2799 pro
1241 2731 1303 2782 suo
1330 2710 1473 2800 praedio
1501 2714 1537 2781 ot
1563 2694 1779 2780 necessitate.
1818 2707 1907 2778 Item
1935 2712 1992 2777 est
2020 2707 2055 2775 in

499 2828 620 2899 eadem
645 2829 729 2900 villa
755 2828 988 2899 molendinum
1015 2829 1051 2898 in
1077 2822 1225 2900 fiumiue'
1243 2828 1482 2922 Kamyona,
1510 2830 1571 2901 sod
1597 2852 1666 2901 uon
1693 2830 1799 2900 habet
1827 2849 1939 2918 agros.

612 2946 852 3039 Usuzrczovv,
886 2949 970 3019 villa
1005 2949 1069 3021 sub
1104 2951 1271 3039 parochia
1305 2950 1512 3023 cnuoviensi
1548 2952 1633 3041 sita,
1660 2951 1756 3021 cuius
1783 2950 1982 3039 proprietas
2013 2948 2058 3016 ad

498 3070 697 3160 episcopum
733 3068 998 3141 Gracoviensem
1033 3070 1195 3161 pertinet.
1234 3070 1275 3141 In
1304 3092 1372 3162 qua
1407 3078 1488 3143 sunt
1523 3077 1655 3161 septem
1687 3072 1780 3141 lanei
1802 3070 2059 3155 emethouales,

498 3191 581 3260 item
608 3190 840 3262 molendinum
867 3192 903 3261 in
930 3191 1069 3263 flumine
1095 3191 1337 3283 Kamyona,
1366 3190 1494 3263 dIctum
1522 3192 1713 3282 Rudnilr,
1730 3193 1863 3262 habens
1884 3190 2058 3280 speciales

499 3332 610 3402 agros,
638 3313 680 3383 de
708 3313 833 3402 quibus
860 3314 1019 3385 omnibus
1047 3315 1195 3387 solvitur
1223 3320 1259 3385 61
1281 3315 1486 3386 conducitur
1504 3315 1636 3386 decima
1653 3313 1877 3404 manipularis
1897 3318 1933 3382 et
1953 3333 2059 3382 cana·

498 3432 587 3521 palis
613 3453 677 3522 pro
704 3433 849 3505 ccclesia
884 3439 919 3506 et
946 3435 1094 3525 plebano
1122 3435 1351 3526 Conoviousi,
1378 3441 1414 3506 61
1441 3435 1539 3508 valor
1566 3437 1639 3507 eius
1666 3436 1872 3506 aestimatur
1900 3433 1946 3504 ad
1975 3439 2057 3504 octo

497 3573 641 3626 marcas.
667 3553 756 3625 Item
783 3575 852 3627 nou
880 3561 934 3627 est
960 3557 1010 3628 ibi
1037 3557 1227 3649 praedium,
1254 3577 1365 3649 neque
1393 3557 1563 3647 scoltetia,
1591 3579 1659 3629 nou
1689 3562 1769 3628 sunt
1795 3557 1975 3645 tabernae,
1993 3573 2058 3625 ue-

499 3695 566 3765 qne
592 3675 820 3754 hortulauiae.
1626 3697 1627 3705 ¹

600 3796 800 3889 Bonorum,
827 3798 911 3870 villa
938 3799 1002 3870 sub
1029 3800 1195 3890 parochia
1222 3799 1387 3872 ecclesiae
1414 3799 1457 3871 16
1484 3799 1655 3872 Kunov
1682 3801 1759 3890 sita,
1788 3799 1886 3870 cuius
1913 3799 2058 3888 propri-

497 3924 582 3989 etas
600 3919 644 3990 ad
672 3922 869 4011 episcopum
906 3919 1171 3993 cracoviensem
1208 3923 1369 4012 pertinet.
1409 3921 1449 3992 In
1478 3943 1546 4013 qua
1573 3927 1653 3993 sunt
1681 3927 1812 4012 septem
1840 3921 1933 3990 lanei
1962 3941 2058 3989 crue-

496 4040 673 4132 thonales,
709 4047 745 4112 ct
779 4063 849 4113 uua
883 4015 1030 4114 taberna
1063 4043 1196 4115 habens
1233 4065 1354 4134 agroS,
1390 4045 1474 4115 item
1506 4065 1611 4115 unum
1639 4043 1817 4134 praedium
1845 4042 1888 4113 16
1916 4041 2059 4113 duobus

494 4161 614 4252 lancis,
640 4162 772 4234 habens
799 4184 910 4258 agros,
937 4165 981 4236 de
1008 4164 1132 4256 quibus
1160 4166 1318 4238 omnibus
1346 4166 1493 4238 solvitur
1511 4170 1546 4237 ct
1564 4165 1767 4238 conducitur
1786 4165 1920 4235 decima
1939 4164 2056 4234 nrani-

496 4282 628 4372 pularis
665 4289 701 4354 et
727 4285 903 4375 canapalis
929 4308 993 4378 pro
1021 4287 1184 4378 episcopo
1213 4287 1455 4379 cracoviensi,
1483 4293 1518 4360 61
1544 4287 1641 4359 valor
1668 4285 1742 4358 eius
1770 4286 1979 4358 aestimatur
2010 4285 2057 4355 ad

376 4415 379 4421 “
495 4408 627 4494 septem
653 4425 795 4477 marcas.
821 4405 910 4478 Item
937 4429 1006 4479 uon
1033 4414 1087 4479 est
1112 4409 1162 4480 ibi
1190 4410 1356 4502 scoltetia,
1384 4431 1453 4480 non
1481 4414 1561 4481 sunt
1587 4409 1815 4481 hortulauiae.

598 4524 934 4619 Nvuruourczsrm,
960 4529 1044 4602 villa
1071 4529 1134 4602 sub
1162 4531 1328 4621 parochia
1355 4530 1397 4602 de
1424 4523 1593 4604 llu'uov
1620 4532 1696 4621 6116,
1725 4531 1821 4601 66166
1849 4531 2056 4620 proprietas

462 4677 468 4688 ·
496 4647 541 4718 ad
576 4649 774 4738 episcopum
810 4648 1074 4724 cracoviensem
1108 4653 1273 4742 pertinet.
1312 4651 1352 4723 lu
1381 4651 2057 4743 6666661661616661666611666166,

494 4769 579 4840 item
605 4791 676 4841 nna
700 4770 900 4842 hortulanis
935 4772 1066 4844 habeus
1093 4793 1214 4865 agros,
1242 4774 1326 4844 item
1354 4779 1501 4864 quatuor
1528 4775 1713 4864 tabernae,
1740 4774 1910 4845 habentos
1938 4795 2057 4864 agroS,

495 4890 538 4961 16
566 4891 690 4981 quibus
727 4893 885 4964 omnibus
922 4893 1070 4964 solvitur
1103 4900 1141 4965 et
1168 4893 1372 4966 conducitur
1399 4895 1531 4967 decima
1558 4897 1783 4987 manipularis
1810 4900 1847 4967 61
1874 4895 2056 4986 canapalis

397 5044 400 5051 ·
493 5032 558 5102 pro
594 5012 755 5103 episcopo
792 5012 1031 5105 cracoviensi,
1058 5021 1094 5086 61
1128 5017 1228 5088 66166
1266 5017 1340 5088 6166
1367 5017 1572 5089 aestimatur
1599 5017 1643 5089 ad
1671 5025 1748 5090 octo
1776 5039 1921 5089 marcas.
1964 5017 2054 5088 Item

494 5133 674 5224 praedium
701 5155 771 5206 non
798 5135 914 5206 estin
941 5135 1062 5208 eadem
1088 5136 1181 5228 villa,
1208 5158 1319 5229 neque
1348 5138 1517 5210 scoltetia.
1543 5139 1632 5210 Item
1660 5143 1714 5212 661
1739 5139 1788 5211 ibi
1815 5139 2055 5211 molendinum

494 5254 531 5325 in
557 5254 697 5326 flumine
724 5253 1011 5348 Szvyslyua,
1039 5257 1099 5328 sed
1126 5279 1195 5329 nou
1222 5259 1329 5330 habet
1355 5281 1468 5350 agros

597 5376 722 5467 Dour,
748 5377 833 5449 villa
860 5378 923 5448 sub
959 5377 1125 5468 parochia
1153 5379 1317 5452 ecclcsiae
1345 5381 1388 5452 dc
1415 5381 1588 5453 Kunovv
1615 5382 1700 5472 sita,
1728 5381 1825 5453 66166
1852 5383 2054 5472 proprietas

493 5495 538 5567 ad
565 5497 763 5588 episcopum
790 5495 1052 5570 cracoviensem
1079 5501 1239 5589 pertinet.
1268 5501 1306 5571 In
1335 5523 1403 5592 qua
1430 5507 1511 5573 6661
1537 5523 1659 5573 novem
1686 5503 1777 5573 lanei
1805 5503 2053 5591 cmcthoucles

493 5616 536 5686 de
564 5619 688 5707 quibus
715 5617 863 5690 solvitur
890 5624 924 5690 61
952 5621 1156 5692 conducitur
1190 5621 1322 5693 decima
1348 5623 1573 5713 66616616616
1601 5629 1637 5694 61
1664 5624 1857 5713 canapalis,
1886 5645 1951 5713 pro
1979 5625 2053 5712 epi-

492 5755 597 5828 scopo
624 5736 857 5830 cracoviensi,
882 5741 980 5812 cuius
1006 5742 1107 5813 valor
1132 5741 1176 5813 ad
1205 5764 1266 5815 sex
1292 5764 1424 5816 marcas
1452 5746 1665 5816 aestimatur.
1974 5735 1976 5738 ’
