4550 6600
1225 954 1429 1028 Nuncown.

655 1074 750 1146 llilla
784 1075 916 1145 habens
951 1075 987 1145 10
1024 1096 1061 1145 00
1089 1075 1324 1165 parochialem
1353 1078 1535 1149 ecclesiam
1570 1086 1761 1169 muratam,
1796 1080 1920 1153 Sancto
1957 1081 2083 1155 Nicolao

552 1196 750 1269 Confessori
777 1196 935 1286 dicatam,
963 1198 1059 1267 cuius
1085 1197 1211 1267 haeres
1228 1197 1380 1269 Jacobus
1408 1198 1639 1272 Trza'sska
1665 1201 1709 1272 de
1727 1203 1833 1272 armis
1859 1202 2084 1296 Trzasshp.

551 1320 592 1389 Iu
620 1339 688 1408 qua
714 1324 795 1389 sunt
821 1318 913 1387 lanei
940 1318 1192 1406 emethonales,
1219 1318 1302 1389 item
1328 1320 1510 1410 tabernae,
1538 1322 1622 1391 item
1649 1323 1880 1413 hortulaniae,
1907 1324 2084 1413 dequibus

552 1434 709 1512 solvitur
727 1444 763 1509 01
789 1424 993 1509 conducitur
1020 1438 1153 1509 decima
1179 1439 1405 1529 manipularis
1436 1446 1474 1512 et
1500 1442 1675 1532 canapalis
1701 1442 1868 1514 ecclesiae
1894 1450 1931 1514 et
1955 1446 2085 1535 plebano

552 1563 587 1631 in
615 1560 858 1651 Nyegowa,
886 1566 923 1630 et
949 1559 1047 1630 valor
1074 1552 1149 1631 eius
1176 1561 1380 1631 aestimatur
1406 1560 1451 1631 ad
1479 1616 1594 1632 .....
1634 1563 1723 1634 Item
1749 1564 1857 1634 habet
1882 1564 1931 1634 ibi
1957 1565 2086 1636 ecclesia

551 1686 588 1752 01
614 1682 782 1771 plebanus
817 1681 977 1771 proprios
1014 1702 1117 1770 agros
1153 1680 1282 1752 liberos
1319 1688 1356 1752 et
1381 1687 1500 1773 prata,
1536 1705 1601 1774 pro
1628 1705 1691 1755 suo
1726 1706 1793 1755 usu
1822 1690 1859 1756 et
1885 1684 2085 1757 necessitate

551 1804 639 1874 ltern
667 1809 721 1873 cst
747 1802 796 1873 ihi
823 1801 1039 1891 praehenda,
1068 1822 1129 1872 seu
1156 1802 1267 1873 altare
1293 1803 1426 1875 habens
1453 1825 1517 1894 pro
1545 1804 1626 1876 dote
1653 1860 1768 1875 .....

655 1923 843 2014 Mzuaow,
870 1923 954 1994 uilla
980 1922 1043 1993 suh
1071 1924 1236 2012 parochia
1262 1923 1305 1994 de
1333 1923 1559 2015 Nyegowa
1585 1926 1672 2015 sita,
1708 1927 1805 1998 cuius
1839 1926 2033 1998 haereditas
2056 1933 2085 1999 01

441 2094 446 2099 -
553 2045 740 2115 dominium
769 2044 813 2115 ad
840 2044 1096 2115 serenissimum
1123 2042 1290 2114 Polouiae
1316 2065 1434 2135 regern
1461 2046 1623 2136 pertinet.
1649 2047 1691 2116 ln
1710 2067 1779 2137 qua
1797 2052 1879 2117 suut
1904 2047 2087 2119 10001000

552 2166 720 2255 thonales,
748 2166 790 2237 de
818 2166 942 2256 quihus
970 2164 1118 2235 soluitur
1145 2170 1181 2235 et
1208 2165 1412 2237 conducitur
1448 2166 1581 2237 decima
1606 2167 1834 2257 manipularis
1865 2173 1903 2239 et
1928 2168 2087 2258 canapeia

553 2288 719 2358 ecclesiae
746 2287 782 2357 10
809 2286 1053 2377 Nyegowa,
1080 2290 1116 2356 et
1142 2286 1241 2357 valor
1266 2286 1342 2357 eius
1369 2287 1574 2359 aestimatur
1600 2288 1781 2359 ad...

584 2404 587 2413 “
658 2408 1034 2498 Tuonrscuowrczs,
1061 2406 1146 2478 ville
1173 2408 1237 2483 suh
1264 2409 1431 2498 parochia
1456 2408 1500 2479 de
1526 2409 1560 2479 N
1568 2430 1752 2501 yegoua
1778 2410 1864 2498 sita,
1900 2410 1995 2481 cuius
2019 2431 2086 2499 pre

553 2531 684 2620 prietes
711 2528 755 2599 ad
783 2528 1038 2599 serenissimum
1064 2527 1233 2599 Polouiae
1260 2550 1377 2619 regern
1413 2530 1574 2620 pertinet.
1618 2531 1659 2600 10
1688 2551 1757 2621 qua
1782 2534 1864 2632 sunt
1894 2530 1984 2601 lanei
2009 2550 2087 2601 crnc-

554 2650 722 2738 110000100,
750 2650 832 2720 item
859 2650 1019 2739 taberna,
1055 2649 1138 2719 item
1167 2650 1405 2740 hortulaniae,
1439 2650 1483 2752 de
1511 2652 1636 2741 quihus
1663 2651 1812 2722 solvitur
1838 2656 1876 2721 et
1901 2651 2087 2722 conducitur

553 2772 684 2843 decima
711 2771 935 2861 manipularis
962 2776 998 2843 et
1025 2770 1201 2861 canapalis
1228 2771 1443 2862 episcopatui
1469 2771 1709 2863 Gracouiensi,
1745 2773 1841 2844 cuius
1868 2772 1965 2844 valor
1997 2773 2087 2842 aesti-

555 2898 671 2964 matur
698 2893 742 2964 ad
761 2947 902 2965 ......

656 3014 887 3104 Bononrczn,
923 3012 1007 3085 uilla
1033 3013 1097 3085 sub
1124 3012 1290 3103 parochia
1317 3014 1361 3085 de
1388 3014 1617 3106 Nyegoua
1653 3016 1739 3105 0110,
1776 3014 1874 3086 cuius
1908 3016 2086 3105 proprietas

553 3136 597 3206 ad
624 3136 883 3206 serenissimum
910 3135 1075 3206 Poloniae
1102 3156 1219 3225 regern
1246 3136 1416 3226 pertinet,
1452 3158 1521 3207 une
1556 3158 1634 3207 cnm
1669 3143 1786 3208 castro
1821 3137 2088 3227 Bobolycze,

554 3278 617 3349 per
637 3256 844 3329 Casimirum
872 3256 1059 3328 secundum
1086 3256 1252 3328 Poloniae
1279 3278 1398 3348 regem
1423 3273 1523 3331 muro
1550 3257 1729 3348 fabricato,
1756 3258 1812 3329 cui
1839 3258 1923 3330 villa
1947 3256 2087 3349 praelata

555 3400 678 3450 nornen
707 3377 841 3469 indidit,
868 3383 903 3448 et
929 3383 1001 3448 tarn
1027 3359 1142 3467 castri,
1170 3400 1273 3469 quarn
1300 3379 1403 3450 villae
1419 3380 1626 3470 proprietas,
1654 3381 1698 3450 ad
1725 3381 1979 3451 serenissimum
1995 3379 2083 3450 Polo
2123 3439 2129 3454 .

554 3501 632 3571 niae
659 3487 776 3590 regem
803 3501 964 3590 pertinet.
1008 3499 1049 3570 10
1077 3521 1145 3590 qua
1171 3506 1252 3571 sunt
1278 3501 1370 3571 lanei
1397 3501 1650 3591 emethonales,
1686 3502 1769 3572 item
1796 3501 1992 3591 praedium,
2016 3502 2087 3571 iten

554 3622 700 3693 taberna
727 3644 809 3711 000,
845 3622 888 3692 de
916 3623 1040 3712 quihus
1069 3623 1226 3694 omnibus
1254 3622 1402 3694 soluitur
1427 3629 1464 3694 et
1490 3623 1693 3695 conducitur
1720 3623 1854 3694 decima
1879 3622 2083 3713 manipularis

554 3764 618 3835 pro
646 3743 855 3816 0001001010
883 3743 1129 3834 Nyegowe,
1157 3743 1254 3814 00100
1282 3744 1380 3815 valor
1407 3744 1452 3814 ad
1479 3743 1596 3815 decem
1623 3764 1758 3846 marcas
1784 3744 1994 3816 aestimatur.
2145 3728 2146 3737 ἵ

1175 3864 1526 3956 ,0000000000000

658 3987 830 4077 Oppidum
858 3988 990 4059 hahens
1017 3988 1053 4057 10
1080 4007 1117 4058 00
1144 3987 1380 4078 parochialem
1406 3986 1749 4076 ecclesiam,·Sancto
1777 3986 1993 4077 sigismundo
2010 3986 2086 4057 dica-

554 4115 645 4198 tam,
685 4115 721 4179 et
747 4109 957 4180 monasterio
998 4107 1352 4179 Ozansthochoviensi
1391 4108 1665 4197 incorporatam,
1707 4107 1804 4178 cuius
1836 4109 2026 4198 proprietas
2049 4105 2086 4176 ad

555 4229 814 4300 serenissimum
841 4227 1005 4300 Poluniae
1032 4249 1150 4318 regem
1177 4229 1340 4318 pertinet.
1383 4229 1424 4298 ln
1452 4250 1519 4319 qno
1548 4234 1628 4299 sunt
1655 4229 1748 4299 10001
1777 4227 2029 4318 oppidanorum,
2052 4225 2086 4295 de

556 4351 681 4442 quibus
709 4351 855 4421 solvitur
882 4349 1015 4421 decima
1042 4350 1241 4440 0000010110,
1269 4350 1312 4420 de
1340 4350 1495 4440 quolibet
1520 4351 1621 4421 10000
1648 4370 1711 4440 000
1737 4370 1798 4420 sex
1823 4371 1974 4439 grossos.
2014 4348 2086 4418 1100

557 4477 611 4544 001
637 4472 819 4544 advocatia
845 4473 881 4542 in
909 4472 1029 4560 eodem
1051 4471 1189 4562 oppido,
1215 4470 1347 4542 hahens
1373 4471 1495 4542 100000
1523 4492 1695 4561 agrorum,
1721 4470 1819 4541 etde
1837 4470 2086 4560 quohhetlaneu

556 4595 692 4666 ratione
719 4594 883 4683 decimae,
911 4593 1016 4664 solvit
1042 4614 1104 4683 per
1133 4614 1193 4664 sex
1220 4614 1371 4683 grossos,
1397 4593 1481 4664 item
1507 4590 1670 4681 rneachne,
1696 4592 1780 4662 item
1807 4591 1975 4681 plebanus
2000 4589 2086 4661 hahet

557 4737 660 4807 agros
687 4716 848 4806 proprios
876 4719 911 4786 et
937 4721 1047 4805 prata,
1074 4735 1137 4805 pro
1167 4714 1249 4786 dote
1276 4733 1347 4784 sua

659 4836 915 4926 Kouorrsst,
951 4835 1033 4907 villa
1068 4835 1132 4906 suh
1160 4834 1325 4924 parochia
1360 4831 1991 4904 000100100100000010010000
2024 4829 2085 4914 sita,

556 4959 653 5029 euius
679 4959 802 5030 haeres
829 4958 981 5029 Jacohus
1009 4957 1052 5027 dc
1080 4954 1447 5048 Gonyeczpolye.
1474 4955 1514 5025 10
1543 4975 1612 5044 qua
1638 4960 1719 5025 sunt
1745 4954 1837 5024 lanei
1864 4950 2084 5035 emethonales,

557 5081 599 5152 de
627 5081 753 5172 quihus
780 5080 915 5150 ratione
942 5075 1094 5148 00000100
1121 5078 1268 5149 solvitur
1296 5076 1460 5148 ecclesiae
1496 5077 1532 5145 in
1560 5073 1856 5148 (izensthoehowa
1883 5074 1926 5145 de
1953 5071 2085 5163 quolibet

556 5224 619 5294 per
647 5223 708 5274 sex
733 5222 884 5292 grossos,
912 5200 1123 5272 monasterio
1150 5219 1234 5271 uero
1262 5199 1298 5269 in
1324 5198 1522 5268 Msthow
1550 5217 1613 5287 per
1640 5202 1789 5286 quatuor
1815 5216 1963 5285 grossus.

659 5324 1009 5412 Raczunrownczn,
1046 5322 1129 5394 uilla
1165 5323 1229 5392 suh
1264 5319 1430 5411 parochia
1466 5319 1631 5390 eeclesiae
1667 5317 1711 5388 de
1746 5314 2084 5388 Gzenstochoua

558 5446 636 5534 sita,
664 5446 760 5517 cuius
786 5445 983 5537 proprietas
1010 5445 1054 5515 ad
1081 5444 1338 5516 serenissimum
1356 5441 1521 5514 Poloniae
1548 5460 1666 5530 regern
1693 5439 1855 5528 pertinet.
1881 5437 1922 5508 ln
1941 5455 2005 5527 qua
2015 5435 2084 5504 'sunt

555 5563 649 5634 lanei
677 5567 927 5656 emethonales,
965 5566 1008 5637 de
1035 5565 1160 5657 quibus
1188 5565 1335 5637 solvitur
1362 5569 1398 5633 et
1424 5561 1629 5635 conducitur
1665 5559 1797 5630 decima
1822 5555 2037 5649 manipularis
2056 5555 2084 5620 et

559 5685 732 5777 canapalis
758 5708 821 5780 pro
849 5689 1050 5782 episcopatu
1077 5685 1308 5775 Cracovionsi,
1336 5690 1371 5756 et
1398 5685 1494 5757 valor
1523 5684 1598 5756 eius
1625 5681 1831 5754 aestimatur
1859 5679 1904 5752 ad
1921 5728 2049 5751 ......
