4550 6600
468 747 542 815 224

466 950 510 1019 ad
538 948 793 1021 serenissimum
819 946 983 1017 Poloniae
1010 965 1128 1034 regern
1154 944 1316 1034 pertinet
1359 944 1496 1032 Inque
1527 947 1608 1013 sunt
1642 942 1734 1013 lanei
1769 942 2004 1031 emethonales,

466 1070 509 1140 de
528 1069 651 1158 quibus
670 1068 819 1139 solvitur
832 1072 867 1137 et
882 1066 1084 1137 conducitur
1103 1065 1237 1135 decima
1257 1064 1483 1153 manipularis
1501 1085 1565 1154 pro
1588 1065 1833 1154 praepositura
1849 1062 2005 1135 Oszwan-

466 1189 636 1279 czimensi,
663 1189 760 1259 cuius
787 1188 885 1259 valor
912 1188 1115 1257 aestimatur
1142 1185 1186 1255 ad
1214 1205 1275 1257 sex
1301 1204 1443 1255 marcas.

568 1308 894 1398 Waoszvnmvezn,
929 1308 1013 1377 villa
1045 1307 1178 1377 hahens
1210 1305 1390 1375 ecclesiam
1417 1306 1585 1393 hgneam,
1621 1304 1781 1376 Omnium
1808 1304 2005 1376 Sanctomm

465 1431 590 1501 honori
617 1430 765 1500 dicatam
794 1430 829 1498 10
857 1449 903 1517 00,
930 1428 973 1498 de
1002 1428 1097 1497 cuius
1125 1427 1292 1516 parochia
1310 1430 1346 1495 et
1362 1426 1590 1515 proventibus
1616 1424 1762 1497 fundata
1787 1430 1842 1496 001
1867 1426 2006 1496 ecclesia

464 1550 674 1640 parochialis
701 1552 736 1620 10
762 1548 1093 1637 0000000010,
1131 1568 1218 1637 quae
1246 1547 1329 1617 villa
1364 1547 1432 1647 iam
1459 1548 1613 1636 pertinet
1647 1547 1723 1617 iure
1750 1546 1940 1636 parochiali
1957 1546 2005 1615 ad

466 1670 792 1758 Oszwanczim,
829 1670 924 1744 cuius
953 1666 1090 1757 quidem
1126 1666 1229 1737 villae
1265 1667 1459 1756 proprietas
1495 1667 1539 1737 ad
1566 1667 1800 1757 praepositum
1827 1664 2007 1755 0000000-

466 1793 669 1861 czimensem
695 1791 866 1880 pertinet,
903 1810 977 1859 cum
1015 1788 1174 1858 omnihus
1210 1787 1422 1858 utilitatibus
1449 1792 1486 1857 et
1512 1789 1597 1858 iure.
1640 1787 1778 1878 Inque
1813 1792 1895 1857 sunt
1920 1787 2007 1857 lanei

467 1911 719 1999 emethonaleS,
756 1912 839 1979 item
865 1930 934 1980 000
961 1888 1119 1979 scoltetia
1154 1907 1287 1977 hahens
1322 1928 1425 1996 agros
1452 1908 1639 1997 speciales,
1674 1908 1758 1978 item
1792 1908 1900 1978 habet
1926 1907 2006 1977 duos

467 2032 665 2102 cmethones
691 2033 859 2102 habentes
886 2051 950 2119 per
969 2083 1082 2098 .....
1109 2028 1250 2099 lancos·
1273 2028 1362 2098 Item
1389 2028 1480 2099 idem
1508 2028 1673 2099 scultetus
1700 2028 1806 2099 habet
1830 2028 2006 2097 tabernam

467 2156 502 2220 et
528 2151 768 2241 hortulaniam,
796 2150 838 2221 de
866 2151 989 2239 quibus
1016 2149 1175 2219 omnibus
1201 2148 1349 2219 solvitur
1367 2148 1566 2238 praeposito
1593 2147 1764 2237 praefato,
1790 2150 1928 2219 ratione
1953 2148 2008 2219 de-

466 2272 585 2361 cimae,
612 2292 802 2361 perunum
830 2290 1026 2341 mensuram
1053 2270 1200 2358 siliginis
1219 2274 1255 2338 ct
1273 2270 1375 2339 aliam
1403 2290 1543 2358 avenae,
1571 2290 1655 2358 quas
1674 2268 1812 2359 quidem
1834 2289 2009 2339 mensuras

467 2392 614 2481 siliginis
641 2396 676 2461 et
703 2412 849 2481 avenae,
886 2396 1048 2461 tenentur
1075 2390 1143 2479 ipsi
1179 2390 1378 2459 emethonos
1413 2390 1581 2460 seminare
1617 2391 1652 2459 10
1679 2390 1788 2479 100100
1823 2390 2008 2480 praepositi

467 2513 579 2601 00010,
616 2532 679 2601 000
705 2512 842 2583 eosdem
871 2512 972 2581 cultis
999 2516 1035 2581 01
1061 2510 1260 2599 (1100001110;
1294 2532 1359 2600 000
1386 2532 1490 2581 001100
1517 2531 1622 2599 0000,
1656 2510 1762 2583 001011
1798 2511 1944 2601 quilibet
1968 2510 2007 2579 de

466 2633 566 2703 laneo
593 2654 697 2703 unum
726 2634 891 2703 florenum
918 2632 1132 2722 praeposito,
1155 2632 1239 2702 item
1266 2632 1391 2720 gallos,
1427 2633 1509 2701 item
1537 2653 1617 2721 ova,
1651 2633 1787 2703 ratione
1812 2628 2008 2701 barunkowe

467 2774 530 2843 pro
557 2754 645 2825 sesto
673 2752 835 2841 Paschae,
863 2773 926 2842 per
953 2773 1012 2825 sex
1042 2752 1222 2839 denarios3
1248 2752 1332 2821 item
1360 2753 1526 2823 scultetus
1553 2754 1615 2823 dat
1639 2754 1840 2843 praeposito
1868 2757 2009 2842 quatuor

466 2895 645 2946 mensuras
682 2875 828 2964 siliginis
855 2880 891 2943 01
919 2879 1068 2962 quatuor
1094 2893 1243 2961 avenae,
1281 2872 1438 2943 sednon
1465 2878 1604 2945 1000100
1635 2874 1823 2963 seminare,
1859 2873 2008 2942 0101000

467 2996 503 3065 10
529 3016 639 3084 grano
666 2995 778 3083 solvit,
807 2994 1006 3065 emethones
1034 3014 1116 3063 vero
1145 2992 1282 3063 scolteti
1308 2998 1472 3063 tenentur
1490 2994 1660 3064 seminare
1687 3014 1790 3065 unam
1816 3012 2007 3063 mensuram

468 3115 613 3203 siliginis
641 3119 676 3183 et
703 3114 806 3183 aliam
834 3134 971 3203 avenae,
999 3115 1150 3184 0100101
1177 3114 1375 3185 cmetlrones
1396 3115 1601 3204 0000000111.

572 3234 958 3324 Czaauvuouowrczn,
994 3234 1078 3306 villa
1105 3236 1169 3306 sub
1196 3234 1362 3325 parochia
1388 3235 1432 3306 de
1458 3234 1768 3307 Oszwanczim
1795 3236 1882 3326 sita,
1918 3235 2009 3307 cuius

467 3357 663 3446 proprietas
691 3355 735 3438 011
763 3356 884 3426 ducem
910 3343 1154 3445 Plczynens‘em
1183 3357 1344 3445 pertinet.
1383 3357 1424 3426 In
1451 3377 1519 3446 qua
1545 3362 1626 3428 0001
1652 3357 1744 3428 10001
1771 3358 2008 3446 010011000100,

468 3476 511 3546 de
539 3477 663 3566 quibus
690 3476 847 3548 omnibus
875 3476 1021 3546 solvitur
1049 3476 1181 3546 decima
1207 3477 1397 3566 pecunialis
1424 3478 1584 3566 episcopo
1611 3477 1842 3568 cracoviensi,
1870 3478 1914 3548 de
1932 3498 2009 3568 quo

468 3597 554 3667 libet
581 3597 680 3668 laneo
707 3618 770 3687 per
789 3650 928 3667 ......
1386 3617 1389 3622 ·
1830 3585 1835 3589 ’

570 3717 813 3807 annzvrvnn,
841 3719 925 3789 villa
951 3717 1014 3789 sub
1041 3718 1208 3808 parochia
1235 3718 1277 3788 de
1304 3716 1614 3790 Oszwanczim
1641 3719 1727 3808 0110,
1762 3720 1860 3790 cuius
1887 3721 2006 3791 haeres

468 3836 644 3940 Johapnes
664 3837 869 3928 Brzezyn
882 3839 963 3929 shy
983 3837 1025 3908 de
1044 3839 1187 3908 armis...
1213 3838 1253 3908 10
1272 3859 1341 3928 qua
1358 3844 1440 3908 sunt
1457 3839 1549 3908 lanei
1567 3838 1809 3928 cmethonales,
1828 3839 2009 3929 dequibus

468 3958 625 4028 omnibus
653 3958 799 4028 solvitur
827 3958 960 4028 decima
985 3959 1184 4047 0000010110,
1212 3958 1254 4028 de
1282 3959 1438 4048 quolibet
1464 3959 1564 4028 laneo
1591 3979 1654 4048 per
1672 4013 1809 4030 ......
1844 3959 1933 4030 Item
1959 3964 2009 4028 001

467 4078 516 4148 ibi
544 4097 647 4148 unum
676 4077 862 4168 praedium,
891 4078 982 4169 quod
1009 4079 1094 4148 nulli
1122 4079 1278 4150 decimat

572 4197 787 4287 Cirnanazr,
823 4199 906 4269 villa
933 4199 997 4268 sub
1024 4201 1190 4288 parochia
1216 4193 1259 4270 de
1286 4199 1606 4290 Oszwanczym
1643 4201 1729 4290 sita,
1765 4202 1863 4273 cuius
1890 4203 2008 4272 haeres

429 4335 436 4346 ·
467 4317 676 4390 Laurentius
704 4317 1015 4410 Glrarmasaky
1043 4321 1085 4390 de
1113 4321 1215 4390 domo
1234 4375 1348 4391 .....
1383 4321 1423 4390 10
1452 4342 1521 4410 qua
1547 4326 1628 4391 sunt
1653 4322 1745 4392 lanei
1773 4322 2008 4409 emethonales,
2041 4303 2047 4308 ⁸

468 4439 510 4510 de
538 4440 662 4530 quibus
690 4440 836 4510 solvitur
863 4440 996 4511 decima
1013 4442 1239 4530 manipularis
1258 4447 1294 4512 et
1311 4442 1485 4532 canapalis
1503 4444 1701 4532 praeposito
1715 4441 2008 4530 Oszwancimensi,

469 4562 565 4630 cuius
590 4561 689 4632 valor
716 4561 760 4632 ad
787 4566 858 4632 tres
885 4581 1017 4632 marcas
1046 4563 1259 4633 aestimatur.
1800 4552 1804 4558 ¹

570 4681 787 4772 Baznszozn,
815 4682 898 4753 villa
917 4684 980 4754 sub
999 4684 1164 4773 parochia
1181 4683 1224 4754 de
1252 4683 1563 4755 Oszwanczim
1590 4685 1668 4774 sita,
1695 4684 1791 4756 cuius
1817 4685 2008 4775 proprietas

467 4800 511 4872 ad
538 4823 654 4892 regem
681 4804 841 4893 pertinet.
881 4804 921 4874 10
949 4825 1016 4896 qua
1044 4811 1124 4876 sunt
1150 4805 1241 4876 lanei
1269 4806 1510 4895 emethonales,
1538 4805 1580 4875 de
1608 4806 1732 4895 quibus
1760 4807 1920 4877 omnibus
1945 4805 2008 4876 sol·

466 4924 560 4993 vitur
586 4929 622 4994 01
641 4925 847 4996 conducitur
872 4925 1003 4996 decima
1029 4926 1254 5016 manipularis
1273 4933 1309 4996 01
1332 4927 1506 5015 canapalis
1533 4927 1776 4998 mansionariis
1803 4925 2008 4998 Oszwanczi-

466 5037 651 5134 rhensihus,
679 5046 775 5116 cuius
803 5046 901 5118 valor
927 5047 971 5116 ad
999 5067 1119 5118 novem
1148 5067 1282 5118 marcas
1309 5047 1522 5118 aestimatur.
1549 5045 1733 5117 Praedium
1760 5047 1810 5116 ibi
1827 5069 1905 5118 non
1931 5051 1992 5117 001.

569 5164 867 5256 Pazncznscuvu,
894 5167 977 5237 villa
1004 5169 1066 5238 suh
1094 5169 1259 5256 parochia
1286 5168 1328 5238 de
1355 5167 1668 5238 Oszwanczim
1695 5167 1782 5257 sita,
1808 5168 1907 5238 cuius
1933 5169 2009 5237 hae-

466 5282 567 5353 redes
603 5285 772 5374 Michael,
809 5285 986 5357 Johanues
1022 5292 1058 5357 et
1093 5287 1234 5358 Marcus
1268 5288 1424 5377 germani
1460 5287 1546 5358 dicti
1580 5286 1937 5377 Szkedzensczy
1970 5287 2009 5356 de

468 5401 567 5472 domo
587 5457 700 5473 .....
727 5406 767 5476 10
795 5427 863 5496 qua
890 5413 970 5477 0001
996 5408 1086 5478 10001
1114 5409 1356 5500 00011000100,
1385 5408 1571 5498 dequibus
1599 5407 1745 5478 solvitur
1762 5407 1895 5478 decima
1912 5427 2010 5498 pecn-

467 5520 575 5589 010110-
596 5524 761 5612 00100000
784 5524 1012 5618 cracoviensi,
1040 5529 1082 5597 de
1110 5529 1265 5618 quolibet
1290 5529 1389 5600 laneo
1417 5550 1480 5618 per
1498 5582 1612 5598 .....

572 5639 777 5735 8111100000,
804 5647 887 5717 01110
914 5647 977 5718 sub
1004 5649 1169 5738 parochia
1195 5649 1238 5719 de
1264 5646 1575 5718 Oszwanczim
1604 5651 1685 5740 sita,
1721 5649 1819 5725 cuius
1846 5649 2009 5721 haeredes
