4550 6600
1710 766 1783 837 105

238 975 545 1068 Blandowsky
572 974 615 1049 de
642 974 747 1049 armis
774 972 1019 1047 Polulrona.
1045 972 1086 1047 In
1114 994 1183 1063 qua
1209 976 1291 1046 sunt
1315 970 1409 1048 lanei
1435 972 1676 1065 cmethonales
1703 975 1785 1045 item

236 1101 418 1190 tabernae,
446 1102 529 1171 item
555 1099 795 1189 hortulaniae,
823 1097 866 1169 de
893 1098 1018 1187 quibus
1046 1096 1194 1168 solvitur
1220 1103 1256 1168 et
1284 1098 1487 1170 conducitur
1514 1096 1648 1167 decima
1673 1096 1784 1167 mani·

234 1221 366 1313 putaris
392 1226 428 1293 et
456 1220 630 1310 canapalis
657 1241 720 1310 pro
748 1218 893 1291 ecclesia
919 1218 955 1289 in
981 1217 1269 1309 Wyelyczlra.
1308 1218 1399 1291 Item
1424 1218 1604 1308 praedium
1631 1240 1700 1289 non
1727 1222 1782 1288 est

235 1344 269 1413 in
296 1342 418 1413 eadem
444 1342 536 1413 villa.
570 1342 660 1413 Item
687 1341 830 1425 cmethox
850 1340 996 1431 quilibet
1023 1345 1058 1412 et
1083 1341 1286 1412 tabernator
1312 1362 1376 1431 pro
1405 1340 1658 1412 columbatione
1684 1358 1784 1429 gros·

235 1484 319 1553 snm,
347 1469 383 1534 et
408 1462 613 1535 hortulanus
640 1463 799 1535 medium.

340 1584 545 1655 Lanurozn
572 1603 756 1673 lunarios,
784 1583 848 1654 sub
875 1584 1041 1672 parochia
1067 1584 1110 1655 de
1136 1584 1412 1675 Wyeliczka
1431 1584 1528 1655 cuius
1546 1583 1671 1653 haeres
1688 1601 1788 1671 prae-

236 1706 327 1777 fatus
356 1704 481 1776 Petrus
509 1704 821 1793 Blandowsky
849 1703 891 1775 de
918 1706 1023 1774 armis
1050 1704 1294 1777 Polukoza.
1320 1706 1361 1776 In
1390 1727 1458 1796 qua
1476 1710 1557 1776 sunt
1581 1705 1674 1775 lanei
1699 1722 1790 1773 cme-

235 1826 407 1917 thonales²
433 1826 517 1897 item
542 1828 718 1915 tabernae,
745 1824 828 1896 item
854 1826 1086 1917 hortulaniae‚
1113 1828 1197 1897 item
1223 1828 1403 1918 praedium
1429 1848 1535 1897 unum
1562 1826 1711 1896 militare
1738 1828 1791 1895 est

236 1948 302 2037 ibi,
331 1948 439 2019 etde
475 1948 634 2019 omnibus
670 1946 817 2018 solvitur
848 1952 885 2018 et
911 1947 1115 2019 conducitur
1143 1948 1276 2019 decima
1301 1947 1527 2039 manipularis
1554 1952 1590 2017 et
1615 1944 1790 2035 canapalis

114 2060 120 2071 '
236 2069 405 2141 ecclesiae
431 2070 468 2140 in
494 2066 771 2160 Wyeliczka,
799 2072 835 2138 et
860 2068 959 2139 valor
986 2069 1060 2140 eius
1088 2070 1292 2140 aestimatur
1318 2070 1363 2139 ad
1390 2124 1398 2139 .
1427 2124 1434 2138 .
1462 2122 1470 2138 .
1497 2123 1505 2137 .
1532 2088 1675 2139 marcas.
1701 2066 1789 2135 Item

236 2190 385 2280 quilibet
412 2190 548 2261 cmetho
576 2194 611 2261 et
635 2190 839 2261 tabernator
864 2210 928 2280 pro
956 2190 1209 2262 columbatione
1236 2210 1342 2261 unurn
1368 2211 1546 2282 grossum,
1573 2194 1610 2260 et
1634 2186 1808 2258 hortula,

235 2331 298 2383 nus
326 2311 491 2383 medium.

344 2433 596 2517 Boouczrczm
623 2432 708 2504 villa
743 2434 807 2505 sub
843 2436 1008 2525 parochia
1034 2434 1322 2527 Wyeliczka,
1349 2435 1447 2505 cuius
1472 2434 1597 2504 haeres
1623 2430 1790 2519 Barbara,

238 2574 383 2625 consors
410 2552 533 2625 Jacobi
557 2553 846 2636 ‹Swidniczar
873 2557 1024 2628 consulis
1051 2557 1298 2628 cracoviensis.
1324 2557 1365 2626 In
1393 2576 1461 2646 qua
1487 2561 1569 2626 sunt
1595 2560 1674 2625 octo
1700 2550 1793 2622 lanei

116 2710 139 2780 j
238 2674 486 2765 cmetlronales
513 2676 598 2745 item
624 2676 772 2747 taberna
800 2698 869 2747 una
895 2678 1027 2748 habens
1055 2698 1177 2769 agrm,
1204 2679 1288 2749 item
1313 2676 1549 2766 hortulaniae‚
1576 2676 1659 2745 item
1686 2693 1792 2743 unum
1861 2671 1864 2675 ’

238 2796 420 2885 praedium
455 2796 624 2886 militare,
656 2797 698 2866 de
735 2798 859 2887 quibus
895 2800 1042 2870 solvitur
1077 2806 1113 2870 et
1149 2799 1353 2870 conducitur
1388 2798 1520 2869 decima
1555 2802 1702 2887 utraque
1728 2814 1793 2884 pro
1936 2882 1939 2889 Ι
1974 2802 1979 2809 ’

237 2918 453 2989 monasterio
488 2918 653 3007 hospitali
690 2916 807 2989 Sancti
843 2918 992 3009 Spiritus
1027 2921 1064 2990 in
1100 2919 1346 3011 literaria,
1381 2926 1418 2991 et
1451 2919 1552 2990 valor
1586 2918 1661 2988 eins
1687 2907 1793 2986 aesti-

239 3043 355 3109 matur
384 3038 429 3109 ad
456 3093 463 3107 .
491 3093 499 3107 .
526 3093 534 3109 .
562 3092 569 3108 .
596 3060 738 3110 marcas.
765 3039 854 3110 Item
881 3042 1026 3131 quilibet
1053 3043 1190 3113 cmetho
1218 3048 1254 3113 et
1279 3042 1485 3113 tabernator
1509 3040 1648 3111 ratione
1665 3037 1794 3108 colurn-

238 3160 395 3231 bationis
425 3159 528 3231 solvit
555 3160 719 3232 ecclesiae
746 3162 782 3231 in
808 3160 854 3231 W
862 3163 1078 3253 yeliczka
1104 3164 1191 3234 duos
1217 3182 1369 3253 grossos.

226 3380 229 3388 ‚
346 3279 703 3374 Szannznrowrczn‚
731 3282 815 3354 villa
841 3285 905 3356 sub
932 3286 1098 3376 parochia
1125 3286 1169 3357 de
1194 3284 1466 3378 Wyeliczka
1491 3284 1568 3374 sita
1596 3283 1693 3354 cuius
1710 3282 1793 3353 bae-

140 3491 142 3494 ·
238 3423 294 3474 res
321 3403 448 3474 unicus
475 3402 652 3476 Johannes
679 3405 792 3476 dictus
819 3405 1068 3498 Wyerzinlr
1095 3408 1222 3480 nobilis
1240 3408 1282 3479 de
1302 3408 1434 3479 armis.
1462 3461 1470 3476 .
1499 3462 1506 3477 .
1533 3408 1568 3476 in
1587 3407 1711 3496 quibus
1730 3423 1794 3494 pro

238 3525 370 3614 insigni
398 3515 557 3616 superior
583 3547 664 3616 pars
692 3525 812 3618 clypei.
838 3527 879 3598 In
907 3549 975 3618 qua
1002 3535 1082 3600 sunt
1108 3531 1199 3601 lanei
1227 3530 1478 3619 cmethonales,
1505 3527 1548 3599 de
1576 3529 1699 3618 quibus
1726 3525 1796 3596 sol·

239 3648 335 3717 ritur
364 3653 402 3716 et
429 3647 632 3719 conducitur
659 3647 792 3718 decima
817 3649 1043 3740 manipularis
1071 3657 1107 3722 et
1133 3651 1316 3740 canapalis.
1343 3651 1431 3721 Item
1458 3656 1513 3720 est
1530 3650 1579 3720 ibi
1598 3669 1686 3719 unus
1705 3667 1797 3718 cam-

240 3750 314 3856 pus‘
333 3768 411 3838 sive
437 3789 548 3862 nyma,
576 3768 618 3838 de
646 3790 714 3860 quo
742 3768 933 3840 decimatur
958 3771 1167 3842 monasterio
1195 3769 1311 3842 Sancti
1330 3770 1478 3860 Spiritus
1496 3771 1533 3840 in
1559 3769 1796 3840 (lracovia

241 3888 332 3959 Item
372 3894 427 3960 est
461 3889 511 3959 ibi
545 3911 651 3960 unum
681 3891 861 3980 praedium
888 3892 1056 3983 militare,
1084 3893 1222 3982 dequo
1250 3893 1441 3964 decimatur
1468 3892 1633 3962 ecclesiae
1661 3892 1798 3962 eteius

103 4062 108 4077 .
246 4009 401 4099 plebano
438 4009 480 4080 de
515 4008 802 4102 Wyeliczka,
830 4017 865 4083 et
899 4013 998 4084 valor
1025 4014 1098 4085 cius
1125 4015 1332 4085 aestimatur
1357 4013 1402 4084 ad
1428 4019 1502 4085 tres
1527 4034 1672 4084 marcas.
1711 4012 1799 4081 Item

104 4233 105 4236 Ἴ
246 4131 398 4220 quilibet
433 4133 570 4204 cmetho
606 4137 642 4202 et
675 4133 880 4206 tabernator
914 4155 978 4225 pro
1013 4135 1267 4208 columbatione
1302 4137 1407 4208 solvit
1439 4157 1546 4208 unum
1580 4156 1738 4226 grossum
1766 4138 1802 4202 et

185 4329 189 4336 ,
239 4251 453 4323 hortulanus
479 4253 638 4328 medium.

348 4371 714 4466 Ganauocuowrczn,
741 4377 825 4448 villa
851 4377 915 4448 sub
942 4379 1107 4468 parochia
1134 4379 1177 4450 de
1203 4379 1472 4471 Wyeliczka
1499 4381 1575 4469 sita,
1602 4380 1699 4449 cuius
1717 4378 1800 4448 hae-

243 4513 302 4566 res
331 4493 531 4566 Stanislaus
558 4495 961 4603 (laarnochowsky
988 4500 1030 4571 de
1058 4503 1163 4572 armis
1190 4501 1436 4574 Junoscha.
1462 4499 1551 4572 Item
1577 4519 1801 4588 unumprae-
1876 4531 1899 4600 j

133 4687 136 4694 ,
206 4661 211 4668 -
241 4617 338 4687 diurn
366 4615 529 4706 militare,
557 4619 648 4708 quod
675 4619 743 4689 iam
770 4619 805 4689 in
831 4621 902 4690 tria
927 4623 1072 4710 praedia
1098 4624 1301 4693 distractum
1328 4628 1391 4714 est,
1419 4624 1462 4694 de
1490 4623 1614 4712 quibus
1641 4622 1800 4692 omnibus

242 4738 397 4809 solvitur
423 4742 459 4808 et
486 4737 689 4810 conducitur
716 4741 848 4812 decima
873 4743 1099 4832 manipularis
1127 4750 1163 4814 et
1188 4745 1365 4834 canapalis
1391 4765 1455 4833 pro
1482 4743 1646 4833 hospitali
1674 4743 1706 4811 S.
1724 4741 1801 4830 Spi-
1829 4827 1834 4836 Ι
1948 4775 1952 4782 -

243 4857 336 4930 ritus
366 4859 404 4928 in
432 4837 670 4950 cracovia,
698 4867 734 4931 et
760 4861 858 4933 valor
885 4863 958 4933 eius
986 4865 1191 4934 aestimatur
1217 4866 1261 4934 ad
1289 4865 1440 4954 quinque
1458 4885 1600 4935 marcas.
1627 4864 1714 4933 Item
1733 4883 1802 4932 non

243 4985 326 5049 sunt
358 4978 411 5048 ibi
438 4980 613 5070 tabemae‚
640 5002 709 5051 non
736 4986 817 5052 sunt
842 4981 1070 5078 hortulaniae.
1097 4983 1185 5055 ltern
1213 4986 1360 5074 quilibet
1386 4986 1521 5056 cmetho
1549 4991 1584 5054 et
1601 4985 1804 5053 tabernator

243 5100 387 5170 ratione
414 5095 679 5172 columbationis
707 5103 809 5172 solvit
835 5124 940 5174 uncum
974 5125 1132 5193 grossum
1144 5161 1152 5196 ,
1180 5111 1216 5175 et
1241 5105 1446 5177 hortulanus
1473 5105 1619 5195 quilibet
1644 5104 1804 5173 medium.

349 5218 545 5291 Wonrozu
580 5221 672 5292 circa
708 5221 1022 5313 Scu1nczn‚villa
1057 5226 1121 5296 sub
1157 5228 1324 5316 parochia
1358 5227 1402 5296 de
1428 5225 1700 5318 Wyeliczka
1725 5225 1806 5333 sita²

245 5341 346 5412 cuius
375 5339 571 5425 haeredes.¹
598 5395 606 5410 .
634 5397 642 5412 .
669 5397 676 5411 .
703 5343 743 5413 In
772 5364 840 5432 qua
867 5351 948 5416 sunt
974 5345 1066 5416 lanei
1095 5347 1347 5436 cmethonaleS,
1375 5347 1417 5417 de
1445 5348 1570 5436 quibus
1599 5349 1745 5419 solvitur
1771 5354 1807 5418 et

245 5461 458 5532 conducitur
494 5461 627 5531 decima
662 5463 887 5554 manipularis
924 5473 960 5536 et
996 5467 1172 5556 canapalis
1199 5487 1262 5555 pro
1290 5467 1437 5536 ecclesia
1462 5467 1498 5537 in
1526 5467 1806 5559 Wyeliczka.

246 5583 398 5683 Gmetbo
427 5581 572 5671 quilibet
599 5588 634 5652 et
656 5585 863 5678 tabernator
889 5607 954 5675 pro
982 5587 1235 5656 columbatione
1263 5607 1367 5657 unum
1394 5609 1562 5677 grossum.

354 5700 586 5791 Brscnrcza
613 5703 696 5773 uilla
722 5705 786 5776 sub
812 5705 978 5794 parochia
1004 5707 1047 5776 de
1075 5705 1343 5797 Wyeliczka
1369 5708 1456 5798 site,
1484 5710 1580 5779 cuius
1607 5710 1804 5800 proprietas

353 5867 560 5913 muneram
1596 5850 1638 5906 14
