4550 6600
407 963 581 1042 Medietas
598 965 735 1058 plateae
753 963 871 1040 Sancti
898 961 1077 1040 Matthiae.

407 1088 579 1160 Medietas
607 1089 745 1178 plateae
773 1096 940 1160 sutorum.

408 1209 597 1281 Duodecim
625 1209 747 1280 domus
773 1209 809 1280 in
835 1209 952 1298 platea
977 1207 1010 1280 S.
1037 1208 1212 1299 Stephani.

409 1331 577 1402 Balneum
604 1336 705 1401 extra
732 1330 917 1400 civitatem.

413 1451 588 1524 cerdones
623 1451 693 1522 albi
719 1456 755 1521 et
780 1449 864 1540 rufi,
902 1471 977 1522 cum
1005 1450 1083 1522 aliis
1098 1451 1301 1546 ‚anificibus
1328 1455 1364 1525 in
1391 1455 1573 1545 suburbio,
1606 1462 1687 1527 ante
1721 1455 1858 1528 valvam

306 1579 463 1646 sutorum
491 1572 567 1662 siti,
595 1572 761 1650 habentes
780 1571 905 1661 viginti
924 1572 1010 1642 duas
1029 1593 1129 1644 areas
1156 1579 1193 1644 et
1218 1574 1364 1645 totidem
1390 1576 1522 1666 hortos,
1548 1577 1683 1647 ratione
1710 1599 1857 1666 quarum

308 1695 449 1766 solvunt
467 1747 582 1763 .....
609 1693 756 1764 latorum
783 1713 985 1782 grossorum
1012 1694 1191 1766 custodiae
1219 1693 1461 1787 cracoviensi,
1487 1693 1629 1768 sednon
1652 1698 1688 1767 in
1711 1699 1856 1788 aequali,

307 1817 518 1906 quantitate,
546 1815 633 1886 alius
661 1815 751 1884 enim
778 1814 882 1886 solvit
907 1814 1004 1903 pluS,
1032 1815 1120 1886 alius
1147 1816 1270 1888 minus.

407 1935 602 2006 Piscatores
629 1955 705 2006 oum
732 1933 953 2023 pultificibus.

408 2055 531 2126 Platea
556 2054 814 2144 lutifigulorum.

406 2175 612 2264 anronr,
639 2175 816 2265 rillagium
833 2176 869 2246 in
888 2176 1054 2247 suburbio
1083 2175 1323 2267 cracoviensi,
1350 2182 1385 2248 et
1411 2180 1475 2250 snb
1501 2181 1668 2270 parochia
1693 2181 1858 2254 ecclesiae

304 2296 347 2367 de
366 2295 491 2368 Sancto
515 2295 692 2385 Stephano
720 2296 754 2366 in
783 2294 1012 2368 Cracovia
1039 2297 1161 2387 situm,
1188 2299 1249 2369 ubi
1275 2305 1356 2369 sunt
1382 2305 1455 2370 tres
1481 2301 1700 2372 hortulaniae
1727 2303 1859 2391 episco-

303 2418 418 2506 paleS,
453 2423 489 2489 et
506 2419 585 2488 'non
611 2417 751 2489 solvunt
786 2417 937 2508 aliquam
973 2418 1159 2507 decinam,
1195 2419 1256 2489 sed
1283 2420 1393 2490 solum
1429 2441 1568 2491 censum
1603 2442 1667 2510 pro
1695 2422 1856 2512 episcopo

206 2615 211 2624 ‚
305 2537 541 2628 cracoviensi,
578 2560 668 2610 unus
703 2537 890 2628 fertonem,
927 2545 963 2610 et
988 2539 1119 2630 residui
1156 2539 1224 2610 dno
1251 2561 1314 2630 per
1341 2563 1402 2612 ser
1432 2563 1583 2631 grossos,
1627 2543 1715 2613 Item
1749 2544 1858 2614 habet

304 2660 353 2730 ihi
380 2659 568 2750 capitulum
605 2659 833 2732 Gracoviense
861 2665 1008 2750 quatuor
1034 2661 1252 2732 hortulanias
1286 2669 1427 2750 praeter
1452 2663 1668 2734 hortulauias
1695 2664 1857 2753 episcopi,

306 2787 349 2851 et.
369 2781 543 2870 quaelibet
579 2780 683 2852 solvit
720 2780 871 2871 capitulo
908 2779 1130 2851 ccacoviensi
1165 2802 1229 2870 pro
1258 2802 1504 2854 censuannuo
1532 2782 1711 2872 profesto
1738 2783 1857 2854 Sancti

247 2954 250 2963 .
305 2900 452 2973 Martini
471 2902 621 2972 sedecim
638 2922 789 2992 grossoS,
818 2902 876 2991 qui
896 2921 1017 2972 census
1037 2901 1129 2972 cedit
1156 2902 1192 2972 in
1218 2924 1319 2972 usum
1337 2903 1590 2975 vicecustodiae
1609 2902 1857 2974 cracoviensis.

245 3020 247 3028 ’
407 3022 532 3094 Nraaa
558 3043 677 3092 urunt
704 3023 791 3093 alias
819 3021 972 3093 cznnnn
1000 3022 1154 3112 ansz,
1182 3023 1360 3112 villagium
1387 3024 1422 3093 in
1442 3025 1608 3096 suburbio
1636 3023 1856 3095 cracoviensi

303 3149 339 3216 et
368 3145 431 3216 sub
458 3143 624 3234 parochia
660 3143 823 3214 ecclesiae
851 3143 894 3214 de
921 3142 1046 3214 Sancto
1074 3142 1251 3232 Stephano
1278 3143 1315 3213 in
1342 3142 1571 3215 cracovia
1598 3145 1722 3234 sitnm,
1758 3145 1856 3215 cuius

306 3266 502 3356 proprietas
521 3265 566 3337 ad
584 3265 842 3337 serenissimum
864 3263 1029 3337 Poloniae
1055 3284 1173 3355 regem
1198 3265 1365 3355 pertinet,
1392 3266 1429 3336 in
1456 3269 1523 3356 qua
1549 3272 1631 3337 sunt
1649 3266 1858 3357 omethones,

304 3388 388 3459 item
424 3387 652 3477 hortulanine,
680 3392 715 3457 et
741 3387 875 3457 ratione
903 3405 1064 3457 arearum
1100 3393 1136 3457 et
1162 3388 1363 3475 hortorum,
1379 3395 1477 3476 .qu'os
1512 3388 1683 3475 incolunt,
1719 3388 1859 3459 solvunt

304 3508 403 3579 annis
431 3508 576 3598 singulis
604 3508 779 3579 custodiae
812 3506 1032 3579 cracoviensi
1059 3507 1145 3577 duas
1171 3528 1306 3579 marcas
1333 3513 1372 3577 et
1396 3530 1503 3579 unum
1529 3508 1716 3597 fertonem,
1743 3509 1856 3579 dando

308 3630 517 3718 quibuslibet
544 3636 693 3719 quatuor
719 3630 933 3718 temporibus
959 3634 1032 3700 tres
1059 3628 1221 3699 fertones.
1247 3630 1335 3700 Item
1353 3650 1417 3719 pro
1435 3630 1634 3718 praebenda
1652 3628 1858 3702 Sanctorum

306 3750 432 3822 Felicis
459 3756 495 3822 et
521 3750 626 3822 Aucti
657 3751 693 3820 in
721 3756 852 3839 castro,
890 3748 1066 3839 praefatae
1101 3750 1322 3820 hortulaniae
1358 3750 1497 3820 solvunt
1532 3770 1757 3838 sexagenam;
1793 3770 1857 3839 pro

304 3892 387 3961 rege
414 3878 530 3943 autem
557 3871 721 3943 solvunt.
741 3926 748 3941 .
768 3925 802 3940 ..
849 3900 851 3905 ,

408 3992 518 4083 Nigra
545 3994 661 4083 platea
687 3992 774 4063 alias
804 3984 941 4061 Can-rna
967 3987 1088 4061 ula'czu.

409 4113 527 4185 Media
552 4113 636 4187 villa
662 4114 748 4185 alias
775 4113 1054 4203 Poluwszye.

408 4235 533 4307 Nova
559 4236 683 4307 villa.

333 4370 339 4375 “
408 4356 580 4447 Lonzow,
617 4358 700 4428 villa
727 4358 790 4428 sub
818 4356 983 4447 parochia
1018 4355 1184 4427 ecclesiae
1211 4352 1329 4426 Sancti
1364 4353 1532 4445 Stephani
1559 4357 1595 4427 in
1622 4355 1884 4427 cracovia*

305 4480 390 4569 sita,
427 4479 524 4549 cuius
559 4480 756 4568 proprietas
792 4478 835 4549 ad
872 4478 1128 4562 serenissimum
1164 4476 1330 4547 Poloniae
1366 4498 1483 4565 regem
1518 4478 1689 4566 pertinet,
1725 4478 1760 4547 in
1788 4498 1858 4567 quaa

305 4606 387 4671 aunt
412 4599 591 4671 duodecim
627 4599 718 4670 lanei
755 4600 1003 4687 emethonaleS,
1040 4599 1123 4668 item
1149 4598 1386 4687 hortulaniae,
1420 4600 1504 4668 item
1536 4598 1715 4686 praedium
1750 4619 1857 4668 unum

304 4722 455 4811 regium,
492 4721 534 4793 de
563 4721 687 4810 quihus
715 4721 872 4792 omnibus
906 4720 1054 4792 solvitur
1081 4724 1116 4789 et
1143 4720 1347 4790 conducitur
1383 4718 1515 4789 decima
1540 4718 1765 4807 manipularis
1791 4738 1856 4807 pro

304 4844 504 4935 praebenda
539 4841 743 4913 Sanctorum
779 4841 904 4913 Felicis
931 4846 966 4911 et
992 4840 1096 4911 Aucti
1123 4840 1159 4910 in
1180 4833 1300 4911 'castro
1328 4838 1567 4927 ctacoviensi,
1594 4845 1631 4909 et
1656 4839 1757 4909 valor
1783 4840 1857 4909 eius

306 4966 510 5057 aestimatur
547 4962 591 5034 ad
627 4962 807 5034 duodecim
851 4984 1007 5050 morcas;
1053 4961 1221 5033 decimam
1255 4948 1339 5043 vero
1376 4961 1501 5050 canapi
1535 4979 1603 5030 non
1640 4960 1779 5030 solvunt
1813 4980 1856 5030 ex

304 5108 347 5159 ea
373 5088 464 5159 villa.

408 5208 669 5297 Knowonnzn,
707 5202 791 5277 villa
825 5206 889 5277 snb
925 5203 1091 5295 parochia
1126 5202 1292 5275 ecclesiae
1328 5202 1371 5273 de
1406 5202 1533 5273 Sancto
1568 5199 1744 5291 Stephano
1779 5200 1856 5292 sita,

305 5330 403 5401 cuius
438 5329 635 5420 proprietas
662 5328 707 5397 ad
733 5327 979 5397 monasterium
1015 5324 1199 5413 hospitalis
1235 5322 1354 5392 Sancti
1389 5320 1540 5413 Spiritus
1566 5320 1601 5390 in
1629 5320 1857 5391 cracovia

305 5454 473 5541 pertinet,
501 5451 620 5541 inqua
646 5455 727 5521 sunt
754 5446 934 5518 duodecim
957 5446 1047 5515 lanei
1074 5444 1263 5514 franconici
1277 5449 1313 5512 et
1332 5442 1511 5513 duodecim
1530 5442 1640 5530 horti,
1668 5442 1855 5532 dequibus

304 5554 463 5644 omnibns
478 5571 625 5643 solvitur
639 5591 772 5661 census,
791 5575 827 5639 et
842 5566 1046 5639 conducitur
1064 5566 1196 5636 decima
1210 5563 1435 5653 manipularis
1453 5568 1489 5633 ct
1502 5564 1676 5653 oahapalis
1689 5563 1855 5654 hospitali
