4550 6600
1684 744 1765 819 265

315 938 595 1029 Lus-unoscnnc²
623 940 705 1028 villa
732 934 796 1011 sub
824 941 990 1030 parochia
1016 941 1183 1014 ecclcsiae
1210 942 1253 1015 de
1280 944 1530 1019 Dambicza
1557 948 1642 1039 sita,
1669 951 1766 1023 cuius

215 1060 336 1131 haeres
362 1059 527 1131 Nicolaus
553 1060 903 1153 Lyathaszinsh
913 1084 935 1153 y
954 1062 996 1133 de
1015 1060 1377 1137 damnGrilfanum.
1403 1067 1444 1137 In
1472 1090 1541 1158 qua
1568 1074 1650 1141 sunt
1675 1071 1767 1143 lanei

214 1182 457 1273 emethnnaleS,
485 1203 527 1253 ex
555 1204 700 1272 qnorum
719 1184 912 1270 medietate
923 1183 1070 1255 solvitur
1089 1184 1223 1256 decima
1240 1165 1465 1276 manipularis
1483 1210 1547 1279 pra
1566 1191 1767 1281 episcopatu

214 1301 448 1393 Cracoviensi‚
476 1308 512 1375 et
538 1303 636 1375 valor
663 1304 737 1375 eius
764 1305 808 1376 ad
830 1306 986 1399 vquinque
1018 1328 1151 1378 marcas
1178 1302 1399 1398 aestimatur,
1435 1309 1479 1381 de
1504 1311 1617 1383 altera
1642 1318 1767 1385 autem:

217 1424 401 1495 medietate
429 1424 575 1498 solvitur
602 1426 767 1497 ecclesiae
794 1426 829 1496 in
857 1426 1102 1517 Przechlaw,
1130 1434 1167 1499 et
1183 1428 1282 1500 valor
1300 1430 1374 1501 eius
1392 1430 1437 1502 ad
1456 1430 1607 1522 quinque
1624 1454 1760 1505 marcas
1854 1457 1857 1464 ·

215 1548 294 1617 ltcm
322 1551 377 1617 est
403 1546 451 1617 ihi
478 1546 658 1637 praedium
685 1547 846 1637 militare,
875 1547 918 1619 de
945 1549 1042 1620 cuius
1070 1550 1229 1621 omnibus
1257 1550 1351 1641 agris
1379 1551 1526 1623 solvitur
1544 1552 1678 1624 decima
1696 1576 1768 1625 ma-

215 1667 381 1757 nipularis
409 1668 575 1741 eeclesiae
602 1670 637 1740 in
666 1666 905 1759 Gumnisha,
934 1675 1073 1760 praeter
1100 1693 1207 1743 unum
1233 1693 1404 1762 mansum,
1437 1673 1479 1744 de
1507 1694 1575 1764 quc
1603 1675 1767 1747 ecclesiae

215 1795 248 1863 ct
274 1790 423 1880 plebano
449 1791 486 1861 in
512 1791 777 1880 Damhicza‚
805 1791 902 1863 cuius
930 1792 1029 1862 valer
1055 1792 1099 1863 ad
1129 1794 1279 1884 quinque
1306 1814 1439 1865 mareas
1466 1796 1680 1867 aestimatur.

276 2008 279 2013 Ι
315 1909 538 2002 Gnnmcwn,
567 1912 650 1983 villa
668 1912 731 1983 sub
750 1912 916 2001 parochia
934 1912 1098 1985 ecclesiae
1118 1914 1161 1984 cle
1180 1911 1405 1987 Gumniska
1423 1916 1499 2005 sita,
1528 1916 1625 1987 cuins
1642 1917 1767 1989 haeres

214 2036 397 2143 lohannes!
416 2033 730 2124 Pcthgraczsky
757 2033 800 2105 de
819 2033 924 2105 armis
952 2032 1193 2106 Griffanum.
1225 2035 1266 2105 In
1294 2058 1363 2125 qua
1389 2042 1471 2108 sunt
1497 2037 1588 2108 lanei
1615 2039 1767 2110 emethe-

213 2158 314 2247 nales‚
342 2156 388 2227 de
416 2155 539 2246 quihus
569 2150 716 2225 solvitur
733 2210 874 2225 ......
909 2156 998 2227 Item
1026 2160 1080 2227 est
1107 2157 1144 2227 in
1171 2156 1291 2227 eadem
1318 2156 1401 2227 uilla
1427 2156 1609 2229 advocatia
1634 2159 1767 2230 hahens

214 2299 323 2369 agras,
351 2276 548 2367 dequibus
584 2276 731 2347 solvitur
767 2276 900 2379 decima
935 2276 1162 2367 manipularis
1198 2277 1364 2349 ecclesiae
1391 2283 1426 2349 et
1453 2278 1601 2368 plebano
1629 2280 1703 2351 eius
1730 2281 1767 2353 iu

214 2400 422 2489 Gumniska‚
450 2404 486 2469 ct
511 2398 610 2469 valor
636 2399 709 2469 eius
738 2399 940 2469 aestimatur
967 2398 1011 2469 ad
1039 2420 1143 2470 unam
1169 2420 1330 2471 marcam.

312 2520 582 2609 S'rnszucwnn,
618 2518 701 2591 villa
728 2520 790 2593 sub
819 2516 984 2609 parochia
1012 2520 1178 2591 ecclcsiae
1205 2521 1247 2591 de
1275 2517 1532 2593 Gumnisha
1558 2522 1642 2611 sita,
1670 2520 1766 2593 cuius

214 2646 335 2716 haeres
363 2642 541 2715 dohann'es
566 2641 901 2733 Pcthgradshy
928 2642 1113 2731 praefatus.
1142 2642 1269 2732 Inque
1295 2647 1377 2714 sunt
1401 2643 1495 2713 lanei
1523 2643 1765 2732 emethcnales‚

216 2766 408 2857 dequibus
427 2818 567 2833 ......
603 2762 691 2833 Item
719 2768 773 2833 est
799 2762 848 2833 ihi
875 2762 1057 2833 advocatia
1083 2764 1215 2834 hahens
1243 2784 1363 2853 agrm,
1397 2763 1440 2833 de
1468 2763 1592 2852 quibus
1620 2763 1767 2835 solvitur

216 2887 344 2959 decima
381 2884 607 2975 manipularis
642 2883 806 2955 ecclesiae
834 2884 869 2953 in
898 2880 1169 2973 Gumnisha,
1197 2889 1232 2955 et
1257 2884 1357 2955 vahu
1391 2884 1466 2956 eius
1483 2884 1696 2956 aestimatur
1722 2882 1768 2955 ad

217 3029 316 3079 unam
343 3028 504 3078 marcam.
540 3084 543 3093 ,
702 3082 706 3089 ,
1093 3008 1097 3020 ’
1141 3007 1145 3014 ’
1631 3070 1634 3079 ,
1802 3013 1805 3018 ’

275 3173 277 3179 ·
316 3126 561 3201 Gnouomnun
588 3127 673 3199 alias
701 3127 975 3217 Bencznuown,
1003 3125 1085 3197 villa
1104 3127 1168 3197 sub
1187 3126 1354 3215 parochia
1371 3125 1414 3197 de
1433 3122 1662 3197 Gumniska
1689 3126 1767 3197 sita:

144 3244 147 3251 ’
218 3242 377 3343 oppidum
407 3249 578 3344 quandam
606 3249 740 3339 insigne
768 3254 806 3320 et
829 3248 970 3339 grande,
998 3268 1089 3319 nunc
1115 3252 1231 3319 autem
1259 3239 1355 3319 vicus
1382 3247 1560 3338 ignobilis,
1588 3246 1679 3337 quod
1705 3265 1768 3336 per

216 3377 331 3446 hostes
359 3374 498 3445 nonnisi
525 3394 588 3463 per
614 3371 738 3443 famem
765 3376 904 3461 poterat
931 3370 1133 3461 expugnari.
1170 3368 1275 3441 Cuius
1302 3371 1427 3440 haeres
1453 3368 1631 3441 lohannes
1660 3366 1769 3439 Pod-

219 3496 392 3586 grodsk
402 3517 425 3586 y
461 3495 503 3569 de
531 3493 631 3565 dama
660 3489 941 3582 Grilfanum‚
969 3493 1005 3562 in
1033 3515 1101 3581 qua
1129 3497 1301 3582 apparent
1326 3491 1475 3581 vestigia
1500 3490 1608 3560 multa
1633 3489 1770 3579 argenti

217 3623 249 3688 et
274 3618 350 3688 ariri
386 3591 599 3706 ludinarum,
637 3615 672 3686 in
701 3636 768 3705 qua
794 3619 876 3686 sunt
902 3613 993 3685 lanei
1021 3613 1273 3702 cinethcnaleS,
1309 3612 1352 3684 de
1379 3613 1504 3702 quibus
1530 3611 1680 3684 solvitur
1707 3609 1768 3681 de·

218 3739 302 3810 eima
320 3791 489 3809 .......

466 3859 470 3864 “
924 3855 1068 3926 Dauus.
1373 3928 1380 3937 ,

317 3982 414 4054 Villa
439 3977 573 4084 hahens
599 3980 635 4048 in
662 3999 699 4050 sc
726 3977 906 4049 ecclesiam
932 3976 1166 4067 parochialem
1193 3975 1360 4064 ligneam,
1388 3958 1594 4044 Sanctorum
1620 3969 1769 4042 Simonis

220 4113 252 4175 et
277 4104 390 4176 dudae
426 4102 549 4173 honori
585 4095 752 4188 dicatam,
789 4100 885 4170 cuius
921 4098 1044 4168 haeres
1080 4096 1207 4168 Petrus
1243 4095 1554 4184 Blandowshy
1590 4093 1632 4164 de
1660 4092 1766 4163 armis
1866 4144 1869 4152 .

220 4225 458 4296 Palukaza.
485 4223 525 4292 In
553 4243 622 4311 qua
649 4227 729 4292 sunt
754 4220 847 4291 lanei
874 4219 1126 4307 amethcnales,
1145 4218 1198 4288 'de
1226 4217 1350 4311 quibus
1378 4215 1534 4286 solvitur
1552 4215 1685 4286 decima
1710 4234 1771 4303 pe-

221 4347 361 4418 cunialis
389 4345 549 4436 episcopa
578 4341 818 4431 tirasonensi,
854 4340 897 4411 de
925 4340 1079 4430 quelibet
1104 4339 1204 4409 laneo
1241 4359 1329 4427 per.
1348 4391 1489 4407 ......
1526 4336 1614 4434 Item
1641 4340 1696 4404 est
1722 4335 1772 4406 ihi

220 4489 320 4539 uniam
348 4455 528 4557 praedium
556 4463 725 4552 militare,
763 4463 806 4534 de
834 4462 943 4533 'cuius
957 4461 1051 4552 agris
1079 4461 1272 4532 decimatur
1308 4459 1472 4531 ecclesiae
1499 4462 1535 4528 et
1560 4457 1708 4546 plebano
1735 4455 1772 4522 in

221 4590 389 4660 Dchra:
426 4589 509 4659 itern
547 4587 653 4658 habet
689 4585 855 4675 plebanus
891 4583 1052 4674 proprios
1088 4604 1191 4671 agras
1227 4587 1264 4651 et
1297 4585 1418 4670 prata,
1453 4599 1517 4668 pra
1553 4599 1615 4648 suc
1642 4597 1709 4646 usu
1735 4579 1772 4645 et

221 4711 439 4799 necessitate;
467 4709 550 4780 item
576 4707 724 4780 solvitur
742 4707 809 4778 sihi
826 4728 884 4802 sap>
902 4725 964 4795 per·
992 4704 1209 4792 emethanes,
1237 4702 1280 4773 de
1308 4684 1463 4791 qualibet
1489 4699 1589 4769 lanea
1616 4718 1770 4786 per.....

321 4831 554 4919 Ponnunun,
591 4828 674 4899 villa
701 4827 764 4899 sub
792 4827 957 4917 parochia
983 4826 1026 4896 de
1052 4825 1210 4896 Dobra
1236 4825 1322 4911 sita,
1357 4822 1453 4892 errius
1488 4820 1613 4890 haeres
1640 4817 1772 4905 Sthy-

222 4953 385 5024 hcrius
412 4951 455 5023 de
482 4951 584 5022 domo
611 4949 891 5039 Streparum.
918 4947 958 5016 In
987 4967 1054 5035 qua
1082 4949 1164 5015 sunt
1189 4943 1281 5014 lanei
1308 4940 1550 5028 cmethonales,
1577 4938 1621 5009 de
1649 4938 1773 5028 quibus

223 5074 365 5146 solvitur
391 5073 523 5144 decima
549 5071 736 5162 pecunialis
763 5091 826 5160 pre
855 5051 1016 5158 episcopa
1035 5063 1266 5152 Cracaviensi‚
1293 5063 1336 5132 de
1355 5062 1509 5153 qualibet
1527 5060 1626 5130 lanea
1645 5079 1772 5148 per...
1851 5124 1854 5129 ,

224 5197 306 5266 ltem
332 5201 387 5266 est
412 5195 462 5266 ibi
489 5215 594 5264 unum
620 5191 801 5283 praedium
821 5189 979 5278 militare,
1007 5187 1050 5259 de
1070 5208 1135 5278 quc
1156 5185 1347 5258 decimatur
1370 5183 1535 5255 ecclesiae
1553 5182 1590 5251 in
1607 5179 1772 5267 Dabra

226 5319 305 5389 item
331 5340 388 5413 sep
415 5315 554 5388 solvunt
580 5315 738 5406 plebano,
766 5313 808 5384 de
836 5311 990 5403 quolibet
1017 5309 1115 5381 larrec
1143 5328 1206 5398 per
1225 5359 1338 5376 .....

201 5409 204 5424 ¹
868 5431 1130 5504 erenrrnrczn.

326 5543 419 5630 Villa
447 5559 579 5630 hahens
597 5557 633 5628 in
652 5577 689 5630 se
708 5554 888 5627 ecclesiam
906 5552 1140 5646 parochia-leni
1166 5549 1334 5640 ligneam,
1362 5544 1488 5616 Sancto
1507 5598 1514 5613 .
1533 5597 1542 5612 .
1561 5598 1568 5612 .
1588 5597 1595 5612 .
1618 5540 1777 5629 dicatam
1829 5594 1832 5600 .

227 5681 318 5752 cuius
344 5681 468 5752 haeres
494 5661 678 5752 Janussius
705 5675 995 5768 Msthowsh-y
1023 5672 1065 5747 de
1092 5672 1197 5745 arinis
1224 5671 1471 5758 Druszyna
1497 5685 1560 5756 pra
1579 5683 1649 5734 una
1665 5665 1775 5752 parte,

325 5849 373 5892 Ius.
387 5849 482 5892 ueneno.
503 5849 533 5890 11.
1569 5813 1608 5860 34
