4550 6600
519 746 593 827 390

516 963 641 1053 quibua
668 960 825 1033 omnibus
844 950 1001 1032 ¹solvitur
1027 958 1163 1034 decima
1188 958 1431 1053 manipularis,
1452 980 1522 1052 pro
1540 959 1686 1035 ecclesia
1711 960 1902 1053 parochiali
1928 967 1964 1035 61
1987 962 2058 1035 6116

514 1083 663 1173 plebano
689 1083 725 1153 in
752 1081 781 1153 P
789 1083 1077 1173 yrzsznicza,
1104 1088 1141 1154 et
1166 1084 1204 1154 hi
1222 1102 1341 1155 omncs
1368 1084 1444 1174 agri
1471 1085 1700 1157 aestimantur
1717 1085 1761 1157 ad
1779 1089 1911 1176 septem
1937 1084 2060 1157 laneca

621 1203 736 1276 Villae
762 1204 995 1295 parochiales:
1023 1203 1201 1296 Oppidum·
1222 1204 1556 1299 Pyrzsznicza,
1582 1205 1834 1299 Stroynou.

1210 1429 1376 1504 Lussow.

618 1568 713 1641 Villa
746 1570 879 1643 habens
915 1570 951 1639 in
986 1590 1024 1641 se
1054 1570 1289 1659 parochialem
1323 1543 1503 1643 ecclesiam
1538 1571 1705 1661 ligneam,
1740 1568 1869 1642 Sancto
1905 1568 2064 1641 Andreae

513 1691 684 1782 Apostolo
711 1692 879 1783 dicatam,
915 1691 1012 1761 cuius
1037 1690 1205 1763 haeredes
1240 1692 1271 1763 L
1279 1693 1514 1783 yssowszk
1522 1714 1546 1783 y
1572 1692 1616 1763 dc
1642 1692 1747 1763 armis
1774 1691 1915 1781 Rosa,
1943 1690 2064 1762 Petrus

514 1812 836 1903 Budkowszky
863 1810 905 1883 de
933 1812 1038 1883 armis
1065 1811 1362 1904 Kopaszyna,
1397 1813 1575 1917 Iohannes
1601 1812 1863 1904 Solyeczlry
1888 1812 1934 1883 de
1961 1814 2064 1883 armis

372 1936 374 1943 '
516 1986 709 2005 ........
747 1934 787 2005 11
816 1954 884 2024 qua
910 1940 992 2005 sunt
1018 1934 1110 2005 lanei
1142 1935 1393 2027 cmethonales,
1430 1937 1514 2008 item
1541 1935 1703 2026 praedira,
1730 1934 1949 2025 deonorum
1975 1935 2066 2022 agris

515 2056 673 2127 omnibus
700 2055 847 2127 solvitur
873 2062 910 2127 et
936 2055 1142 2127 conducitur
1168 2055 1301 2128 decima
1327 2056 1552 2149 manipularis
1574 2063 1613 2128 61
1629 2056 1804 2146 canapalis
1830 2076 1896 2145 pro
1923 2054 2065 2125 66616616

514 2176 549 2247 11
575 2176 741 2267 Lissum,
767 2182 803 2247 et
829 2176 926 2249 valor
953 2177 1027 2247 eins
1054 2177 1260 2249 aestimatur
1285 2178 1331 2250 ad
1357 2178 1474 2250 decem
1500 2198 1645 2250 marcas.
1678 2178 1765 2249 Item
1791 2176 1941 2248 ecclesia
1967 2196 2066 2267 prae

512 2298 586 2368 fata
620 2298 728 2371 habet
762 2298 898 2370 laneum
934 2296 970 2369 in
1006 2297 1265 2391 Zdrbanhy.
1304 2300 1393 2373 11611
1429 2294 1537 2373 hahet
1571 2300 1676 2371 ulium
1712 2317 1870 2390 campum
1904 2318 2066 2388 magnum

515 2440 695 2511 agrorum,
731 2425 869 2493 euntem
903 2440 967 2512 per
993 2425 1164 2512 montem,
1200 2442 1309 2513 usque
1345 2422 1390 2494 ad
1416 2422 1547 2494 Br-od.
1587 2422 1674 2493 Item
1708 2421 1816 2492 habet
1850 2420 1924 2491 tria
1958 2425 2067 2510 prata,

514 2562 618 2627 unum
632 2546 713 2631 post
730 2540 877 2631 Malek,
896 2542 1043 2613 alterum
1057 2564 1220 2632 magnum
1233 2548 1314 2632 post
1327 2549 1466 2634 pratum
1479 2543 1607 2634 curiae,
1623 2543 1767 2613 tertIum
1784 2542 1820 2617 iu
1835 2540 2067 2631 Zdrbanky.

512 2662 600 2733 Item
628 2663 733 2734 habet
757 2683 863 2735 unam
888 2663 1121 2735 hortrdaniam
1149 2663 1278 2735 ibidem
1304 2665 1341 2736 in
1367 2664 1544 2757 Lyssow‚
1571 2669 1607 2736 et
1630 2665 1797 2755 piscinam
1815 2669 1897 2754 post
1923 2662 2067 2735 candem

474 2820 479 2837 ··
513 2783 752 2855 hortulaniam.
780 2783 886 2863 Cuius
913 2791 1029 2857 rector
1047 2784 1225 2857 Johannes
1253 2784 1416 2858 sacerdos
1434 2787 1629 2860 modernus.
1655 2785 1743 2857 Item
1762 2766 1873 2857 habet
1886 2786 2066 2857 tabernam

512 2906 798 2997 proprietarium,
825 2926 933 2997 prope
960 2907 1128 2996 piscinam
1155 2926 1253 2979 suam
1279 2906 1445 2996 liberam,
1471 2908 1655 2981 habentem
1681 2926 1805 2998 agros,
1831 2904 1876 2977 dc
1902 2906 2068 2997 quasin·
2099 2992 2103 2996 ‚

511 3027 602 3114 gulis
629 3028 729 3099 annis
756 3028 904 3119 solvitur
931 3028 997 3099 sibi
1025 3048 1157 3101 661666.
1357 3118 1362 3127 ρ

618 3146 910 3239 Osaznuczmzn,
946 3149 1029 3221 villa
1055 3151 1120 3221 sub
1147 3150 1313 3240 parochia
1343 3151 1509 3223 ecclesiae
1536 3150 1580 3224 16
1605 3148 1792 3243 Lysaou
1818 3150 1896 3221 sita
1932 3148 2067 3238 11616

371 3363 377 3368 -
513 3274 594 3338 6111
619 3268 711 3340 16161
738 3268 989 3361 cmethonales,
1016 3270 1059 3342 de
1086 3262 1212 3362 ciuibus
1238 3272 1387 3346 solvitur
1404 3278 1442 3345 et
1459 3273 1664 3346 conducitur
1681 3270 1815 3344 decima
1840 3268 2066 3362 manipularis

514 3395 551 3458 et
578 3389 752 3480 canapulis
779 3410 842 3480 pro
879 3392 1078 3482 episcopatu
1113 3391 1352 3484 cracoviensi,
1379 3399 1416 3466 et
1442 3395 1542 3468 valor
1573 3394 1648 3466 cius
1683 3394 1889 3466 aestImatur
1924 3392 1970 3463 ad
1996 3398 2068 3462 tres

513 3509 675 3582 fertones.
702 3511 790 3582 Item
810 3519 892 3585 sunt
911 3513 960 3584 ibi
987 3513 1047 3585 alii
1065 3513 1158 3586 lanei
1179 3516 1413 3588 cmethonales
1439 3521 1476 3586 61
1500 3515 1661 3607 praedia,
1687 3515 1732 3586 de
1757 3515 1884 3606 quibus
1911 3514 2068 3585 omnibus

513 3631 659 3704 soluitur
686 3633 819 3705 decIma
845 3635 1067 3727 manipularis
1095 3636 1260 3709 ecclesiae
1286 3638 1322 3708 in
1350 3637 1545 3728 Lyssow,
1572 3644 1608 3710 et
1634 3637 1733 3710 valor
1758 3637 1834 3708 eius
1861 3636 2067 3707 aestimatur

512 3753 556 3825 ad
583 3753 700 3827 decem
726 3774 869 3829 marcas.
903 3758 990 3830 Item
1018 3759 1053 3829 in
1080 3759 1164 3831 villa
1193 3757 1523 3831 Ghrzelczicze
1550 3763 1632 3830 sunt
1657 3759 1764 3850 aliqui
1789 3759 1883 3831 lanei
1908 3764 1947 3829 et
1972 3758 2065 3847 agri,

514 3876 557 3948 de
589 3877 714 3968 anbus
750 3879 942 3953 decimatur
969 3901 1032 3972 pro
1068 3901 1190 3954 mensa
1224 3881 1413 3974 episcopali
1449 3879 1689 3974 cracoviensI,
1714 3882 1813 3954 cuius
1838 3880 1939 3953 valor
1964 3879 2068 3952 aesti-

516 4002 632 4069 matnr
660 3999 704 4070 ad
731 4005 804 4072 tres
830 4000 992 4076 fertones.

616 4117 812 4212 Bnonzow,
841 4123 924 4194 villa
950 4125 1015 4197 sub
1043 4125 1207 4216 parochio
1233 4124 1277 4196 de
1304 4124 1474 4216 Lyssow
1499 4125 1576 4198 sita.
1602 4124 1643 4196 In
1670 4131 1840 4216 quaeunt
1864 4123 2065 4214 161616616-

512 4240 672 4313 thonales
700 4242 784 4314 item
810 4245 994 4336 tabernae,
1031 4247 1115 4318 item
1141 4247 1379 4337 hadrianiae,
1415 4248 1498 4319 item
1532 4246 1694 4338 praedia,
1728 4247 1772 4318 16
1798 4267 1948 4337 quorum
1974 4245 2066 4336 agris

512 4363 670 4436 omnibus
697 4361 843 4437 solvitur
869 4373 905 4438 61
932 4366 1136 4440 conducitur
1163 4368 1296 4440 decima
1321 4367 1548 4459 manipularis
1566 4374 1603 4440 ct
1621 4369 1805 4460 canapalis,
1831 4389 1898 4458 pro
1925 4367 2065 4439 66616616

512 4485 547 4554 11
569 4485 773 4578 Lyssow,
800 4488 897 4560 cuius
925 4487 1022 4561 valor
1049 4489 1093 4561 ad
1121 4489 1239 4562 decem
1266 4511 1402 4562 marcas
1428 4491 1643 4562 aestimatur.

616 4607 800 4700 Zenonas,
826 4609 910 4681 villa
937 4610 1001 4683 sub
1027 4612 1194 4701 parochia
1220 4612 1263 4683 de
1289 4612 1455 4703 Lyssou
1481 4612 1559 4686 sita
1585 4610 1626 4684 In
1653 4633 1723 4704 qua
1749 4616 1831 4710 sunt
1857 4611 1951 4683 lanei
1977 4629 2063 4682 cmc·

511 4729 679 4821 thonales,
707 4729 791 4803 item
817 4732 981 4824 taberna,
1017 4733 1101 4804 item
1128 4733 1364 4829 hortulaniae,
1397 4734 1480 4806 item
1506 4735 1696 4826 praedium,
1722 4734 1944 4824 deonorum
1970 4732 2061 4822 agris

512 4853 669 4925 omnibus
697 4853 844 4926 solvitur
870 4860 907 4927 et
933 4854 1135 4928 conducitur
1163 4855 1295 4928 decima
1321 4855 1548 4946 manipularis
1575 4864 1612 4928 61
1629 4857 1803 4948 canapalis
1829 4874 1895 4946 pro
1921 4854 2064 4928 66616616

511 4973 547 5044 11
574 4973 771 5066 Lyssow,
799 4976 896 5048 cuius
923 4976 1021 5048 valor
1048 4978 1252 5050 aestimatur
1279 4975 1324 5049 ad
1351 4973 1470 5049 decem
1495 4997 1638 5050 marcas

616 5093 959 5189 Ounrrnuuowrozn,
997 5099 1080 5170 villa
1116 5100 1180 5171 sub
1207 5100 1372 5190 parochIa
1407 5099 1450 5170 de
1477 5099 1662 5192 Lyssow
1697 5097 1774 5172 sita.
1812 5097 1953 5190 Inque
1987 5101 2063 5169 sunt

510 5212 602 5288 lanei
629 5218 880 5310 cmethonales,
908 5218 951 5290 16
979 5220 1103 5310 quibus
1130 5221 1303 5312 omnibuS,
1330 5217 1477 5293 solvitur
1503 5225 1540 5292 61
1566 5220 1771 5293 conducitur
1796 5219 1932 5293 declma
1957 5219 2063 5291 mani·

511 5337 642 5428 pularis
679 5343 715 5411 61
743 5341 917 5432 canapalis
953 5361 1017 5432 pro
1045 5342 1246 5433 episcopatu
1282 5341 1521 5434 Cracoviensi,
1556 5350 1593 5415 61
1619 5342 1717 5415 valor
1752 5343 1826 5414 eius
1862 5344 2062 5414 aestimatur

510 5459 554 5528 ad
580 5481 685 5532 unam
710 5481 871 5534 marcam.
897 5462 986 5533 Item
1014 5469 1095 5534 sunt
1122 5464 1171 5536 ibi
1197 5465 1268 5537 tria
1293 5464 1438 5555 praedia
1463 5463 1650 5555 militaria,
1682 5463 1726 5534 16
1762 5464 1887 5554 quibus
1915 5463 2059 5537 soluitur

510 5576 642 5649 decima
667 5583 892 5672 manipularis
911 5603 974 5674 pro
993 5583 1137 5656 ecclesia
1160 5585 1196 5655 in
1219 5582 1388 5675 Lissou,
1415 5590 1452 5656 et
1469 5583 1569 5657 valor
1585 5584 1662 5655 eins
1688 5585 1895 5656 aestimatur
1921 5585 1967 5656 ad
1993 5588 2060 5654 tres

513 5715 656 5769 mareas.
682 5703 767 5773 Item
797 5710 878 5775 sunt
897 5705 945 5776 ibi
965 5705 1032 5776 duo
1052 5706 1167 5796 campi
1191 5704 1396 5796 praediales,
1422 5727 1512 5778 unus
1539 5724 1637 5780 secus
1663 5711 1828 5796 stratam,
1855 5727 1945 5797 qnae
1971 5704 2061 5777 ducit
