4550 6600
1582 723 1586 728 ⁵
1706 770 1821 862 ess·

219 1006 287 1080 per
425 985 588 1081 episcopo
615 984 854 1063 cracoviensi:
886 987 975 1063 Item
1001 987 1183 1084 praedium
1208 998 1265 1064 est
1290 981 1396 1064 unum
1423 989 1588 1084 militare,
1614 992 1659 1065 de
1676 995 1776 1067 cuius

219 1109 321 1199 agris
347 1107 540 1183 decimatur
574 1110 741 1183 ecelesiae
773 1118 809 1183 et
836 1112 983 1203 plebano
1010 1112 1046 1184 in
1073 1112 1237 1203 Polme,
1271 1114 1355 1186 item
1381 1112 1550 1205 plebanus
1576 1120 1614 1187 et
1638 1116 1783 1189 ecclesia

217 1228 331 1333 habet
357 1232 516 1323 proprios
543 1252 646 1323 agros
672 1238 710 1304 et
735 1238 855 1325 prata,
891 1254 956 1324 pro
984 1254 1046 1307 suo
1073 1254 1149 1325 usu,
1175 1234 1320 1325 praedio
1348 1240 1384 1306 et
1409 1235 1626 1309 necessitate.

890 1354 1117 1429 Wmoz'rsns.
1574 1424 1578 1431 .

328 1471 423 1543 Villa
457 1473 589 1546 habens
625 1475 661 1545 in
693 1495 731 1547 se
758 1475 936 1547 ecclesiam
971 1476 1205 1567 parochialem
1241 1477 1409 1569 ligneam,
1446 1476 1574 1550 Sancto
1605 1476 1779 1550 Stanislao

218 1592 395 1685 dicatam,
422 1595 519 1667 cuins
546 1596 670 1668 haeres
696 1596 892 1669 Janussius·
906 1596 929 1669 J
938 1599 1152 1689 ezowsky
1177 1598 1221 1670 de
1248 1600 1354 1670 armis
1381 1654 1497 1670 .....
1536 1600 1578 1671 In
1605 1620 1674 1691 qua
1699 1606 1782 1671 sunt

140 1732 144 1739 ·
218 1715 314 1785 lanei
343 1717 590 1807 emethonales,
618 1718 805 1809 dequibus
833 1719 981 1792 solvitur
998 1719 1132 1793 decima
1159 1720 1349 1811 pecunialis
1375 1720 1538 1812 episcopo
1557 1719 1810 1794 Crotoniensi

217 1857 283 1926 per
311 1892 430 1907 .....
470 1837 559 1910 Item
586 1859 656 1911 non
683 1846 738 1912 est
768 1840 818 1912 ibi
843 1840 1042 1931 praedium,
1078 1848 1133 1913 est
1159 1849 1277 1913 autem
1312 1842 1474 1915 scoltetia
1508 1843 1641 1914 habens
1667 1863 1780 1934 agros,

218 1958 264 2029 de
282 1958 412 2049 quibus
430 1959 579 2031 decimat
593 2014 675 2031 .....
685 1984 694 2050 ;
722 1960 804 2033 item
823 1962 969 2034 ecclesia
995 1968 1031 2033 et
1048 1962 1225 2054 plebanus
1242 1964 1350 2036 habet
1368 1964 1417 2035 ibi
1436 1984 1540 2055 agros
1555 1965 1716 2056 proprios
1742 1965 1786 2036 et‘

217 2086 344 2170 prata,
372 2102 436 2171 pro
463 2102 526 2153 suo
552 2102 635 2173 usn,
662 2083 805 2173 praedio
832 2088 869 2155 et
894 2084 1111 2157 necessitate.
1290 2087 1294 2095 '

325 2202 491 2293 Senozn,
518 2204 601 2275 uilla
637 2205 702 2276 snb
728 2205 895 2295 parochia
921 2203 964 2277 de
991 2204 1270 2297 Wylczyska
1295 2206 1382 2296 sita,
1410 2206 1508 2278 cuius
1534 2207 1660 2278 haeres
1686 2206 1778 2278 idem

217 2316 407 2395 Janussius
433 2323 456 2396 J
466 2325 685 2417 ezousky.
724 2324 765 2397 In
793 2346 861 2417 qua
888 2332 969 2399 sunt
995 2326 1087 2399 lanei
1122 2327 1375 2418 emethonules,
1398 2327 1452 2416 ,de
1479 2328 1605 2419 quibus
1631 2328 1780 2400 solvitur
1867 2381 1872 2395 ,

218 2444 357 2515 decima
383 2446 573 2544 pecunialis
601 2466 664 2536 pro
693 2447 856 2539 episcopo
884 2446 1105 2521 Oracoviensi
1132 2468 1196 2539 per
1303 2503 1310 2520 .
1330 2502 1364 2519 ..

325 2565 489 2656 Snaozn,
517 2566 601 2637 villa
626 2568 691 2665 sub
716 2568 882 2657 parochia
908 2568 951 2640 de
968 2568 1246 2660 Wylczyska
1271 2569 1358 2659 sita,
1385 2568 1482 2640 cuius
1509 2568 1633 2640 haeres
1660 2566 1778 2660 Moy-

218 2686 410 2777 kowsky
437 2687 480 2757 de
507 2688 613 2758 armis
773 2688 902 2779 Inque
924 2694 1005 2761 sunt
1032 2689 1123 2760 lanei
1149 2689 1399 2779 emethonnles,
1425 2688 1470 2761 de
1488 2689 1613 2779 quibus
1631 2689 1779 2761 solvitur
1854 2741 1857 2746 «

219 2812 254 2877 et
271 2806 481 2880 conducitur
508 2807 642 2880 decima
667 2808 893 2899 manipularis
921 2816 957 2882 et
974 2807 1150 2901 canapalis
1176 2831 1241 2901 pro
1258 2810 1405 2883 ecclesia
1429 2810 1466 2881 in
1485 2808 1509 2881 S
1516 2809 1779 2901 yedliszlra,

219 2928 317 3001 coins
355 2929 454 3001 valor
489 2929 534 3001 ad
561 2936 695 3021 septem
729 2950 865 3003 marcas
896 2932 1109 3003 aestimatur.
1156 2931 1247 3017 {tem
1281 2937 1337 3004 est
1371 2931 1421 3003 ibi
1456 2952 1560 3002 unum
1597 2930 1778 3021 praedium

221 3051 395 3141 militare,
423 3050 466 3123 de
485 3052 582 3123 ouius
599 3051 694 3142 agris
712 3051 904 3125 decimatur
922 3053 1086 3125 ecclesiae
1114 3058 1151 3125 et
1168 3054 1243 3126 eius
1260 3053 1409 3144 plebano
1436 3053 1471 3124 in
1490 3051 1779 3145 Wylcziska3

224 3172 305 3243 item
335 3172 472 3244 ratione
498 3170 651 3244 masclae
676 3173 783 3246 habet
808 3174 857 3245 ibi
880 3174 1046 3265 plebanus
1074 3174 1117 3245 de
1140 3174 1294 3265 quoldoet
1319 3174 1419 3246 laneo
1437 3194 1543 3246 unum
1560 3194 1729 3264 grossum.

324 3292 606 3387 Wonnanown,
641 3296 725 3370 villa
751 3296 815 3369 sub
843 3297 1009 3388 parochia
1044 3297 1087 3369 de
1114 3295 1391 3390 Wylczyska
1417 3280 1504 3387 sita,
1530 3296 1628 3368 cuius
1653 3295 1779 3368 haeres

219 3415 399 3489 Johannes
427 3417 470 3490 de
489 3419 594 3490 armis
622 3417 903 3510 Stroparum.
943 3420 983 3490 In
1003 3440 1071 3511 qua
1089 3425 1172 3492 sunt
1188 3419 1282 3492 lanei
1309 3419 1565 3509 emethonales,
1591 3417 1779 3508 dequibus

220 3539 372 3612 solvitur
397 3545 434 3610 et
460 3540 665 3612 conducitur
691 3541 824 3612 decima
850 3541 1076 3632 manipularis
1103 3547 1140 3612 et
1157 3541 1334 3632 canapalis
1360 3542 1523 3633 episcopo
1549 3538 1780 3627 cracoviensi,

220 3661 317 3732 euius
348 3661 446 3734 valor
473 3662 678 3734 aestimatur
704 3663 749 3734 ad
767 3663 893 3753 uiginti
919 3683 1074 3755 marcas,
1101 3664 1185 3735 item
1203 3670 1258 3736 est
1284 3664 1334 3734 ihi
1351 3683 1456 3734 unum
1483 3660 1662 3754 praedium
1689 3660 1779 3731 mili-

131 3845 162 3885 ·.
220 3787 314 3873 tare,
345 3782 388 3854 de
414 3783 512 3854 cuius
539 3784 633 3873 agris
661 3783 853 3856 decimatur
878 3783 1044 3856 ecclesiae
1071 3785 1107 3855 in
1134 3783 1419 3875 Wylczyska.

324 3903 575 3995 Lnennozus,
603 3905 687 3978 villa
716 3905 780 3978 sub
799 3905 965 3996 parochia
992 3905 1035 3976 de
1054 3905 1209 3996 Wylcz
1220 3905 1334 3997 y'slra
1352 3905 1435 3995 sita,
1461 3904 1559 3976 cuins
1577 3903 1700 3974 haeres
1718 3901 1779 3978 Ja-

179 4115 180 4122 Ὶ
221 4025 363 4096 nussius
380 4024 403 4096 J
412 4026 622 4117 ezowsky
635 4025 689 4098 de
708 4027 814 4098 armis
833 4081 840 4096 .
859 4081 866 4096 .
886 4081 893 4097 .
912 4082 919 4096 .
960 4027 1000 4100 In
1019 4047 1087 4119 qna
1105 4032 1188 4098 sunt
1205 4027 1298 4098 lanei
1315 4025 1563 4117 emethonnles,
1590 4024 1633 4097 de
1652 4027 1777 4115 quibus

220 4146 370 4218 solvitur
396 4153 432 4219 et
459 4147 664 4219 conducitur
677 4149 822 4240 ,decima
849 4148 1075 4238 manipularis
1103 4155 1139 4219 et
1166 4148 1343 4241 canapalis
1370 4169 1434 4238 pro
1461 4148 1622 4239 episcopo
1650 4145 1776 4218 Orato-

222 4266 342 4339 viensi.
373 4267 461 4340 Item
480 4275 534 4341 e'st
551 4271 600 4342 ibi
618 4291 723 4341 unrun
743 4270 922 4361 praedium
940 4269 1103 4362 militare,
1123 4270 1166 4343 de
1180 4271 1278 4344 cuius
1296 4271 1391 4362 sostris
1405 4269 1598 4343 decimator
1611 4269 1777 4342 acclesiae
1861 4346 1864 4351 ,

222 4395 256 4458 et
280 4390 432 4480 plebano
460 4391 495 4461 in
523 4390 810 4484 Wylozyslra.
859 4447 864 4454 .

196 4556 198 4561 -
322 4503 552 4604 Jnnnowh,
573 4513 656 4584 villa
692 4515 755 4586 sub
791 4513 956 4604 parochia
1001 4513 1044 4586 de
1081 4513 1126 4586 W
1135 4514 1237 4606 ylcz
1246 4516 1362 4606 yska
1396 4514 1479 4605 sita,
1517 4513 1774 4604 cniushaeres

223 4631 464 4725 Je‘zowsky
490 4633 677 4726 praefatus.
725 4631 766 4706 In
793 4655 861 4726 qua
888 4641 970 4708 sunt
995 4635 1087 4708 lanei
1114 4620 1367 4729 cmethonales,
1402 4637 1446 4708 de
1473 4637 1599 4727 quibus
1625 4635 1774 4706 solvitur

224 4753 355 4826 decima
380 4753 607 4846 manipularis
642 4756 804 4848 episcopo
831 4755 1066 4848 Crotoniensi,
1100 4758 1197 4830 euius
1224 4758 1322 4831 valor
1347 4758 1552 4830 aestimatur
1587 4756 1633 4827 ad
1660 4811 1773 4826 .....

226 4875 306 4948 itam
334 4877 384 4948 ibi
410 4877 589 4967 praedium
615 4897 684 4950 non
712 4884 775 4951 est.
1692 4880 1696 4894 “

908 4999 1087 5072 Gznnnoz.

325 5120 499 5212 Oppidum
526 5121 657 5196 habens
684 5122 719 5194 in
739 5142 776 5194 se
794 5121 1027 5214 parochialem
1054 5121 1249 5213 ecelesiam,
1276 5120 1404 5195 Sancto
1431 5119 1587 5194 Martino
1613 5121 1774 5212 dicatam,

226 5241 318 5314 cuins
354 5243 552 5334 proprietas
579 5243 623 5316 ad
650 5244 783 5334 nobiles
819 5244 862 5316 de
889 5245 995 5315 armis
1031 5243 1177 5315 Olava
1202 5243 1396 5316 Johannem
1424 5250 1460 5315 et
1486 5243 1668 5315 Nicolaum
1694 5263 1774 5334 ger-

227 5383 342 5437 manos
369 5363 411 5436 de
439 5363 672 5437 Strzezow
698 5366 858 5456 pertinet.
898 5365 939 5436 ln
966 5385 1033 5456 quo
1069 5373 1152 5437 sunt
1186 5366 1278 5437 lanei
1309 5365 1559 5458 oppidanorum
1587 5371 1624 5436 et
1648 5366 1773 5436 subur-

226 5483 402 5578 banorum,
430 5486 615 5577 dequibus
634 5487 780 5578 quilibet
797 5487 840 5560 de
859 5487 958 5559 laneo
976 5487 1080 5558 solvit
1107 5487 1273 5559 ecclesiae
1300 5494 1337 5558 et
1354 5489 1501 5578 plebano
1528 5489 1564 5558 in
1583 5487 1773 5578 Gaudete,

228 5625 286 5694 per
310 5607 477 5680 fertonem
513 5613 550 5679 et
575 5614 649 5681 tres
675 5629 854 5682 mensures
881 5608 1028 5700 siliginis
1055 5614 1091 5679 et
1116 5613 1191 5680 tres
1225 5629 1365 5681 avenae.
1405 5609 1493 5680 ltem
1519 5609 1564 5681 de
1590 5609 1773 5699 oppidanis

229 5731 262 5800 et
278 5729 483 5802 suburbanis
510 5729 661 5804 eiusdem
691 5729 820 5825 oppidi,
848 5730 994 5822 quilibet
1019 5730 1147 5819 hospes
1173 5729 1291 5807 solut,
1305 5730 1453 5822 plebano
1479 5751 1544 5823 pro
1562 5730 1773 5804 mensalibus
