4550 6600
1724 765 1774 839 93

234 995 339 1047 coram
366 972 465 1045 nobis
492 979 777 1064 recognoverunt,
804 974 909 1045 talem
937 976 1028 1045 inter
1054 995 1091 1043 se
1115 973 1322 1045 alterutrum
1341 974 1603 1066 ordinationem,
1632 979 1667 1049 01
1694 997 1773 1049 000-

233 1095 377 1167 cordiam
392 1072 535 1185 1001000,
562 1094 732 1183 videlicet,
761 1096 851 1185 quod
879 1094 1055 1185 praefatus
1074 1096 1242 1166 Dominus
1267 1095 1418 1167 Michael
1445 1098 1664 1187 praepositus
1691 1099 1775 1170 mie-

231 1216 416 1288 cboviensis
444 1237 513 1285 una
540 1236 616 1284 curn
644 1236 705 1285 suo
735 1222 904 1287 conventu
931 1237 968 1286 se
996 1217 1239 1305 submiserunt,
1266 1222 1302 1286 01
1320 1216 1447 1287 debent
1466 1218 1549 1288 dare
1577 1223 1612 1288 et
1639 1213 1775 1291 solvere

230 1336 471 1425 manipularem
508 1334 675 1405 decimam
713 1337 896 1406 cuiuslibet
930 1337 1068 1427 generis
1104 1336 1372 1426 frumentorum,
1408 1338 1564 1427 ipsorum
1592 1340 1712 1409 allodii
1738 1341 1774 1410 in

232 1458 306 1529 villa
332 1455 468 1544 Orlow;
503 1456 576 1527 sola
603 1461 717 1527 tamen
745 1457 788 1527 de
816 1458 909 1546 agris
937 1458 1023 1547 illis,
1061 1458 1119 1547 qui
1146 1459 1190 1528 ab
1218 1459 1360 1547 antiquo
1389 1459 1593 1548 spectabant
1620 1459 1664 1530 ad
1691 1461 1775 1531 allo·

230 1579 315 1651 dium
343 1578 460 1647 curiae
488 1577 641 1647 eiusdem
674 1578 777 1647 villae
805 1576 930 1667 Orlow,
954 1578 1131 1649 'ccclesiae
1168 1580 1359 1668 parochiali
1386 1581 1422 1651 10
1451 1580 1621 1651 Το00000
1647 1586 1683 1651 01
1703 1582 1801 1675 0010ι

228 1699 416 1769 rectoribus
444 1699 659 1787 temporibus
686 1700 865 1789 perpetuis
893 1700 1081 1787 duraturis
1109 1699 1152 1771 de
1171 1700 1240 1769 alia
1262 1720 1346 1771 vero
1373 1705 1475 1791 parte
1501 1722 1663 1790 agrorum
1691 1701 1776 1773 dicti

228 1820 339 1892 allodii
367 1820 404 1889 in
431 1818 555 1909 Orion,
585 1840 672 1909 quos
700 1820 826 1890 dividit
855 1819 1025 1909 quoddam
1053 1820 1220 1891 fossatum
1249 1822 1475 1911 apraedictis
1502 1822 1653 1912 antiquis
1671 1802 1779 1913 agris,=

229 1942 400 2031 decimam,
429 1941 511 2013 darc
540 1940 643 2011 debet
679 1940 723 2011 ad
751 1942 930 2013 ecclesiam
958 1942 1256 2030 miecboviensem;
1282 1942 1459 2032 praefatus
1485 1963 1632 2033 namque
1658 1943 1777 2015 Domi-

115 2154 118 2165 ,
228 2085 287 2135 000
306 2062 476 2133 Nemerza
494 2062 711 2151 praedictum
732 2062 907 2133 dominum
935 2064 1172 2153 praepositum
1192 2069 1228 2136 et
1246 2070 1453 2136 conventum
1481 2065 1555 2136 eius
1573 2066 1777 2137 monasterii

227 2184 503 2273 miechoviensis,
531 2204 572 2254 ac
598 2183 753 2273 ipsorum
780 2205 1017 2274 successoros,
1055 2186 1099 2255 ad
1125 2185 1267 2256 tertiam
1297 2191 1432 2275 partem
1458 2186 1796 2285 iurisxpotronatus-

228 2305 421 2395 praedictae
449 2304 612 2375 ecclesiae
639 2305 675 2375 in
704 2304 873 2377 ’1000000
906 2305 1045 2377 admisit
1071 2307 1248 2395 perpetuis
1281 2308 1497 2397 temporibus
1525 2306 1777 2379 conferendam.

228 2426 288 2515 Qui
315 2427 454 2515 quidem
481 2426 611 2497 domini
637 2427 856 2515 praepositus
875 2434 911 2497 ot
928 2426 1098 2497 Nemerza
1116 2429 1216 2499 nobis
1236 2429 1475 2518 supplicarunt
1500 2428 1664 2517 studiose,
1692 2449 1776 2518 qua-

228 2555 322 2619 tenus
358 2547 632 2636 ordinationem,
669 2548 906 2637 concordiam,
948 2548 1212 2620 submissionem
1248 2554 1284 2619 et
1311 2550 1555 2623 admissionem
1581 2548 1777 2639 praedictas

227 2670 436 2759 approbare,
472 2669 669 2757 gratificare
697 2674 733 2738 et
759 2670 964 2741 confirmare
1000 2671 1232 2759 dignaremur.
1277 2670 1350 2742 Nos
1377 2672 1486 2759 igitur
1517 2671 1776 2760 praedictorum

227 2791 442 2862 dominorum
468 2790 659 2880 praepositi
696 2795 731 2861 et
758 2790 926 2862 Nemerne
963 2791 1126 2863 studiosis
1162 2792 1402 2881 petitionibus
1439 2798 1587 2882 utpote
1613 2793 1714 2863 iustis
1741 2796 1778 2863 et

228 2912 350 2983 rationi
379 2906 770 3001 consonis'annuenteS,
789 2913 1059 3001 ordinationem,
1088 2913 1317 3001 concordiam,
1345 2913 1619 3003 submissionem,
1646 2919 1682 2983 01
1717 2912 1779 2984 ad·

228 3033 424 3103 missionem
451 3033 648 3122 praedictas
676 3040 796 3122 gratas
815 3040 918 3123 atque
938 3039 1033 3103 ratas
1060 3033 1238 3122 babentes,
1265 3034 1508 3123 approbamus,
1533 3033 1778 3123 gratificamur,

229 3154 438 3225 ratificamus
466 3158 501 3224 01
526 3160 648 3225 100000
684 3155 921 3244 praesentium
953 3154 1212 3244 confirmamus,
1252 3155 1476 3225 decernentes
1499 3156 1593 3244 ipsas
1621 3156 1779 3226 obtinere

228 3276 385 3366 perpetui
414 3276 550 3347 roboris
579 3276 792 3347 firmitatem.
818 3276 859 3370 ln
878 3275 1045 3358 cniusrci
1064 3275 1309 3365 testimonium,
1337 3281 1539 3366 praesentes
1564 3296 1627 3367 por
1654 3274 1779 3347 1111100-

227 3404 296 3468 100
315 3398 492 3468 00100100
511 3397 628 3468 000100
646 3403 789 3468 nostrae
808 3397 1065 3487 infrascriptum
1085 3398 1200 3486 scribi,
1228 3397 1409 3487 nostrique
1437 3398 1542 3488 sigilli
1569 3398 1780 3488 appensione

226 3519 384 3589 iussimus
423 3519 634 3590 communiri.
678 3517 806 3589 Actum
838 3525 874 3588 01
901 3518 1021 3589 datum
1057 3539 1147 3588 0000
1175 3518 1417 3607 pontificatus,
1445 3519 1510 3607 die,
1538 3539 1664 3607 mense,
1692 3519 1780 3607 loco,

229 3641 348 3730 quibus
376 3661 493 3730 supra.
520 3640 768 3712 Praesentibus
796 3641 1051 3712 venerabilibus
1071 3645 1105 3710 ot
1123 3640 1385 3711 honorabilibus
1412 3641 1495 3711 viris
1519 3640 1675 3711 dominis:
1704 3638 1781 3710 Sto-

228 3763 333 3832 nisloo
370 3763 499 3834 abbate
529 3763 738 3846 ,monasterii
765 3763 807 3832 dc
834 3761 989 3832 Brz'eslro
1025 3762 1157 3832 ordinis
1194 3763 1563 3851 praemonstratensis,
1598 3761 1779 3849 Donin...,

228 3883 440 3954 cracoviensi
467 3888 504 3954 et
530 3883 729 3971 praeposito
766 3883 884 3952 Sancti
919 3881 1074 3952 Floriani
1110 3888 1211 3952 extra
1245 3903 1363 3952 monos
1400 3883 1637 3952 cracovienses
1673 3880 1781 3951 eccle-

228 4003 365 4093 siarum,
395 4009 433 4074 01
459 4003 604 4074 Nicolao
632 4003 888 4075 Ponasohoonis
915 4003 1114 4093 praeposito
1144 4003 1368 4092 cracoviensi,
1395 4003 1539 4074 Nicolao
1566 4003 1796 4092 Lapparrow-1

229 4125 311 4215 szlry
339 4125 543 4215 praeposito
570 4125 750 4196 kiolciensi
778 4126 1005 4196 0100000100
1033 4124 1256 4212 cracoviensi,
1284 4145 1324 4194 ac
1351 4124 1429 4196 aliis
1456 4124 1523 4194 fide
1551 4123 1665 4213 dignis
1683 4123 1784 4194 testi-

229 4246 300 4335 bus,
328 4247 425 4318 oirca
451 4247 643 4335 praemissa
669 4246 801 4318 vocatis
835 4245 1033 4334 specialiter
1059 4250 1095 4316 et
1122 4245 1263 4334 rogatis.
1290 4243 1339 4316 Et
1365 4266 1430 4335 ego
1457 4245 1625 4316 Albertus
1652 4244 1783 4316 101000-

228 4388 285 4437 000
321 4368 366 4438 de
399 4367 621 4438 Jaroschewo
659 4367 805 4438 clericus
832 4366 1003 4455 plocensis
1040 4366 1217 4455 dioecesis,
1244 4366 1416 4455 imperiali
1447 4366 1656 4437 auctoritate
1683 4373 1783 4439 nota-

228 4488 298 4559 rius
331 4489 511 4578 publicus,
546 4489 745 4577 praedictae
773 4488 993 4576 ordinationi,
1022 4488 1237 4577 concordiae,
1265 4488 1523 4577 compositioni,
1552 4488 1783 4575 submissioni,

229 4609 449 4699 admissioni,
486 4609 729 4699 approbationi
764 4629 805 4680 00
831 4605 999 4679 00001100
1026 4613 1062 4680 01
1089 4609 1252 4698 singulis,
1288 4608 1371 4678 dum
1397 4608 1448 4680 sic
1482 4614 1522 4680 ut
1548 4609 1783 4698 praemittitur

228 4731 350 4800 tierent
369 4737 408 4800 et
427 4736 622 4819 agerentur,
650 4750 719 4800 una
747 4749 825 4800 cum
851 4730 1121 4818 praenominatis
1141 4729 1291 4800 testibus
1310 4750 1474 4819 praeseus
1493 4727 1646 4818 interfui,
1674 4750 1783 4818 eaque

229 4850 302 4923 fieri
330 4853 406 4924 vidi
434 4857 469 4922 01
496 4851 630 4940 audivi,
658 4873 761 4922 manu
787 4872 864 4921 moa
891 4851 1034 4941 propria
1061 4851 1290 4940 conscribens,
1318 4851 1353 4920 in
1380 4851 1470 4920 hanc
1496 4849 1641 4920 formam
1668 4851 1781 4940 publi-

229 4993 301 5042 cam
328 4973 470 5062 redegi,
498 4973 598 5062 signo
626 4979 662 5042 01
689 4973 826 5043 nomine
854 4974 938 5042 meis
958 4973 1069 5043 solitis
1098 4978 1133 5042 01
1161 4972 1344 5060 consuetis,
1371 4993 1440 5040 una
1469 4992 1545 5042 cum
1573 4972 1784 5060 appensione

229 5095 332 5184 sigilli
351 5093 634 5166 reverendissimi
653 5095 689 5164 in
708 5092 846 5164 Christo
874 5094 986 5182 patris
1005 5091 1135 5164 domini
1163 5092 1293 5163 domini
1320 5092 1459 5163 Alberti
1486 5094 1640 5182 episcopi
1667 5113 1785 5166 craco-

228 5215 376 5306 viensis,
406 5235 448 5286 en
476 5217 672 5314 comasius
700 5215 844 5286 scientia
871 5220 907 5286 et
929 5215 1092 5286 mandato
1121 5214 1262 5304 speciali
1300 5214 1525 5303 consignam,
1553 5214 1589 5283 in
1616 5213 1719 5284 fidem
1746 5220 1784 5286 01

227 5337 467 5407 testimonium
502 5336 653 5406 omnium
688 5341 723 5406 01
759 5335 973 5426 singulorum
1009 5337 1297 5424 praemissorum,
1333 5340 1476 5424 rogatus
1513 5335 1712 5424 specialiter
1747 5341 1782 5406 et

230 5457 432 5548 requisitae,
458 5457 543 5528 milri
570 5458 708 5530 notario
734 5458 914 5547 praedicto
938 5463 1075 5528 constat
1094 5457 1137 5527 de
1154 5457 1224 5527 illis
1243 5457 1453 5528 dictionibus
1470 5457 1692 5539 canonicatus
1710 5478 1787 5528 cra-

230 5579 401 5650 coviensis
429 5579 588 5669 partibus
615 5599 657 5649 ex
685 5579 795 5650 011000
811 5579 848 5650 10
868 5579 988 5668 quinta
1014 5578 1106 5648 linea
1133 5597 1295 5650 versuum
1320 5579 1444 5674 positis
1470 5578 1570 5675 rasis,
1598 5579 1690 5674 quod
1717 5601 1787 5654 non

231 5705 442 5776 0001000οθ
470 5722 512 5777 ev
540 5701 656 5794 aliquo
684 5701 770 5777 vitio
799 5700 860 5776 sed
888 5721 930 5772 ex
958 5719 1087 5782 errore,
