4550 6600
533 743 607 815 498

527 950 627 1020 Hanc
662 946 842 1019 ecclesiam
877 945 1043 1015 narratur
1076 961 1234 1013 morasse
1259 940 1511 1032 Wopschik
1538 940 1713 1031 quondam
1741 940 1927 1011 canonicus
1952 938 2054 1015 Grato

529 1069 666 1140 viensis.
693 1066 733 1137 ln
761 1086 829 1155 qua
855 1070 936 1136 sunt
962 1062 1144 1135 duodecim
1170 1062 1262 1133 lanei
1288 1060 1531 1151 cmethonalas,
1550 1060 1736 1151 dequibus
1755 1060 2056 1135 omnihussolritnr

527 1195 564 1262 et
589 1186 793 1260 conducitur
828 1184 961 1257 decima
995 1182 1222 1274 manipularis
1258 1187 1294 1255 et
1328 1182 1503 1273 canapalis
1530 1200 1594 1272 pro
1621 1181 1823 1272 episcopatu
1849 1178 2057 1275 cracoviensi

528 1310 626 1381 cuins
652 1309 752 1381 valor
782 1307 826 1378 ad
853 1306 1036 1379 duodecim
1061 1324 1195 1377 marcas
1223 1304 1433 1377 aestimatur.
1460 1303 1549 1375 Item
1576 1309 1658 1375 sunt
1684 1302 1733 1374 ihi
1760 1306 1911 1393 quatuor
1937 1305 2059 1393 praedia

527 1428 710 1519 militaria,
745 1428 834 1501 duae
869 1428 1053 1518 tabernae,
1089 1431 1239 1518 quatuor
1273 1425 1493 1497 hortulaniae
1529 1424 1698 1497 habentes
1734 1444 1857 1514 agros,
1885 1422 2059 1514 dequibus

528 1552 686 1623 omnibns
721 1549 868 1623 solvitur
904 1547 1037 1621 decima
1071 1548 1107 1619 in
1143 1546 1572 1638 Woczechowycze,
1607 1566 1671 1637 pro
1707 1544 1854 1617 ecclesia
1890 1548 1927 1617 et
1960 1545 2059 1635 pleta-

501 1692 574 1750 .no
601 1672 685 1743 eius.

1191 1784 1423 1859 Gnuczrczn.

631 1910 726 1981 Villa
750 1910 883 1983 hahens
909 1912 945 1981 in
972 1929 1016 1981 se
1037 1909 1215 1981 ecclesiam
1233 1907 1475 1999 parochialem,
1494 1905 1620 1979 Sancto
1640 1906 1783 1979 Nicolao
1802 1906 1962 1998 dicatam,
1979 1911 2060 1981 cuins

528 2034 724 2125 proprietas
751 2032 796 2103 ad
823 2086 830 2101 .
858 2086 865 2101 .
893 2086 901 2100 .
928 2030 971 2103 de
997 2031 1103 2102 armis
1130 2027 1393 2127 Griffonnm
1420 2028 1581 2119 pertinet.
1607 2028 1648 2099 In
1675 2048 1744 2118 qua
1770 2034 1852 2101 sunt
1878 2028 1969 2099 lanei
1986 2050 2059 2101 cne-

527 2154 695 2244 thonales‚
722 2155 806 2231 item
832 2154 1009 2241 tabernae,
1036 2152 1119 2223 item
1145 2150 1373 2240 hortulaniae,
1401 2150 1484 2244 item
1511 2148 1691 2238 praedium
1709 2149 1870 2240 militare,
1891 2150 1934 2221 de
1953 2152 2058 2239 qubus

528 2276 686 2348 omnihus
713 2275 858 2348 solvitur
884 2279 921 2346 et
947 2273 1149 2346 conducitur
1176 2272 1308 2343 decima
1333 2270 1559 2361 manipularis
1586 2275 1622 2341 et
1649 2270 1824 2360 canapalis
1851 2291 1917 2361 pro
1935 2271 2058 2343 ecclesia

528 2399 566 2469 in
592 2394 868 2488 Gedczycze,
894 2400 932 2468 et
957 2394 1056 2466 valor
1081 2395 1156 2465 eius
1183 2394 1228 2465 ad
1254 2392 1434 2465 duodecim
1461 2411 1603 2463 marcas
1630 2390 1717 2463 Item
1742 2392 1891 2465 ecclesia
1908 2392 2006 2463 hahet
2020 2392 2059 2463 iti

529 2535 637 2610 agros
658 2518 818 2610 proprios
844 2522 881 2589 et
907 2520 1017 2607 prata,
1044 2535 1109 2605 pro
1137 2534 1200 2587 suo
1227 2534 1293 2586 usu
1321 2518 1357 2587 et
1383 2513 1599 2585 necessitate.

1203 2735 1405 2809 Ornrnow.

630 2878 804 2970 Oppidum
830 2877 962 2950 hahens
988 2876 1025 2947 in
1051 2894 1089 2949 se
1116 2874 1306 2965 ecclesiam,
1332 2874 1447 2965 lapide
1474 2875 1554 2949 alho
1581 2880 1760 2966 muratam,
1779 2873 1928 2947 Sanctae
1945 2875 2058 2947 Mariae

528 3000 667 3091 Virgini
692 2998 868 3090 gloriosae
891 2999 1050 3087 dicatam,
1079 3016 1169 3087 quae
1195 2996 1367 3069 translata
1392 3002 1447 3069 est
1473 2995 1509 3067 in
1532 2996 1709 3069 ecclesiam
1727 2996 1945 3086 collegiatam
1954 2996 2058 3067 Sancti

527 3121 691 3211 Martini,
719 3141 795 3191 cum
821 3119 916 3191 fonte
942 3116 1160 3209 baptismali,
1187 3122 1223 3189 et
1249 3138 1332 3189 cura
1358 3117 1567 3208 parochiali,
1595 3121 1630 3189 et
1656 3117 1733 3207 ipsa
1758 3117 1910 3189 ecclesia
1934 3116 2056 3189 Sanctae

527 3242 663 3314 Mariae
697 3240 854 3332 Virginis
889 3239 972 3312 data
1007 3244 1061 3312 est
1086 3237 1254 3311 fratribus
1281 3238 1491 3329 minorihus,
1518 3238 1561 3310 de
1588 3237 1710 3329 regula
1736 3236 1856 3310 Sancti
1883 3236 2057 3328 Francisci;

528 3363 626 3434 cuius
653 3361 797 3433 collator
823 3365 878 3434 est
904 3361 1054 3432 decanus
1080 3359 1235 3435 eiust
1262 3359 1466 3450 collegiatae
1483 3359 1651 3432 ecclesiae
1668 3357 1970 3451 Oppathoviensis‚
1986 3381 2057 3450 quae

526 3464 699 3554 translata
724 3487 779 3554 est
804 3482 840 3553 in
866 3481 1047 3554 ecclesiam
1074 3479 1192 3553 Sancti
1217 3479 1364 3552 Martini
1391 3534 1398 3550 .
1426 3535 1433 3551 .
1461 3535 1468 3550 .
1503 3479 1700 3554 Proventus
1728 3484 1845 3554 antem
1874 3479 2053 3571 collegiatae

527 3602 694 3674 ecclesiae
727 3601 847 3676 Sancti
881 3601 1029 3674 Martini
1063 3603 1099 3674 in
1133 3574 1405 3694 dppatnow,
1432 3602 1469 3674 in
1498 3606 1656 3694 regestro
1684 3601 1826 3693 speciali
1853 3602 2055 3674 ecclesiarum

527 3724 786 3815 collegiatarum
812 3724 1074 3816 descripsimus·

1214 3943 1392 4018 Prason.

629 4083 724 4156 Villa
758 4084 890 4158 hahens
926 4085 963 4156 in
998 4104 1036 4156 se
1071 4083 1306 4176 parochialem
1342 4085 1521 4178 ecclesiam
1556 4091 1747 4177 muratam,
1774 4083 1904 4160 Sancto
1930 4086 2054 4178 Aegidio

468 4204 480 4220 “
526 4205 685 4295 dicatam,
713 4205 755 4276 de
782 4205 965 4280 collatione
992 4205 1140 4278 duorum
1167 4211 1403 4297 patronorum,
1431 4207 1622 4283 alternatae
1649 4209 1743 4280 vices
1769 4207 1863 4280 inter
1892 4230 1930 4280 se
1946 4209 2054 4282 haben·

525 4327 622 4416 tium,
657 4305 759 4398 unius
794 4326 838 4398 de
872 4325 1093 4418 Podolye‚
1120 4331 1157 4398 et
1183 4327 1326 4399 alterius
1353 4327 1397 4400 de
1423 4327 1660 4420 Rossoohi,
1688 4329 1851 4420 qnoniam
1878 4330 2053 4402 haereditas

525 4447 722 4519 Phanou
756 4447 883 4538 partim
905 4447 964 4519 ad
999 4447 1117 4520 villam
1153 4446 1376 4540 Podolye‚
1412 4455 1448 4522 et
1473 4449 1601 4540 partim
1637 4449 1682 4522 ad
1708 4449 1947 4542 Rossochy
1972 4450 2052 4521 villas

523 4567 828 4659 haereditatesque
867 4569 1041 4659 pertinet;
1081 4567 1200 4646 villam
1240 4573 1357 4641 autem
1391 4569 1566 4643 Podole
1606 4571 1713 4644 hahet
1744 4571 1991 4644 Demarath
2020 4569 2053 4642 de

524 4691 630 4760 armis
665 4686 928 4780 Grzymala,
955 4689 1073 4762 villam
1108 4691 1192 4762 vero
1227 4688 1459 4764 Rossoohi
1493 4691 1645 4764 lacobus
1672 4691 1715 4764 de
1750 4690 2053 4787 Kgnyeczpole

524 4811 567 4882 de
594 4811 700 4882 armis
726 4809 947 4882 Pohodze.
980 4810 1020 4881 ln
1044 4810 1131 4902 ‚villa
1158 4815 1276 4884 autern
1303 4809 1460 4902 praelata
1486 4818 1567 4886 sunt
1593 4813 1686 4885 lanei
1712 4815 1963 4904 cmethonalas,
1986 4814 2052 4884 iton

501 4932 702 5024 ‚praedium
739 4952 844 5003 unum
880 4931 1047 5022 militare,
1075 4933 1158 5003 item
1193 4932 1431 5024 hortulaniae,
1459 4933 1502 5006 de
1529 4935 1660 5025 quihus
1681 4935 1840 5008 omnibus
1868 4937 2005 5010 solvitur
2025 4937 2052 5004 et
2097 4989 2102 5004 .

522 5053 724 5126 conducitur
751 5051 883 5124 decima
908 5052 1134 5143 manipularis
1161 5058 1198 5125 et
1224 5054 1398 5144 canapalis
1425 5054 1461 5124 in
1488 5039 1695 5128 Phanou.
1723 5055 1812 5130 Item
1830 5061 1913 5130 suut
1930 5055 1975 5130 ihi
1990 5053 2049 5144 agri

521 5174 623 5247 liberi
649 5193 726 5245 cum
753 5174 874 5264 pratis,
901 5173 946 5244 a'd
972 5173 1153 5246 ecclesiam
1180 5174 1216 5246 in
1243 5173 1442 5247 Pkanow
1459 5176 1696 5266 pertinentes.

624 5294 813 5385 Baccara,
840 5294 924 5366 villa
958 5295 1022 5366 sub
1058 5295 1226 5386 parochia
1252 5295 1295 5368 de
1321 5295 1520 5370 Pkanow
1548 5297 1630 5389 sita,
1659 5297 1756 5369 cuins
1784 5297 1966 5370 haeredes:
1989 5293 2049 5366 tle-

435 5457 445 5474 ·
521 5435 635 5506 mens,
662 5415 840 5487 lohannes
875 5421 911 5486 et
941 5415 1135 5488 Vilhelmus
1163 5416 1206 5489 de
1233 5418 1339 5489 annis
1366 5415 1469 5490 Oxa.
1509 5417 1550 5490 In
1578 5439 1647 5510 qua
1672 5417 1839 5490 tredecim
1866 5419 1956 5492 lanei
1979 5433 2048 5487 ene

520 5535 697 5626 thonales,
732 5535 816 5608 item
851 5537 1035 5627 tabernae,
1071 5538 1156 5610 item
1192 5538 1429 5630 hortulaniae,
1457 5539 1509 5611 de·
1529 5539 1652 5631 quihus
1679 5540 1838 5612 omnihus
1865 5539 2002 5614 solvitur
2021 5537 2047 5604 ct

522 5655 726 5728 conducitur
761 5656 896 5731 decima
930 5658 1157 5749 manipularis
1193 5664 1229 5732 et
1255 5659 1447 5752 canapalis,
1474 5680 1538 5751 pro
1565 5659 1767 5755 praebenda
1791 5655 2047 5742 Sandomiriensi‚
