4550 6600
520 782 593 853 456

518 994 554 1060 et
581 988 623 1060 de
650 988 744 1077 agris
771 988 875 1059 eham
902 985 1137 1077 praedialihus
1164 985 1278 1057 eidem
1296 986 1445 1076 plebano
1464 984 1624 1058 Omnium
1643 984 1849 1059 Sanctorum
1868 986 2072 1078 decimatum

517 1111 600 1182 item
628 1109 671 1181 de
697 1109 870 1200 aliquibus
897 1108 1003 1181 etiam
1030 1109 1142 1181 laneis
1169 1107 1302 1179 decima
1328 1108 1422 1179 cedit
1447 1109 1614 1181 ecclesiae
1640 1108 1677 1180 in
1705 1109 1972 1181 Bodzanow.

620 1231 912 1319 innumerosa,
939 1230 1023 1303 villa
1049 1230 1114 1302 sub
1141 1231 1309 1321 parochia
1334 1229 1379 1301 de
1400 1230 1753 1321 Dzaloschycze
1779 1230 1859 1321 sita,
1876 1231 1976 1303 cuius
1994 1230 2072 1302 hae

517 1375 575 1425 res
599 1352 780 1445 praelatus
807 1351 1095 1444 Gzyzowslry.
1122 1353 1164 1423 In
1191 1373 1260 1443 qua
1286 1351 1403 1424 decem
1422 1353 1515 1425 lanei
1533 1354 1777 1443 emethonales‚
1794 1354 1880 1425 item
1896 1355 2073 1443 tabernae,

516 1477 601 1548 item
635 1474 874 1564 hortulaniae,
902 1474 944 1545 de
979 1474 1104 1566 quihus
1141 1475 1289 1546 solvitur
1324 1478 1367 1545 et
1394 1475 1600 1546 conducitur
1625 1474 1761 1547 decima
1786 1475 2016 1565 manipularis
2040 1479 2076 1546 et

517 1598 692 1689 cenapolis
720 1610 783 1687 pro
812 1652 819 1667 .
847 1652 854 1665 .
882 1652 890 1666 .

571 1762 574 1769 ,
622 1718 1002 1809 Seuezornnmumm
1029 1718 1114 1789 villa
1140 1719 1205 1791 sub
1231 1718 1399 1809 parochia
1425 1718 1468 1789 de
1494 1718 1847 1811 Dzaloschycze
1874 1720 1954 1810 sita,
1977 1718 2075 1789 cuius

518 1842 642 1913 haeres
677 1840 855 1932 praefatus
891 1838 1139 1932 Ozyzowsh
1146 1864 1170 1933 y
1203 1840 1383 1913 iohannes
1414 1862 1479 1931 pro
1517 1840 1632 1912 media
1662 1846 1780 1932 parte,
1808 1846 1845 1913 et
1871 1862 1934 1932 pro
1961 1841 2077 1912 altera

518 1968 618 2055 parte
645 1964 780 2036 nobiles
807 2017 814 2032 .
843 2016 886 2032 ..
1468 2001 1472 2005 -

595 2082 1007 2173 'Nrnwrarnowuozn
1034 2082 1117 2154 villa
1145 2084 1210 2155 suh
1235 2084 1402 2175 parochia
1428 2082 1471 2155 de
1498 2083 1847 2175 Dzalosehycze
1873 2085 1953 2175 site,
1977 2084 2076 2156 cuius

373 2222 385 2238 ⁴
517 2208 641 2280 haeres
667 2206 759 2279 idem
786 2205 1068 2298 Ozyzowshy
1095 2261 1102 2273 .
1130 2260 1173 2274 ..

621 2328 968 2417 Junusouowrczu,
996 2327 1079 2398 villa
1114 2327 1180 2398 suh
1215 2327 1381 2418 parochia
1415 2326 1459 2398 de
1484 2326 1835 2419 Dzaloschycze
1862 2328 1948 2417 sita,
1977 2328 2076 2399 cuius

444 2480 454 2501 =
521 2452 647 2523 haeres
682 2450 834 2523 Jacoh'us
868 2446 1145 2540 Kozlowsky
1180 2447 1223 2519 de
1259 2448 1366 2519 aruris
1402 2448 1626 2539 Vulpium.
1666 2448 1708 2520 In
1736 2469 1804 2540 qua
1829 2468 1957 2520 novem
1982 2450 2076 2521 lanei

519 2572 764 2662 emethonales‚
791 2592 835 2643 ex
863 2572 986 2662 quihus
1014 2571 1081 2642 etsi
1107 2592 1207 2660 unus,
1234 2569 1397 2642 videlicet
1422 2591 1552 2661 nonus,
1579 2571 1707 2643 colitur
1732 2592 1796 2663 pro
1823 2572 1922 2643 curia
1946 2572 2077 2643 nobilis

417 2710 420 2721 ’
517 2694 672 2785 praefati,
700 2694 743 2766 de
771 2692 929 2766 omnihus
956 2698 1072 2765 tamen
1093 2694 1234 2782 'novem
1262 2692 1411 2765 solvitur
1436 2698 1473 2764 et
1499 2673 1703 2765 eonducitur
1729 2692 1863 2765 demina
1880 2694 2075 2785 manipula-

517 2817 566 2889 ris
594 2822 630 2889 et
657 2816 834 2907 canapalis
852 2815 1072 2908 praebendae
1092 2813 1325 2905 (iracoviensi
1344 2836 1433 2919 quae
1451 2820 1597 2887 vocatur
1613 2814 1905 2907 Do‘yaszdowska,
1923 2820 1962 2887 et
1979 2816 2077 2888 valor

516 2938 590 3011 eius
617 2940 823 3011 aestimatur
849 2938 899 3009 ad
921 2958 1045 3011 novem
1072 2958 1217 3008 marcas.
1243 2936 1331 3008 Item
1359 2943 1417 3009 est·
1439 2938 1489 3009 ihi
1515 2938 1706 3029 praedium,
1732 2942 1769 3011 et
1795 2936 1885 3009 duae
1912 2938 2072 3010 hortula-

475 3066 478 3079 '
517 3051 596 3133 niae
622 3060 793 3132 habentes
820 3080 925 3151 agros
953 3080 995 3131 ex
1022 3059 1175 3151 praedio,
1195 3058 1238 3130 de
1257 3060 1383 3151 quihus
1402 3060 1551 3132 solvitur
1568 3059 1702 3132 (lemma
1718 3059 1948 3151 manipularis
1967 3060 2075 3132 eccle-

517 3184 589 3255 siae
615 3184 651 3255 iu
677 3182 873 3254 Kozlow.
901 3183 989 3254 Item
1017 3188 1071 3254 est
1097 3182 1147 3254 ibi
1172 3182 1280 3253 tertia
1306 3181 1507 3255 hortularia
1530 3183 1663 3255 hahens
1681 3202 1794 3275 agros,
1813 3203 1906 3274 quae
1924 3182 2076 3255 decimat

519 3305 737 3398 praebendae
764 3285 987 3378 Oracouiensi
1015 3305 1192 3397 praefatae
1218 3305 1255 3377 in
1279 3302 1496 3403 pooitdwam.
1628 3357 1633 3364 .

623 3427 875 3519 Praoczrczu,
904 3427 987 3500 villa
1005 3428 1068 3501 suh
1087 3428 1252 3520 parochia
1270 3428 1436 3502 ecclesiae
1452 3429 1490 3500 in
1507 3428 1619 3500 Dzal
1630 3429 1853 3520 oschycze
1879 3428 1960 3518 sita,
1979 3429 2075 3500 orius

516 3571 580 3642 pro
606 3549 721 3622 media
747 3555 855 3641 parte,
883 3551 1079 3642 proprietas
1107 3552 1262 3642 pertinet
1288 3552 1333 3623 ad
1359 3551 1555 3623 iohannem
1573 3550 1864 3644 (lzyzowskp
1891 3555 1930 3622 et
1945 3551 2075 3623 medie-

516 3679 572 3745 tas
600 3672 644 3745 ad
671 3673 806 3744 nobiles
835 3727 842 3742 .
870 3728 877 3742 .
905 3727 912 3742 .

623 3792 850 3886 Gaureion,
877 3795 961 3867 villa
987 3795 1051 3868 sub
1078 3795 1245 3886 parochia
1271 3793 1315 3866 de
1336 3795 1695 3888 ¹Dzaloschycze
1720 3795 1800 3885 site,
1827 3796 1925 3866 cuius
1947 3795 2076 3866 haeres

516 3917 694 4010 praefatus
721 3916 1008 4010 Ozyzowsky.
1035 3918 1075 3989 In
1104 3939 1173 4009 qua
1198 3917 1340 3990 merom
1367 3917 1448 3988 olim
1473 3919 1567 3990 lanei
1593 3917 1838 4007 emethonales‚
1865 3917 1927 3988 sed
1954 3938 2077 3988 omnes

517 4041 674 4112 conversi
701 4043 783 4110 sunt
809 4040 844 4109 in
871 4040 1077 4132 praedialeS,
1104 4046 1141 4112 et
1167 4041 1204 4112 in
1230 4040 1460 4132 hortulauias,
1486 4041 1635 4114 soluitur
1660 4046 1777 4119 tauma
1804 4039 1939 4136 decima
1965 4040 2077 4134 mani·

516 4161 649 4252 puleris
677 4162 719 4236 de
746 4161 817 4234 illis
845 4215 851 4232 .
880 4217 887 4232 .
916 4216 924 4232 .

996 4421 1294 4530 Praepositum
1328 4423 1604 4531 Kyelcieuele.

620 4649 837 4743 Kyelciensis
873 4649 1117 4742 praepositura
1152 4653 1207 4721 est
1240 4649 1444 4740 principalis
1479 4649 1515 4718 in
1541 4647 1690 4722 ecclesia
1713 4647 1899 4738 collegiata
1923 4646 2079 4720 Sanctae

515 4773 651 4846 Mariae
678 4771 904 4865 Kyelciensis‚
932 4771 988 4844 cui
1014 4769 1178 4842 fraudator
1201 4770 1388 4862 primarius
1406 4770 1560 4868 eiusdem
1579 4770 1745 4843 ecclesiae
1762 4769 1978 4863 Byethlra
1994 4771 2078 4863 (sic)

515 4897 698 4987 episcopus
735 4893 976 4968 Cracoviensis
1012 4909 1130 4966 curam
1167 4894 1378 4966 visitationis
1413 4894 1637 4966 ecclesiarum
1663 4893 1914 4984 parochialium
1941 4895 2079 4966 circum

515 5019 608 5092 circa
633 5016 834 5108 Kyelcze
862 5021 898 5088 et
923 5013 1223 5089 B‘odzaucziu
1251 5017 1407 5107 sitarum,
1433 5017 1536 5088 anuis
1562 5015 1709 5107 siugulis
1735 5037 1800 5108 per
1818 5036 1895 5088 eum
1911 5016 2078 5108 tiendum,

316 5195 321 5203 .
368 5219 372 5226 ,
513 5139 680 5232 imposuit
707 5144 743 5211 et
769 5139 943 5212 annexuit.
972 5137 1078 5212 Cuius
1106 5138 1244 5230 quidem
1271 5117 1535 5230 praepositurae
1561 5137 1798 5232 Kyelciensis‚
1826 5139 1965 5210 eteius
1992 5159 2078 5230 pro

448 5337 451 5342 .
515 5255 681 5336 reatuum
699 5267 736 5334 et
753 5263 905 5334 omnium
924 5261 1201 5353 praelaturerum
1227 5265 1264 5332 et
1289 5261 1575 5353 praebendarum,
1602 5261 1880 5353 vicariammque
1905 5261 2078 5334 ecclesiae

515 5381 748 5477 Kyelciensis‚
784 5389 821 5456 et
855 5385 1007 5457 omnium
1045 5383 1223 5475 villarum,
1251 5405 1340 5476 quae
1366 5386 1443 5456 iure
1468 5383 1661 5476 parochiali
1687 5383 1733 5455 ad
1759 5383 1940 5455 ecclesiam
1967 5383 2077 5476 Kyel·
2156 5479 2158 5482 Α

516 5506 665 5578 cieusem
692 5507 877 5598 pertinent
905 5506 1047 5579 lecimus
1074 5505 1341 5599 descriptionem
1368 5508 1405 5578 in
1432 5505 1575 5598 speciali
1593 5510 1763 5599 regesne,
1781 5505 1873 5598 quod
1891 5505 1936 5577 de
1955 5507 2077 5580 rethe

516 5624 605 5697 drali
631 5628 776 5702 ecclesia
801 5627 1023 5703 Gracouieusi
1044 5634 1096 5702 et
1121 5628 1166 5702 de
1193 5629 1352 5702 omnihus
1379 5629 1572 5720 collegiatis
1599 5627 1765 5719 ecclesiis,
1792 5627 1963 5700 dioecesis
1990 5625 2077 5700 Gra·
2156 5629 2158 5678 ἰ

518 5747 687 5834 comensis
724 5749 950 5854 confecimus,
977 5758 1014 5826 et
1049 5748 1128 5826 ideo
1149 5752 1221 5850 ,hic
1246 5751 1360 5832 lacere
1396 5752 1492 5826 illam
1528 5751 1739 5828 obmisimus.
1779 5749 1930 5826 Nomina
1958 5756 2078 5829 autera
