4550 6600
523 745 596 817 556

539 958 541 960 ’
626 951 753 1024 Sanora
774 1007 888 1023 .....

623 1055 788 1145 Puomrr.
816 1129 931 1145 .....

869 1178 875 1189 ’
1078 1194 1360 1270 Bocaornrcza
1386 1218 1516 1271 aaaron,

622 1316 717 1389 Villa
744 1318 877 1390 habens
903 1320 940 1389 in
968 1340 1005 1390 se
1031 1319 1265 1410 parochialem
1294 1320 1474 1393 ecclesiam
1502 1320 1627 1393 Sancto
1654 1321 1808 1394 Iohanni
1825 1322 2054 1413 Evangelidae

519 1440 680 1530 dicatam,
707 1441 804 1510 cuius
831 1440 1028 1531 proprietas
1055 1437 1100 1513 ad
1127 1427 1385 1515 serenissimum
1412 1440 1578 1515 Poloniae
1604 1464 1724 1535 regem
1750 1444 1913 1534 pertinet.
1940 1444 1977 1517 In
2002 1466 2055 1535 qua

519 1569 601 1634 sunt
627 1568 760 1652 septem
795 1562 886 1633 lanei
913 1563 1165 1655 cmethouales,
1203 1564 1245 1635 de
1274 1566 1398 1655 quibus
1436 1566 1595 1637 omnibus
1631 1565 1779 1654 solvitur
1794 1573 1843 1636 *et
1871 1565 2056 1637 conducitur

519 1684 653 1755 decima
678 1684 905 1774 manipularis
932 1691 969 1757 et
995 1686 1171 1778 canapalis
1191 1742 1305 1757 .....
1349 1688 1437 1759 Item
1464 1678 1611 1760 ecclesia
1637 1694 1674 1759 et
1698 1686 1868 1779 plebanus
1895 1687 1998 1759 habet
2018 1688 2055 1759 ihi

518 1807 678 1897 proprios
705 1827 808 1898 agros
836 1812 872 1877 ct
898 1812 1010 1898 prata,
1037 1829 1102 1899 pro
1129 1830 1192 1881 suo
1220 1830 1284 1881 usu
1311 1809 1454 1899 praedio
1482 1816 1518 1881 et
1544 1811 1762 1883 necessitate.

623 1929 838 2001 Sunannoan
864 1927 1013 2002 Jaconr.
1051 1987 1058 2001 .
1113 1988 1120 2001 .
1174 1988 1182 2003 .
1237 1988 1243 2001 .

602 2053 846 2126 ·GznurroW.
892 2109 899 2124 .
954 2109 961 2123 .
1016 2109 1023 2123 .
1077 2111 1084 2124 .

623 2174 900 2249 annscnow..
957 2228 965 2244 .
1019 2232 1027 2248 .
1080 2232 1088 2246 .

622 2296 808 2369 Sanunrr.
845 2354 852 2367 .
906 2352 913 2368 .
967 2354 974 2369 .
1029 2354 1036 2369 .

622 2418 907 2491 Gaasnnwuoau.
948 2475 955 2489 .
1132 2474 1140 2489 .

1197 2540 1397 2613 anrunwr.

622 2662 718 2735 Villa
743 2663 875 2735 habena
910 2664 947 2735 ln
974 2682 1012 2735 sc
1038 2664 1270 2754 parochialem
1307 2662 1485 2736 ecclesiam
1518 2662 1688 2754 ligneam,
1730 2660 1904 2735 Omnibus
1938 2660 2053 2731 Sancus

519 2786 678 2875 dicatam,
706 2786 805 2856 cuius
831 2786 956 2857 haeres
979 2784 1144 2857 Nicolaus
1172 2784 1457 2876 Morowyecz
1485 2784 1528 2855 de
1555 2784 1657 2857 domo
1684 2784 1913 2875 Powalya.
1940 2782 1976 2852 ln
2000 2802 2053 2871 qua

518 2914 600 2980 sunt
626 2928 686 2981 sex
713 2907 804 2978 lanei
831 2908 1076 2998 amethonalea,
1104 2908 1188 2978 Item
1209 2906 1435 2979 hortulaniae
1462 2906 1552 2979 duae
1579 2906 1748 2978 hahentes
1775 2926 1896 2996 agros,
1930 2904 1969 2974 dc
1992 2904 2052 2993 qui·

517 3031 584 3101 bus
611 3030 759 3102 solvitur
786 3034 822 3099 et
849 3028 1053 3101 conducitur
1089 3028 1223 3101 decima
1249 3029 1477 3120 manipularis
1504 3033 1540 3099 et
1567 3028 1741 3119 canapalis
1767 3048 1831 3119 pro
1862 3026 2050 3098 monasterio

519 3151 665 3222 Sanctae
693 3149 813 3221 Crucis
840 3148 974 3222 Calvi
1001 3148 1196 3243 Moutlo,
1222 3146 1326 3222 cuius
1346 3150 1445 3223 valor
1472 3150 1676 3221 aestimetur
1694 3150 1738 3221 ad
1758 3150 1914 3241 quiuqne
1931 3166 2051 3218 marcas

412 3300 414 3303 ·
517 3272 606 3344 Item
629 3272 779 3344 ecclesia
804 3272 912 3346 habet
938 3272 988 3344 ibi
1014 3292 1118 3364 agros
1145 3272 1275 3346 liberos
1302 3273 1463 3365 proprios
1491 3276 1527 3344 et
1552 3278 1662 3365 prata
1689 3292 1754 3364 pro
1777 3292 1838 3344 suo
1869 3268 2052 3362 praedicet

518 3416 592 3466 usu.
636 3395 725 3466 Item
752 3401 834 3466 sunt
860 3395 910 3466 ihi
937 3394 1025 3499 duae
1056 3396 1224 3468 tabernae
1260 3395 1429 3467 habentes
1466 3415 1588 3486 agrae,
1630 3415 1775 3486 quarum
1802 3394 1996 3485 proprietas
2017 3390 2051 3461 ad

491 3515 700 3608 ‘ecclesiam
728 3522 764 3588 et
790 3516 976 3608 plebanum
1002 3517 1166 3608 pertinet,
1195 3517 1237 3589 de
1256 3538 1401 3608 quarum
1429 3516 1523 3608 agris
1547 3517 1741 3588 decimatur
1766 3515 1917 3607 plebano
1943 3515 1976 3585 in
1998 3513 2051 3583 Ri-

518 3639 705 3729 bithwy.
750 3639 840 3709 Item
868 3646 922 3711 est
950 3637 999 3711 ibi
1026 3639 1208 3731 praedium
1235 3661 1340 3712 unum
1367 3641 1536 3731 militare,
1563 3638 1606 3711 de
1634 3639 1730 3711 cuius
1758 3639 1853 3729 agris
1883 3639 2051 3710 decimatur

398 3851 403 3856 ,
518 3761 686 3833 ecclesiae
711 3763 748 3832 in
774 3760 1021 3854 Ribithwy‚
1062 3763 1160 3834 cuins
1186 3763 1285 3835 valor
1311 3763 1515 3834 aestimatur
1542 3763 1586 3835 ad
1613 3768 1686 3833 tres
1713 3780 1858 3834 marcas.
1904 3761 1986 3831 Item
2010 3763 2051 3828 est

518 3883 567 3954 ibi
594 3904 701 3959 unus*
718 3882 839 3954 laneus
875 3882 1122 3974 emathonalm,
1159 3885 1196 3954 in
1224 3884 1332 3956 cruda
1366 3884 1483 3955 radice
1520 3883 1735 3975 extirpatus,
1772 3883 1815 3954 de
1848 3881 2052 3973 quodecim

519 4005 745 4095 manipularis
772 4004 877 4075 datur
903 4024 968 4096 pro
994 4005 1141 4078 ecclesia
1166 4006 1202 4076 in
1229 4004 1440 4080 Rihithu
1447 4029 1478 4096 y.

623 4126 810 4198 Borszaa.
847 4181 854 4196 .
908 4182 916 4197 .
969 4182 977 4197 .
1030 4183 1038 4198 .

623 4247 854 4321 Mrnscnow.
900 4304 908 4319 .
961 4303 969 4319 .
1022 4304 1030 4320 .
1083 4305 1091 4320 .

623 4366 812 4443 Konczrn.
846 4425 853 4441 .
907 4426 915 4441 .
969 4425 977 4440 .
1031 4425 1039 4442 .

622 4491 807 4566 Oroczuo.
844 4549 851 4564 .
906 4547 913 4562 .
968 4547 975 4563 .
1029 4547 1037 4563 .

1227 4614 1372 4688 Runuo.

621 4736 717 4809 Villa
741 4736 873 4809 habens
900 4736 936 4807 in
963 4755 1001 4808 se
1027 4733 1262 4827 parochialem
1289 4737 1470 4808 ecclesiam
1486 4792 1628 4828 ......
1655 4736 1790 4810 Sanctis
1817 4737 1960 4810 Nicolao
1984 4751 2047 4805 oon·

518 4857 642 4933 sessori
670 4865 707 4930 et
733 4857 864 4931 Jacoho
892 4858 1063 4949 Apostolo
1090 4858 1240 4932 dIcatam
1244 4913 1438 4930 ........

621 4981 782 5054 Osraow
808 4980 957 5072 Mmon,
993 4980 1077 5052 villa
1103 4981 1168 5052 sub
1194 4981 1361 5072 parochia
1388 4982 1553 5054 ecclesiae
1580 4982 1623 5054 de
1650 4979 1811 5055 Rudno
1848 4983 1932 5072 sita,
1965 4977 2046 5049 cuius

516 5103 688 5176 haeredes
715 5101 894 5174 Iohannes
921 5101 1105 5174 Mantul
1133 5107 1170 5174 et
1196 5101 1492 5195 Msczyslaus
1520 5104 1563 5175 de
1591 5106 1696 5177 armis
1717 5103 1921 5176 'Nomina
1946 5101 2048 5188 lnqua

517 5232 600 5298 snut
625 5224 718 5319 lanei
746 5221 991 5315 emethonalca
1018 5223 1210 5320 dequibus
1236 5215 1384 5297 solvitur
1402 5229 1438 5295 et
1456 5225 1664 5298 conducitur
1691 5226 1824 5297 decima
1850 5217 2047 5314 manipularis

517 5353 554 5418 et
580 5341 756 5439 canapalis
782 5367 847 5437 pro
866 5401 982 5418 .....
1022 5329 1025 5335 ’

619 5448 904 5540 Waernncan..
958 5525 966 5539 .
1020 5523 1027 5539 .
1082 5523 1089 5538 .

619 5591 754 5664 Runuo
782 5589 950 5663 Maron..
1004 5647 1012 5660 .
1066 5645 1073 5661 .
1128 5646 1135 5661 .

620 5711 753 5785 Rauso
785 5712 955 5784 Muaou..
1009 5767 1017 5784 .
1071 5768 1079 5782 .
1133 5768 1140 5782 .
