4550 6600
497 767 570 839 506

497 976 645 1063 quatuor
671 968 889 1041 hortulaniae
915 967 1085 1037 habentes
1112 984 1233 1055 agros,
1270 970 1306 1037 et
1332 964 1448 1035 omnia
1484 968 1565 1035 sunt
1599 964 1635 1035 in
1663 940 1771 1035 cruda
1798 962 1916 1033 radice
1944 963 2052 1033 extir-

493 1096 586 1181 pata,
614 1096 651 1161 et
677 1089 720 1161 de
748 1088 908 1159 omnibus
943 1086 1047 1157 solvit
1082 1086 1249 1157 decimam
1283 1084 1534 1175 manipularem
1570 1084 1737 1157 ecclesiae
1775 1090 1812 1155 et
1838 1084 1990 1176 plebano
2017 1085 2053 1153 in

491 1211 660 1283 Borow.
703 1210 793 1281 Item
820 1208 1013 1299 quindecim
1040 1208 1132 1278 lanei
1159 1209 1194 1279 in
1223 1206 1330 1278 cruda
1356 1206 1472 1277 radice
1499 1206 1685 1296 extirpati,
1713 1206 1856 1277 solvunt
1883 1206 2051 1294 episcopo

492 1331 715 1405 cracoviensi
741 1330 964 1421 prodecima,
992 1329 1138 1419 quilibet
1164 1329 1280 1399 decem
1299 1348 1440 1417 grossos
1458 1348 1664 1399 communes.
1691 1326 1780 1397 item
1798 1328 1876 1417 agri
1898 1333 1936 1397 et
1955 1324 2052 1395 lanei

492 1454 599 1523 trium
626 1447 859 1541 tabernarum,
887 1457 923 1520 et
942 1457 1091 1539 quatuor
1110 1449 1396 1540 hortulaniarum,
1424 1450 1508 1519 item
1535 1448 1769 1548 molendinum
1787 1447 1832 1519 ad
1851 1446 2052 1519 scoltetiam

493 1573 761 1663 pertinentium,
798 1571 959 1659 quoniam
986 1570 1121 1660 antiqui
1149 1546 1254 1658 sunt,
1285 1574 1320 1641 et
1347 1570 1626 1659 progressionem
1652 1570 1785 1641 habent
1810 1570 1855 1640 ab
1883 1568 2055 1657 antiquis,

486 1693 633 1765 'solvunt
659 1692 887 1763 scholastriae
914 1690 1186 1761 Sandomiriensi
1223 1690 1390 1764 decimam
1417 1691 1668 1781 manipularem
1695 1696 1733 1763 et
1759 1690 1975 1779 cantualem,
2012 1686 2056 1759 'et

493 1813 697 1903 conducunt,
724 1814 820 1884 cuius
847 1812 946 1883 valor
973 1812 1018 1882 ad
1045 1812 1196 1902 quinque
1224 1832 1359 1882 marcas
1386 1794 1599 1883 aestimatur.

1094 1932 1475 2005 Wscaaszwrnrran.

505 2146 509 2153 ι
597 2055 692 2127 Villa
717 2056 849 2127 babens
877 2056 1056 2127 ecclesiam
1083 2057 1119 2125 in
1147 2074 1184 2125 se
1211 2054 1462 2147 parochialem,
1498 2055 1609 2125 latere
1637 2054 1751 2125 coctili
1787 2052 2054 2145 perducebam

494 2176 820 2267 Groclrolszlry
855 2184 940 2248 tunc
970 2177 1155 2267 plebanum
1192 2176 1265 2246 eius
1293 2180 1482 2267 muratam,
1518 2174 1685 2249 Omnibus
1712 2174 1848 2246 Sanctis
1884 2174 2055 2261 dicatam,

494 2299 746 2369 decollatione
774 2304 810 2367 et
826 2299 1119 2388 inrepatronatus
1147 2299 1299 2387 episcopi
1327 2297 1584 2388 cracoviensis,
1619 2318 1682 2387 pro
1709 2304 1865 2387 tempore
1892 2297 2075 2367 existen--

493 2422 540 2490 tis
542 2474 737 2489 ........
764 2414 838 2489 cius
865 2425 948 2489 tnnc
974 2426 1143 2509 patronus
1171 2420 1325 2490 existens
1352 2419 1395 2491 dc
1422 2421 1527 2489 armis
1553 2417 1846 2509 Syrokomla,
1872 2423 2054 2489 rectorem

494 2542 568 2612 eius
595 2544 631 2611 et
657 2540 841 2629 plebanum
877 2562 941 2630 per
966 2540 1118 2611 furorem
1155 2540 1298 2630 occidit,
1335 2546 1370 2610 et
1400 2560 1443 2611 ex
1471 2540 1530 2611 illo
1563 2546 1718 2640 tempore
1755 2538 1892 2611 collatio
1927 2539 2053 2609 dictae

493 2662 657 2733 ecclesiae
684 2660 750 2731 fuit
777 2668 812 2731 ct
839 2668 894 2731 est
921 2662 964 2731 ad
992 2662 1190 2751 episcopum
1218 2660 1479 2757 §nacoriensem
1515 2682 1578 2752 pro
1605 2666 1777 2751 tempore,
1802 2661 1959 2750 plenarie
1987 2659 2053 2731 dc·

492 2783 619 2853 voluta.
664 2783 705 2852 lu
733 2803 801 2872 qua
827 2789 908 2853 sunt
935 2782 1026 2853 lanei
1053 2784 1295 2874 cmethonales,
1323 2784 1407 2855 item
1434 2783 1614 2873 praedium
1641 2803 1747 2853 unum
1774 2781 1933 2873 militare,
1961 2781 2054 2851 item

491 2903 638 2975 taberna
664 2923 733 2973 una
760 2904 891 2973 babens
919 2894 1031 2993 agros,
1059 2905 1141 2974 item
1160 2904 1378 2977 hortulaniae
1401 2904 1568 2975 habentes
1587 2923 1699 2994 agror,
1727 2904 1914 2994 dequibus
1934 2903 2053 2975 omni·

438 3068 442 3077 -
491 3024 557 3095 bus
584 3024 745 3095 solvitur·
759 3030 795 3094 et
822 3024 1027 3095 conducitur
1053 3024 1185 3095 decima
1211 3024 1437 3115 manipularis
1465 3030 1500 3097 et
1527 3025 1713 3115 canapalis
1742 3046 1806 3115 pro
1833 3023 1982 3095 ecclesia
2010 3029 2050 3095 et

491 3144 638 3232 plebano
666 3145 702 3213 in
729 3144 1159 3235 Wscheszwanthe,
1196 3151 1232 3215 et
1257 3146 1356 3217 valor
1383 3146 1457 3217 eius
1493 3145 1537 3217 ad
1565 3152 1642 3219 octo
1669 3166 1804 3219 marcas
1830 3146 2051 3217 aestimatur.

491 3263 580 3335 item
607 3265 752 3338 ccclesia
777 3264 935 3356 praefata
962 3248 1068 3338 babet
1094 3267 1229 3357 largum
1256 3273 1293 3339 et
1319 3266 1427 3340 latum
1454 3266 1642 3358 praedium,
1683 3288 1759 3340 cum
1786 3268 1896 3358 garis,
1937 3267 2049 3358 agris,

492 3392 529 3455 et
555 3387 666 3483 pratis
693 3393 729 3456 et
755 3388 917 3477 piscinis,
953 3409 1025 3478 pro„
1048 3410 1110 3460 suo
1145 3410 1211 3458 usu
1238 3394 1274 3459 et
1300 3390 1526 3479 necessitate,
1561 3390 1621 3462 ubi
1650 3387 1821 3480 quondam
1857 3397 1936 3460 erat
1962 3390 2051 3460 villa

492 3506 736 3596 Boguczin.
779 3508 820 3578 In
849 3530 916 3598 quo
951 3509 1028 3580 loco
1055 3509 1223 3598 plebanus
1251 3509 1293 3580 de
1322 3508 1750 3600 Wsclresz'wanthe,
1787 3511 1919 3581 curiam
1948 3531 2050 3582 suam

492 3633 528 3698 et
553 3629 803 3700 habitationem
830 3631 959 3700 babere
988 3631 1176 3718 consuevit,
1204 3631 1247 3702 ab
1275 3631 1420 3702 ecclesia
1446 3632 1655 3722 elongatam
1683 3631 1809 3702 dictam
1837 3638 1955 3704 autem
1981 3631 2052 3704 vil-

454 3829 459 3839 ,
491 3749 559 3820 lam
586 3751 821 3840 Boguczin
857 3771 918 3822 seu
945 3752 1144 3842 praedium,
1181 3751 1320 3840 quidam
1347 3752 1474 3824 nobilis
1510 3752 1741 3842 Boguscb,
1777 3753 1903 3827 haeres
1929 3753 2050 3824 dictae

491 3871 594 3942 villae
626 3872 882 3961 Boguczin,
916 3878 1112 3942 comesset
1139 3873 1245 3944 orbus
1272 3873 1486 3972 transiturus
1523 3873 1720 3964 Romam,
1757 3874 1792 3944 in
1821 3896 1890 3966 quo
1918 3876 2049 3946 itinere

491 3998 545 4064 tet
571 3999 728 4065 mortuns
755 4001 824 4084 est,
856 3994 1025 4064 ecclesiae
1059 3995 1097 4064 in
1133 3993 1571 4086 Wscheszwyantbe
1606 4001 1775 4086 perpetuo
1802 3996 1982 4087 inscripsit
2010 4004 2050 4068 et

491 4111 650 4202 donavit,
686 4120 722 4182 et
748 4119 803 4182 est
829 4113 925 4184 locus
961 4115 1034 4202 ipse
1062 4114 1106 4184 ab
1133 4113 1212 4183 aliis
1240 4113 1333 4184 villis
1369 4113 1690 4187 circumiacentibus
1726 4114 1898 4186 limitatus
1930 4121 1967 4186 et
1992 4117 2049 4186 di-

491 4233 647 4304 stinctus.

581 4353 894 4458 ⁴Gaocuourczu,=
919 4356 1003 4426 villa
1029 4357 1093 4428 sub
1120 4357 1286 4446 parocbia
1314 4355 1356 4428 dc
1383 4355 1788 4432 Wscheszwantbe
1816 4361 1904 4448 sita,
1946 4361 2046 4432 onius

489 4477 613 4548 haeres
648 4477 887 4548 Bernardinus
924 4475 1218 4570 Grocholsky
1255 4478 1297 4550 de
1325 4479 1430 4549 armis
1467 4477 1754 4569 Syrakomla.
1796 4481 1836 4552 In
1865 4502 1936 4572 qua
1962 4489 2047 4554 snat

488 4600 580 4670 lanei
607 4599 857 4689 cmethonales,
894 4600 977 4669 item
1004 4600 1189 4690 tabernae,
1226 4601 1309 4670 item
1341 4601 1577 4692 hortulaniae,
1614 4603 1699 4673 item
1725 4623 1831 4674 unum
1858 4603 2045 4694 praedium

488 4721 655 4810 militare,
691 4720 734 4792 de
761 4722 886 4812 quibus
923 4721 1081 4791 omnibns
1118 4721 1265 4791 solvitur
1292 4727 1328 4792 et
1355 4722 1560 4794 conducitur
1595 4723 1727 4794 decima
1753 4725 1980 4815 manipularis
2003 4732 2046 4796 et

413 4827 417 4833 ’
488 4843 665 4933 canapalis
692 4864 756 4932 pro
784 4843 929 4913 ecelesia
955 4843 991 4911 in
1018 4841 1442 4934 Wscheszwantbc,
1483 4844 1579 4916 cuius
1606 4845 1705 4916 valor
1732 4846 1777 4916 ad
1804 4846 1920 4918 decern
1951 4867 2045 4918 mar·

488 4984 547 5034 cas
574 4964 788 5036 aestimatur.
1562 4983 1563 4988 ’

511 5125 544 5155 .-
590 5085 985 5173 Dnzramaruowrczu,
1017 5084 1109 5154 >villa
1145 5085 1208 5156 sub
1236 5085 1402 5174 parochia
1438 5086 1481 5156 de
1517 5085 1927 5172 Wsclreszuanllrc
1964 5092 2040 5180 sita,

487 5207 584 5277 cuius
610 5207 734 5278 haeres
761 5205 937 5276 Martinus
964 5203 1342 5296 Cboczimowsky
1370 5207 1412 5278 de
1439 5208 1545 5278 armis
1572 5207 1673 5280 Ora
1700 5209 1740 5280 In
1760 5231 1829 5301 qua
1848 5217 1931 5284 sunt
1949 5213 2041 5284 lanei

487 5327 736 5418 cmethonales,
763 5329 846 5397 item
873 5325 1113 5415 hortulaniae,
1141 5327 1223 5396 item
1251 5328 1414 5418 taberna,
1442 5329 1525 5398 item
1553 5329 1800 5421 molendinum,
1827 5333 1913 5404 item
1940 5353 2042 5423 prae-

487 5447 581 5519 dium
608 5447 718 5522 unum'
740 5448 906 5540 militare,
934 5449 977 5520 de
1005 5449 1130 5540 quibus
1157 5447 1314 5520 omnibus
1342 5449 1489 5520 solvitur
1515 5457 1551 5522 et
1578 5451 1780 5523 conducitur
1807 5453 1943 5526 decima
1970 5475 2041 5524 ma-

486 5571 658 5660 nipularis
685 5577 720 5641 ei
747 5569 924 5662 canapalis
959 5591 1022 5660 pro
1050 5569 1197 5641 ecclesia
1232 5571 1267 5640 in
1304 5569 1700 5664 Wscheswantbe‚
1736 5575 1833 5645 cuins
1870 5575 1969 5648 valor
1995 5575 2039 5646 ad

487 5688 605 5760 decem
632 5711 766 5764 marcas
792 5691 1010 5762 aestimatur.
