4550 6600
1668 894 1678 907 ·
1717 866 1791 944 299

236 1060 330 1133 bene
367 1062 503 1135 firmata
538 1083 613 1134 cum
650 1062 819 1137 clausuris
855 1070 891 1136 et
925 1065 1164 1158 ferramentis,
1192 1068 1236 1140 ad
1264 1090 1365 1160 quam
1393 1072 1467 1161 ipse
1493 1072 1661 1162 plebanus
1686 1097 1803 1160 uuam,

233 1184 384 1255 babebit
410 1185 550 1275 clavem,
577 1191 614 1256 et
640 1185 798 1257 dominus
825 1188 947 1259 haeres
975 1188 1088 1279 aliam,
1115 1190 1151 1259 in
1178 1190 1344 1263 thesauro
1370 1212 1432 1264 scu
1449 1194 1611 1292 sacristia
1626 1196 1791 1269 ecclesiae

236 1324 448 1377 conservare
476 1312 685 1397 semper,·et
712 1328 780 1378 non
809 1330 980 1398 exponere
1007 1310 1204 1381 huiusmodi
1230 1312 1394 1400 pecunias
1421 1313 1513 1404 alibi,
1531 1316 1599 1385 nisi
1616 1337 1680 1405 pro
1699 1318 1793 1389 acdi-

235 1425 328 1496 ficiis
357 1432 393 1497 et
419 1427 497 1498 aliis
525 1428 730 1499 necessariis
757 1430 891 1519 magnis
919 1431 1084 1501 ecclesiae
1110 1432 1320 1524 praedictae,
1338 1453 1415 1504 cum
1433 1434 1621 1526 voluntate,
1639 1438 1793 1529 consilio,

236 1554 273 1618 et
301 1554 401 1619 certa
437 1550 581 1621 scientia
616 1550 746 1621 domini
773 1552 934 1623 haeredis
961 1574 1022 1623 seu
1049 1555 1207 1644 patroni,
1235 1554 1396 1646 quodque
1422 1555 1589 1645 plebanus
1616 1578 1680 1648 pro
1707 1564 1794 1645 tem-

167 1716 170 1723 ·
235 1690 323 1758 pore
352 1670 469 1741 vinum
506 1676 541 1741 et
567 1671 698 1742 lumina
733 1694 797 1765 pro
825 1674 1035 1765 necessitate,
1059 1675 1213 1747 eiusdem
1239 1675 1406 1753 ecclesiae
1433 1697 1653 1769 comparare,
1680 1681 1794 1750 archi-

237 1790 422 1861 diaconum
451 1813 512 1863 seu
541 1793 757 1864 visitatorem
785 1796 944 1884 excipere
972 1802 1008 1866 et
1035 1818 1241 1888 procurare,
1268 1818 1376 1889 equos
1403 1798 1542 1870 vicariis
1568 1798 1614 1871 ad
1639 1797 1794 1872 infirmos

235 1914 501 1985 transeuntibus
530 1915 574 1985 ad
601 1914 877 1986 administranda
903 1922 1121 1989 sacramenta
1148 1917 1320 2008 ordinare,
1338 1918 1610 1990 contributiones
1627 1939 1691 2010 per
1710 1941 1794 2010 apo-

237 2034 402 2106 stolieum
430 2037 504 2108 sive
532 2036 744 2107 ordinarium
784 2037 963 2117 institutas
991 2046 1027 2109 et
1054 2038 1303 2128 instituendas,
1329 2058 1394 2129 pro
1429 2045 1508 2112 rata
1542 2062 1625 2112 suae
1660 2041 1794 2112 mediae

236 2156 369 2247 partis,
396 2164 470 2229 tres
497 2179 580 2231 vero
607 2158 832 2233 mansionarii
860 2179 923 2249 pro
951 2164 1030 2230 rata
1056 2160 1201 2230 alterius
1227 2160 1336 2250 partis
1363 2160 1516 2252 solvere,
1543 2162 1614 2233 siut
1638 2162 1794 2251 astricti3

237 2298 357 2349 aaran
382 2280 486 2351 etiam
514 2286 550 2350 et
576 2280 719 2369 lumina,
746 2300 835 2371 quae
862 2282 1046 2371 provenire
1073 2280 1240 2354 ecelesiae
1267 2287 1540 2372 consueverunt,
1566 2287 1646 2372 post
1673 2281 1794 2354 delim-

237 2405 312 2471 otos
340 2420 404 2472 seu
431 2422 645 2492 quocumque
673 2402 743 2473 alia
769 2402 880 2492 modo,
907 2409 969 2474 aut
996 2424 1211 2494 quocumque
1238 2403 1307 2473 alio
1325 2407 1491 2495 tempore,
1509 2403 1638 2476 debent
1655 2424 1793 2476 conser-

238 2523 313 2592 vari
341 2524 379 2593 iu
407 2544 476 2595 uua
502 2524 591 2594 cista
617 2523 853 2595 ecclesiastica
879 2542 1005 2614 magua
1032 2526 1068 2595 in
1095 2526 1259 2597 sacristia
1285 2525 1393 2615 ipsius
1412 2525 1585 2617 ecclesiae,
1605 2530 1641 2596 et
1658 2530 1794 2597 tautum

238 2664 301 2733 pro
328 2644 427 2715 cultu
454 2645 571 2715 divino
599 2650 635 2715 et
663 2645 813 2715 utilitate
840 2646 1006 2717 ecclesiae
1034 2648 1200 2717 converti.
1240 2646 1460 2737 Quapropter
1485 2644 1633 2736 praelati
1660 2647 1792 2718 domiui·

240 2772 465 2856 exponentes
494 2766 687 2837 Stanislaus
714 2766 921 2855 Liganza
947 2767 1070 2837 haeres
1089 2769 1125 2837 in
1144 2766 1435 2837 Przeczslau
1461 2766 1607 2837 collator
1623 2770 1660 2837 et
1676 2772 1794 2856 patro·

121 2934 129 2948 »
240 2906 313 2977 nus,
341 2894 380 2957 et
407 2887 520 2958 Adam
547 2887 715 2977 plebanus
742 2887 816 2957 sive
843 2892 958 2957 rector
985 2888 1138 2959 eiusdem
1167 2888 1332 2959 ecclesiae
1349 2892 1386 2959 et
1404 2908 1524 2959 eorum
1542 2887 1696 2977 quilibet,
1714 2892 1795 2959 voto

241 3009 395 3081 unanimi
423 3009 523 3080 nobis
550 3008 668 3079 debita
695 3028 771 3079 cum
799 3009 966 3079 instantia
993 3008 1166 3099 suplioaro
1193 3014 1361 3079 curarunt
1387 3014 1423 3079 et
1449 3008 1681 3099 suplicaruut,
1709 3030 1792 3098 qua·

241 3136 342 3201 tenus
371 3130 567 3201 huiusmodi
596 3130 847 3201 ordinationem
876 3135 912 3199 et
938 3130 1200 3219 dispositionem
1220 3151 1284 3219 per
1301 3131 1395 3221 ipsos
1413 3135 1453 3199 ut
1469 3129 1667 3219 praefertur
1683 3128 1795 3200 factas

242 3258 277 3324 et
303 3252 528 3343 praehabitas
555 3251 749 3344 admittere,
777 3252 981 3344 approbare,
1008 3258 1045 3323 et
1070 3252 1256 3343 ratificare,
1283 3250 1557 3343 confirmareque
1575 3251 1611 3322 in
1629 3250 1797 3342 omuibus,

244 3395 283 3446 ac
309 3375 487 3446 decretum
515 3375 715 3446 autoritatis
741 3380 882 3446 nostrae
910 3375 1107 3446 ordinariae
1133 3395 1309 3466 apponere
1335 3374 1566 3465 dignaremur.
1593 3373 1667 3444 Nos
1689 3372 1798 3464 igitur

244 3495 413 3586 Sbigneus
448 3496 634 3567 cardinalis
662 3502 698 3566 et
725 3497 905 3588 episcopus
932 3495 1106 3570 antefatus
1133 3496 1331 3569 huiusmodi
1358 3496 1669 3588 supplicationibus
1695 3496 1797 3567 iustis

245 3625 279 3689 et
312 3619 599 3709 rationabilibuS,
634 3617 875 3690 favorabiliter
911 3625 1119 3709 annuentes,
1156 3619 1315 3710 inprimis
1350 3617 1490 3690 titulum
1517 3617 1661 3689 alterius
1688 3617 1798 3708 partis

150 3730 155 3735 ’
246 3740 412 3811 ecclesiae
439 3739 635 3831 praelatae,
662 3740 705 3811 de
732 3745 828 3812 certa
864 3746 984 3812 nostra
1011 3741 1156 3812 scientia
1183 3739 1434 3837 extinguimus,
1461 3739 1668 3828 abrogamus
1694 3759 1736 3809 ac
1762 3739 1797 3808 in

246 3869 449 3952 perpetuum
477 3862 665 3951 abolimus3
700 3883 740 3933 ac
767 3861 890 3933 deinde
918 3862 1154 3933 ordinationes
1181 3867 1218 3931 et
1244 3860 1509 3931 constitutiones
1536 3858 1732 3949 praedictas
1759 3859 1795 3928 iu

249 3984 406 4055 omnibus
443 3989 479 4054 ot
506 3984 650 4074 siugulis
677 4005 796 4055 eorum
823 3985 979 4074 punctis,
1006 3983 1170 4054 clausulis
1196 3987 1234 4052 et
1259 3981 1433 4072 articulis,
1460 3986 1595 4052 attenta
1614 3981 1706 4071 quod
1720 3999 1798 4052 ver·

248 4111 330 4202 gant
366 4106 402 4176 iu
435 4113 655 4195 augmentum
684 4105 798 4176 cultus
826 4105 952 4196 divini,
980 4111 1015 4176 et
1041 4123 1269 4196 personarum
1296 4103 1607 4174 ecclesiasticarum
1641 4099 1799 4193 praedie-

249 4231 305 4298 tae
338 4227 508 4300 ecclesiae
547 4229 583 4298 in
619 4227 907 4300 Przecuslaw
946 4225 1118 4319 favorem,
1155 4228 1191 4298 in
1228 4227 1365 4298 nomine
1399 4223 1539 4296 Domini
1574 4221 1800 4312 admittenda,

249 4349 469 4441 ratificanda,
506 4350 730 4441 approbanda
769 4356 805 4421 et
845 4348 1080 4420 confirmanda
1120 4348 1299 4438 duximus,
1334 4346 1637 4438 praesentiumque
1677 4349 1800 4416 tenore

250 4470 480 4564 admittimus,
507 4472 755 4563 approbamus,
782 4471 993 4544 ratificamus
1030 4475 1065 4541 et
1100 4470 1360 4557 confirmamus;
1396 4488 1437 4539 ac
1471 4487 1535 4558 pro
1570 4465 1694 4538 maiori
1720 4485 1800 4536 cau-

250 4593 318 4664 tela
343 4599 380 4666 et
407 4594 634 4673 subsistentia
664 4595 840 4666 decretum
867 4599 904 4665 et
930 4593 1037 4665 robur
1065 4592 1283 4665 auctoritatis
1319 4589 1536 4679 ordinariae,
1570 4587 1656 4677 ipsis
1692 4584 1802 4658 omni-

250 4713 313 4786 bus
339 4722 376 4788 et
402 4717 547 4807 singulis
574 4717 608 4789 in
637 4718 706 4790 rim
733 4717 838 4788 realis
862 4721 898 4787 et
925 4721 1113 4806 perpetuae
1139 4714 1317 4786 inuitatis
1343 4710 1567 4802 apposuimus
1594 4715 1629 4780 et
1655 4707 1800 4799 apponi-

252 4856 325 4906 mus
351 4857 415 4929 por
440 4845 652 4929 praesentes.
679 4839 719 4909 ln
747 4839 844 4910 cuius
870 4838 922 4910 rei
949 4837 1186 4908 testimonium
1213 4834 1364 4924 sigillum
1382 4837 1543 4903 nostrum
1559 4828 1800 4921 praesentibus

254 4965 305 5030 est
330 4981 528 5051 appensum.
555 4961 684 5033 Datum
711 4960 899 5032 Gracoviae
927 4958 1094 5048 vigesima
1120 4957 1233 5047 prima
1259 4953 1333 5025 Mai
1352 4973 1442 5024 anuo
1459 4952 1600 5023 Domini
1617 4951 1799 5022 millesimo

254 5082 588 5174 quadringentesimo
617 5083 902 5174 quinquagesimo
929 5085 1064 5172 quarto.
1091 5077 1349 5165 Praesentibus,
1367 5074 1633 5163 venerabilibus
1650 5073 1800 5143 honora·

255 5201 444 5296 bilibusque
480 5211 516 5276 et
551 5205 725 5276 nobilibus
761 5204 863 5276 viris:
899 5203 1057 5274 Johanno
1093 5199 1347 5290 Dlugosch,
1375 5196 1518 5268 custode
1554 5193 1739 5266 Vislicensi
1765 5196 1802 5262 et

257 5325 415 5396 canonico
442 5325 675 5417 Gracoviensi,
702 5327 846 5397 Daniele
874 5326 1037 5396 canonico
1064 5321 1335 5394 Sandomiriensi
1361 5321 1397 5390 in
1425 5317 1629 5406 Tuchow,
1656 5314 1802 5386 Alberto

260 5443 293 5512 in
318 5445 601 5540 Pyotrawin,
637 5449 796 5520 Johaune
832 5449 867 5519 in
895 5445 1206 5534 Bodzanczin,
1233 5443 1355 5513 Marco
1390 5441 1426 5510 in
1453 5437 1613 5528 Lauhy
1638 5434 1804 5526 plebanis,

259 5565 404 5642 Gristino
431 5571 473 5642 de
500 5572 523 5644 J
534 5592 777 5662 anowycze
803 5569 982 5658 marsalco,
1010 5566 1185 5638 Stanislao
1212 5557 1625 5650 Czarnoehomsky,
1652 5555 1807 5627 Martiae

261 5693 437 5784 quoquina,
455 5693 615 5766 Johanne
634 5691 996 5782 Bestreiowsky,
1015 5689 1174 5762 Johanne
1192 5685 1397 5772 Olschra,
1416 5683 1593 5753 Proczone
1611 5675 1765 5768 Lypsk
1774 5696 1806 5764 y,
