4550 6600
1722 808 1796 881 257

250 1000 431 1091 praedium
450 1002 615 1095 militare,
642 1004 685 1076 de
705 1026 771 1096 quo
790 1006 926 1080 tollitur
944 1006 1076 1081 decima
1094 1007 1318 1097 manipularis
1336 1009 1501 1085 ecclesiae
1527 1010 1563 1081 in
1582 1010 1798 1103 candaca,

250 1124 348 1192 cuius
377 1122 473 1194 valor
501 1126 704 1197 aestimatur
730 1127 774 1199 ad
802 1182 915 1199 .....
982 1202 990 1209 ,
1082 1135 1093 1147 “
1387 1106 1390 1113 ’
1715 1136 1724 1151 ”

954 1247 1094 1321 Pononr.

355 1362 450 1435 Villa
468 1365 600 1439 habens
619 1366 798 1441 ecclesiam
816 1370 1049 1459 parochialem
1067 1370 1218 1459 ligneam
1236 1363 1272 1441 in'
1290 1392 1342 1461 se,
1370 1369 1393 1441 S
1412 1426 1525 1443 .....
1549 1373 1697 1445 dicatam
1716 1429 1723 1445 .
1742 1428 1750 1444 .
1769 1429 1776 1444 .

593 1480 594 1483 ’
917 1490 1130 1563 Lrurnczn.
1552 1566 1556 1573 ,

354 1605 448 1678 Villa
473 1608 603 1680 habens
630 1609 862 1699 parochialem
893 1610 1071 1682 ecclesiam
1098 1613 1134 1683 in
1162 1633 1198 1683 se
1225 1613 1391 1704 ligneam,
1428 1612 1672 1685 Sanctissimae
1697 1613 1798 1687 Nati·

248 1726 352 1797 vitati
384 1727 540 1817 Virginis
576 1729 711 1801 Mariae
746 1730 913 1822 dicatam,
941 1732 1038 1803 cuius
1072 1733 1195 1826 haeres
1229 1733 1380 1805 Jacohus
1407 1732 1463 1805 (11
1471 1736 1798 1826 yepyclowsky

248 1847 376 1917 nobilis
404 1848 445 1919 de
473 1848 573 1919 domo
601 1848 872 1923 Griflonum.
918 1852 958 1922 In
986 1873 1054 1943 qua
1080 1859 1162 1926 sunt
1188 1854 1280 1926 lanei
1307 1856 1540 1927 cmethonales
1567 1910 1707 1927 ......
1818 1896 1826 1907 ,

352 1966 564 2061 Znuonrnn,
591 1971 686 2043 villa·
702 1973 767 2044 suh
792 1973 960 2072 parochia
985 1972 1151 2046 ecelesiae
1178 1974 1220 2045 de
1246 1975 1454 2049 Luthcza
1480 1978 1566 2068 sita,
1593 1980 1690 2050 cuius
1716 1960 1799 2049 hae-

248 2107 304 2158 res
332 2142 554 2160 .........
1066 2117 1076 2123 ·

354 2207 576 2302 GnoscnnA,
604 2212 687 2285 villa
714 2215 778 2286 sub
805 2214 980 2305 parochia
998 2214 1163 2287 ecclesiae
1190 2214 1233 2287 de
1259 2214 1468 2290 Lnthcza
1494 2219 1562 2290 sita
1580 2272 1694 2290 .....

850 2340 855 2349 “
917 2335 1134 2407 anunnno.

352 2449 527 2542 Oppidum
555 2454 688 2527 habens
716 2455 751 2527 in
771 2476 808 2527 se
826 2456 1058 2547 parochialem
1087 2456 1269 2528 ecelesiam
1295 2458 1463 2551 ligneam,
1489 2458 1637 2531 Sanctae
1663 2460 1799 2533 Mariae

248 2570 437 2643 Nativitati
463 2574 630 2666 dicatam,
656 2576 754 2661 cuius
780 2578 905 2647 haeres
932 2553 1266 2671 Marsoh'alcus.
1307 2580 1348 2650 In
1367 2602 1434 2671 quo
1452 2586 1535 2652 sunt
1551 2564 1690 2654 centum
1707 2583 1799 2653 lanei

248 2693 509 2785 oppidanorum,
537 2695 722 2786 dequibus
750 2698 907 2769 omnibus
935 2697 1082 2769 solvitur
1109 2698 1242 2770 decima
1268 2701 1457 2790 pecunialis
1483 2702 1645 2792 episcopo
1672 2701 1799 2775 Gnaeo·

248 2814 360 2883 riensi
388 2814 431 2884 de
459 2814 613 2903 quolibet
644 2838 707 2906 per
814 2872 821 2886 .
841 2872 874 2887 ..
922 2817 1010 2889 Item
1046 2823 1100 2889 est
1131 2819 1181 2889 ibi
1207 2832 1312 2891 unum
1343 2820 1524 2910 praedium
1550 2822 1727 2913 advocati,
1755 2822 1799 2893 dc

250 2954 315 3023 quo
334 2934 528 3009 decimatur
554 2937 701 3027 plebano
728 2938 855 3009 ibidem
882 2940 918 3009 in
945 2938 1039 3029 Thy
1047 2940 1208 3029 nhark3
1236 2941 1319 3012 item
1346 2941 1492 3032 plebano
1520 2943 1625 3014 solvit
1651 2944 1798 3033 quilibet

249 3053 290 3125 de
317 3052 419 3125 laneo
446 3078 521 3149 sep,
548 3072 732 3147 perunum
759 3079 955 3130 mensuram
982 3059 1128 3149 siliginis
1156 3064 1192 3130 et
1210 3061 1391 3151 paraliam
1416 3081 1557 3152 avenae,
1584 3064 1667 3135 item
1692 3063 1799 3135 habet

248 3174 416 3271 plebanus
443 3179 603 3267 proprios
631 3184 667 3249 et
694 3200 797 3269 agros
824 3186 860 3251 et
886 3185 1005 3271 prata,
1031 3200 1095 3270 pro
1123 3201 1186 3253 suo
1213 3203 1278 3255 usu
1303 3188 1340 3252 et
1366 3184 1583 3255 necessitate.

353 3297 564 3371 Suburbium
591 3301 677 3372 alias
704 3300 728 3372 J
737 3322 876 3372 aszua
903 3303 967 3374 sub
993 3304 1161 3392 parochia
1187 3303 1230 3376 de
1257 3304 1319 3374 Th
1328 3305 1526 3394 ymbarg.
1565 3305 1606 3375 In
1624 3325 1693 3395 qua
1718 3312 1800 3377 sunt
1843 3333 1847 3338 ⁴
1992 3327 2003 3334 ·

249 3417 339 3491 lanei
367 3420 615 3510 cmethonaleS,
642 3421 685 3492 de
713 3422 838 3511 quibus
864 3423 1010 3494 solvitur
1028 3423 1160 3495 decima
1186 3424 1375 3514 pecunialis
1402 3425 1508 3496 etiam
1525 3426 1688 3516 episcopo
1715 3425 1799 3498 Ora·
1930 3456 1941 3481 ν

249 3540 401 3612 aoviensi
437 3539 480 3612 de
517 3541 672 3632 quolibet
707 3543 806 3616 laneo
841 3563 904 3632 per
941 3597 1080 3614 ......
1121 3545 1210 3616 Item
1235 3567 1367 3638 osszqr,
1395 3545 1543 3619 solvitur
1573 3546 1618 3616 de
1645 3547 1799 3636 quolibet
1935 3558 1939 3564 “

249 3660 347 3732 laneo
384 3681 448 3751 per
474 3683 578 3732 unam
614 3672 816 3734 mensuram
847 3664 993 3754 siliginis
1030 3669 1065 3734 et
1099 3684 1164 3754 per
1189 3685 1293 3736 unam
1328 3685 1458 3736 avenae
1494 3685 1558 3754 pro
1588 3664 1736 3753 plebano
1762 3667 1816 3736 in.

251 3779 512 3872 Thymbarg
539 3837 653 3854 .....
1182 3869 1191 3883 Ι

918 3902 1130 3976 Srsznzow.

352 4010 527 4115 Oppidum
552 4022 693 4128 habens,
711 4023 747 4096 in
775 4045 812 4097 se
838 4025 1071 4116 parochialem
1098 4023 1278 4096 aeclesiam
1305 4024 1467 4115 ligneam,
1494 4022 1641 4116 Corpori
1667 4023 1799 4098 Christi

251 4145 418 4235 dicatam,
454 4147 550 4218 cuius
584 4146 754 4219 haeredes
788 4146 966 4219 Johannes
1003 4151 1039 4216 et
1064 4144 1230 4217 Nicolaus
1263 4146 1420 4235 germani
1456 4146 1590 4219 nobiles
1621 4146 1666 4218 dc
1691 4148 1798 4218 armis

252 4265 410 4338 Olawa.
454 4266 495 4338 In
522 4287 589 4357 quo
617 4268 780 4358 oppidani
807 4288 924 4339 omnes
952 4273 988 4338 et
1015 4267 1205 4338 suburbani
1232 4249 1562 4338 solvunt'ecclesiae
1588 4272 1624 4338 et
1650 4267 1797 4357 plebano
1861 4311 1866 4336 2
1935 4340 1941 4349 ,

252 4388 286 4458 in
321 4387 547 4460 Strzeaow
581 4408 645 4480 pro
680 4387 908 4486 mensalibus,
955 4387 1101 4478 quilibet
1135 4387 1261 4477 hospes
1307 4407 1484 4477 grossum,
1534 4394 1570 4458 et
1614 4388 1800 4477 inquilinus

123 4503 125 4506 ’
253 4507 402 4597 quinque
429 4505 608 4595 denarios;
640 4507 722 4578 item
749 4511 803 4579 est
830 4506 866 4576 in
889 4505 1013 4578 'eodem
1042 4505 1169 4596 oppido
1197 4504 1449 4594 molendinum,
1478 4506 1569 4595 quod
1596 4505 1700 4577 solvit
1726 4505 1799 4595 ple-

252 4625 341 4698 bano
356 4609 363 4618 *
377 4625 413 4697 in
437 4625 674 4700 ‘Strzezow
708 4648 773 4718 pro
800 4627 1010 4700 mensalibus
1044 4647 1223 4717 grossum;
1258 4627 1342 4720 item
1378 4626 1422 4695 de
1450 4630 1598 4716 utroque
1633 4625 1799 4697 suburbio

253 4745 503 4820 Strzezoviensi
531 4747 677 4820 solvitur
704 4747 836 4819 decima
863 4748 1027 4819 ecclesiae
1053 4747 1089 4818 in
1107 4740 1430 4836 Dobrzechorr,
1458 4746 1603 4837 quilibet
1629 4744 1672 4816 de
1690 4745 1795 4814 laneo

222 4903 223 4907 =
253 4887 314 4956 per
339 4867 509 4939 fertonem
536 4873 573 4938 ot
598 4875 671 4939 tres
698 4887 876 4940 mensuras
903 4867 1049 4957 siliginis
1077 4873 1113 4938 et
1140 4873 1213 4937 tres
1241 4887 1380 4938 avenae.

356 4987 548 5080 Gonsws,
583 4989 667 5060 villa
693 4988 756 5060 sub
783 4989 948 5080 parochia
979 4987 1021 5058 de
1049 4986 1280 5058 Strzezow
1307 4987 1393 5076 sita,
1421 4986 1517 5058 cuius
1544 4986 1668 5058 haeres
1694 4984 1818 5056 Nico-‘
1917 4969 1922 5054 s

255 5105 328 5180 laus
355 5109 689 5199 Strzenowslry.
733 5109 773 5180 In
801 5130 869 5200 qua
904 5114 985 5180 sunt
1019 5107 1111 5178 lanei
1144 5106 1397 5196 emethonales,
1433 5106 1476 5176 de
1503 5107 1628 5197 quihus
1655 5104 1800 5196 quilibet

256 5231 388 5302 ametho
424 5231 528 5303 solvit
554 5230 701 5320 plebano
738 5230 773 5300 in
800 5227 1030 5300 Strzezow
1057 5247 1120 5318 per
1146 5227 1333 5314 fertonem,
1369 5233 1405 5296 et
1431 5245 1494 5315 per
1519 5232 1593 5297 tres
1620 5245 1798 5306 mensuras

257 5350 399 5440 siliginis
434 5357 472 5422 ct
496 5371 559 5441 per
595 5355 668 5422 tres
706 5370 855 5438 avenae;
892 5350 973 5419 item
1010 5349 1045 5418 in
1073 5348 1192 5419 eadem
1229 5348 1312 5418 villa
1338 5353 1420 5419 sunt
1455 5346 1543 5416 duae
1569 5346 1798 5433 hortulaniae,

256 5469 336 5540 item
361 5470 603 5562 molendinum,
630 5471 713 5542 item
731 5469 876 5560 quilibet
893 5469 1029 5539 cmetho
1056 5467 1183 5559 hospes
1209 5468 1313 5538 solvit
1338 5467 1485 5556 plebano
1511 5467 1548 5536 in
1566 5465 1799 5536 Strzerow

256 5605 317 5678 pro
334 5590 553 5664 mensalibus·
573 5611 745 5681 grossum,
772 5589 960 5680 inquilinus
987 5589 1138 5682 quinque
1165 5587 1343 5675 denarios;
1369 5587 1453 5656 item
1471 5590 1526 5691 est
1550 5585 1600 5656 ibi
1617 5583 1798 5677 praedium
1880 5608 1884 5614 ·

357 5873 563 5926 namu.
1594 5853 1633 5907 88
