4550 6600
482 753 595 848 aa,

479 966 643 1054 taberna,
670 961 713 1036 de
751 959 875 1057 quibus
911 962 1082 1040 omnibus.
1108 960 1257 1038 solvitur
1291 970 1328 1038 et
1355 961 1560 1040 conducitur
1586 961 1718 1039 decima
1744 961 1970 1059 manipularis
1996 970 2033 1040 et

364 1163 372 1176 .
479 1085 654 1176 canapalis
680 1107 744 1177 pro
771 1088 916 1158 ecclesia
942 1086 1102 1159 Omnium
1130 1087 1335 1159 Sanctorum
1352 1088 1485 1160 mediae
1503 1090 1616 1179 partis
1634 1090 1671 1160 in
1689 1089 1929 1178 Gracoria;
1948 1090 2031 1160 item

479 1207 522 1278 dc
559 1209 709 1298 quinque
745 1207 855 1279 laneis
892 1209 1039 1282 solvitur
1072 1209 1210 1280 decima
1244 1208 1471 1299 manipularis
1507 1211 1749 1283 mansionariis
1784 1209 1818 1282 S.
1843 1209 1967 1282 Jacobi
1991 1210 2028 1282 in

478 1328 737 1420 Gasimiria‚
765 1335 801 1400 et
826 1331 924 1401 valor
951 1331 1025 1402 eius
1052 1331 1259 1404 aestimatur
1285 1331 1329 1402 ad
1355 1336 1428 1402 tres
1455 1339 1599 1403 marcas.

581 1450 808 1541 ,iunowrczn
835 1451 918 1522 villa
945 1452 1009 1523 sub
1035 1452 1202 1542 parochia
1228 1452 1393 1523 ecclesiae
1420 1451 1453 1522 S.
1480 1451 1604 1524 Jacobi
1622 1453 1658 1524 iu
1676 1451 1927 1526 Gasimiria
1951 1452 2027 1542 site,

477 1573 575 1644 cuius
611 1571 807 1662 proprietas
843 1573 887 1642 ad
922 1574 1171 1644 monasterium
1206 1571 1353 1644 Sanctae
1387 1569 1557 1663 Hedvigis
1593 1574 1754 1663 pertinet.
1798 1573 1886 1644 Item
1915 1573 2021 1643 estin

477 1693 598 1766 eadem
625 1693 709 1766 villa
734 1715 823 1764 unns
851 1714 991 1784 campus
1019 1694 1107 1765 alias
1133 1716 1245 1787 apoc,
1273 1693 1315 1764 de
1342 1693 1440 1764 cuius
1466 1695 1561 1785 agris
1587 1694 1735 1766 solvitur
1760 1693 1895 1764 decima
1919 1692 2024 1764 mani·

475 1814 608 1905 pularis
635 1815 878 1886 mansionariis
906 1813 939 1885 S.
965 1814 1089 1886 Jacobi
1115 1815 1153 1886 in
1180 1812 1440 1906 Gasimiria,
1464 1821 1503 1887 et
1528 1815 1628 1887 valor
1654 1815 1728 1887 eius
1754 1814 1959 1886 aestimatur
1983 1811 2027 1883 ad

476 1957 581 2008 unam
607 1957 767 2031 marcam.

551 2055 708 2146 ,Quinta
743 2056 977 2128 mansionaria
1012 2055 1166 2128 eiusdem
1192 2056 1359 2128 ecclesiae
1386 2056 1504 2156 Sancti
1528 2057 1652 2130 Jacobi
1677 2078 1748 2128 non
1774 2059 1829 2129 est
1853 2054 2024 2128 manualis

359 2217 367 2228 ι
475 2177 537 2250 sed
563 2183 750 2268 perpetua,
778 2178 875 2248 cuius
901 2176 1091 2248 modernus
1118 2177 1372 2249 mansionarius
1398 2184 1453 2249 est
1478 2178 1640 2250 Andreas
1666 2175 2027 2269 Wyelyepolsky

455 2298 519 2369 ·de
547 2299 652 2370 armis
678 2297 988 2389 Antiqnorum
1014 2297 1252 2390 Equorum,
1280 2319 1368 2390 quae
1393 2299 1500 2373 habet
1526 2299 1694 2372 decimam
1721 2300 1756 2371 in
1779 2297 2027 2390 Dobyesla·

469 2419 612 2518 ¹wicze
639 2418 741 2490 modo
768 2417 1006 2510 infrascripto.

578 2539 918 2632 Doarnsnnwrczn‚
946 2515 1031 2613 villa
1066 2543 1130 2616 sub
1165 2542 1332 2634 parochia
1358 2541 1401 2612 de
1420 2541 1786 2632 Raphalouicze
1812 2540 1898 2630 sita,
1925 2539 2024 2609 cuius

409 2733 411 2742 ,
474 2662 597 2733 haeres
625 2662 918 2754 Buczynsky‚
946 2663 982 2734 in
1010 2685 1078 2754 qua
1108 2669 1188 2736 sunt
1214 2663 1306 2734 lanei
1334 2663 1586 2753 emethonales,
1612 2663 1697 2734 item
1723 2661 1905 2751 praedium
1931 2659 2021 2730 mili-

473 2788 560 2874 tare,
587 2784 671 2855 itern
697 2784 845 2856 taberna
871 2806 950 2876 una,
977 2785 1109 2858 habens
1137 2806 1250 2876 agros,
1269 2785 1312 2856 dc
1331 2785 1456 2874 quibus
1474 2785 1632 2855 omnibus
1651 2783 1798 2854 solvitur
1815 2786 1851 2852 et
1868 2780 2028 2852 conduci-

475 2911 535 2976 tur
562 2906 696 2977 decima
722 2907 948 2996 manipularis
975 2911 1015 2976 et
1038 2907 1215 2996 canapaiis
1242 2927 1306 2994 pro
1332 2905 1566 2977 mansionario
1590 2925 1652 2977 seu
1678 2904 1838 2975 altarista
1862 2899 2028 2992 praelato,

449 3030 510 3097 'et
534 3026 634 3098 valor
670 3027 744 3096 eius
782 3026 987 3096 aestimatur
1024 3025 1068 3096 ad
1096 3025 1358 3116 quatuordecim
1383 3046 1537 3115 marcas3
1564 3027 1648 3096 item
1674 3023 1852 3114 praelatus
1878 3023 2029 3093 mansio-

473 3147 594 3217 narius
613 3139 684 3218 'seu
711 3145 871 3216 altarista
897 3152 1037 3217 tenetur
1064 3151 1204 3218 cantare
1231 3167 1370 3218 cursum
1388 3147 1518 3217 Beatae
1535 3145 1691 3235 Virginis
1709 3144 1845 3215 Mariae
1863 3148 1900 3215 et
1916 3149 2028 3214 matu-

473 3287 550 3337 ram
584 3267 745 3355 missam3
781 3267 864 3338 item
900 3272 1018 3339 cantat
1053 3271 1089 3339 et
1124 3268 1263 3359 vigilias
1291 3268 1445 3359 qnalibet
1470 3266 1622 3339 secunda
1647 3265 1753 3357 feria,
1781 3270 1885 3337 cantu
1911 3265 2028 3355 legere

475 3388 583 3459 etiarn
609 3392 749 3459 tenetur
777 3386 922 3478 singulis
950 3388 1152 3478 septimanis
1179 3390 1266 3461 duas
1291 3391 1425 3479 missas,
1452 3410 1556 3463 unam
1582 3410 1647 3479 pro
1674 3387 1854 3477 destructis,
1882 3386 2028 3458 alteram

474 3530 538 3599 pro
565 3510 737 3599 peccatis3
764 3508 847 3580 item
875 3509 1037 3582 altarista
1062 3510 1171 3583 habet
1197 3511 1381 3602 specialem
1408 3510 1554 3601 domum,
1581 3512 1666 3583 item
1692 3508 1917 3581 mansionarii
1943 3528 2031 3598 qua-

473 3636 555 3701 tuor
581 3630 712 3702 habent
738 3650 842 3702 unam
870 3630 1009 3702 domurn
1030 3652 1253 3704 communem.
1369 3712 1375 3730 ‚

576 3750 735 3825 Ecclesia
762 3752 881 3825 Sancti
907 3752 1081 3826 Leonardi
1107 3754 1292 3846 hospitalis
1318 3753 1552 3844 leprosoraria
1578 3757 1679 3824 extra
1705 3770 1824 3823 muros
1851 3750 2029 3823 Gasimiri-

474 3894 584 3964 enses,
603 3874 667 3946 sub
694 3874 898 3965 pontificatu
926 3880 961 3946 et
986 3876 1156 3965 regimine
1174 3881 1315 3948 sanctae
1333 3876 1520 3947 memoriae
1541 3873 1682 3963 Sbignei
1699 3873 1885 3944 cardinahb
1903 3876 1939 3941 et
1955 3871 2029 3962 epi-

472 3994 569 4083 scopi
596 3992 835 4066 cracoviensis
863 4001 1044 4086 creciaci
1070 4017 1134 4086 per
1161 3996 1319 4067 consules
1337 3995 1380 4066 de
1399 3994 1652 4066 Oasimiria
1677 3993 1822 4065 fundata
1839 3998 1875 4064 et
1893 3992 2026 4081 dotata,
2079 4092 2083 4096 ἱ

473 4114 570 4183 cuius
604 4114 736 4202 primus
772 4116 992 4203 praepositus
1029 4121 1106 4186 erat
1140 4115 1318 4187 lohannes
1354 4115 1398 4186 de
1434 4114 1647 4207 Strykow
1672 4115 1868 4205 presbyter.
1909 4112 2028 4183 Habet

473 4238 589 4305 autern
616 4232 858 4323 praepositura
884 4232 917 4305 S.
943 4234 1117 4307 Leonardi
1144 4236 1302 4325 praoiata
1328 4256 1393 4324 pro
1420 4256 1484 4306 sua
1509 4236 1591 4307 dote
1618 4235 1736 4306 decem
1762 4254 1898 4305 marcas
1921 4233 2027 4304 annui

472 4376 604 4445 census,
632 4354 690 4444 qui
718 4353 770 4425 illi
797 4374 839 4425 ex
865 4357 1042 4444 praetorio
1070 4355 1307 4427 Oasimiriensi
1334 4356 1523 4447 solvuntur,
1551 4356 1595 4428 ad
1623 4378 1708 4448 quas
1736 4356 1920 4428 solvendas
1945 4354 2023 4426 Sbi-

472 4497 560 4565 gneo
588 4474 756 4546 cardinali
783 4480 819 4546 et
846 4477 1006 4566 episcopo
1035 4476 1257 4547 Cracoviensi
1283 4476 1455 4567 praefato,
1482 4478 1679 4548 ratificante
1705 4499 1769 4568 per
1796 4498 1876 4548 suas
1903 4476 2025 4549 literas

472 4603 508 4668 et
545 4596 787 4687 confirmante.
818 4597 1017 4669 consulatus
1054 4595 1294 4668 cracoviensis
1330 4619 1368 4668 se
1394 4599 1572 4689 submisit,
1599 4604 1635 4669 et
1660 4620 1723 4689 per
1751 4619 1831 4669 suas
1859 4597 2026 4687 speciales

472 4718 593 4789 literas
619 4717 797 4807 inscripsit
823 4724 859 4789 et
886 4718 1062 4808 obligavit.

507 4962 697 5046 Ecclesia
737 4964 879 5047 Sancti
915 4964 1129 5046 Benedicti
1164 4966 1202 5045 in
1236 4972 1379 5090 nolonte
1413 4964 1664 5073 [yaasotiuo
1696 4973 1818 5048 extra
1852 4988 1997 5048 muros

1084 5102 1424 5186 Oasimiriensec.

574 5444 733 5517 Ecclesia
759 5444 878 5519 Sancti
904 5446 1060 5519 Floriani
1088 5448 1122 5518 in
1149 5447 1396 5539 Klyeparz,
1422 5449 1508 5520 alias
1535 5450 1571 5520 in
1598 5449 1865 5541 Florentia,
1891 5450 2026 5523 habens

470 5562 506 5634 in
534 5584 571 5635 se
598 5566 773 5654 praelatos
810 5574 845 5638 et
881 5570 1078 5659 canonicos,
1107 5570 1204 5639 cuius
1230 5576 1359 5642 statum
1386 5576 1422 5641 et
1448 5570 1679 5642 conditionem
1693 5572 1742 5641 ,in
1768 5577 1927 5662 regestro
1954 5573 2027 5643 col-
2091 5605 2098 5615 ⁸

469 5684 675 5777 legiatarum
703 5687 925 5759 ecclesiarum
951 5689 1206 5780 descripsimus.
