4550 6600
1595 763 1886 880 ‘aas‘

209 976 318 1049 nobili
353 976 552 1069 Helvigo
588 978 631 1049 dc
667 979 949 1073 Besdzedza,
987 985 1113 1055 coemit
1149 984 1241 1075 apud
1282 1008 1360 1058 eum
1396 988 1590 1078 quindecim
1625 1012 1763 1065 marcas

210 1116 342 1187 census,
368 1098 510 1169 stillas
536 1100 787 1189 praebendario
814 1108 851 1173 et
877 1103 1096 1193 praebendae
1122 1106 1159 1175 in
1177 1105 1448 1179 Besdzedza
1473 1110 1709 1203 incorporavit
1726 1119 1763 1185 et

209 1219 455 1309 appropriavit.
483 1217 617 1291 Goemit
642 1226 679 1293 et
706 1243 811 1293 unum
838 1222 984 1315 laneum,
1011 1224 1056 1295 ad
1083 1225 1264 1315 praedium
1283 1227 1365 1297 dicti
1384 1228 1576 1320 Helvigi
1602 1234 1761 1307 haeredis

208 1338 249 1409 de
277 1338 548 1411 Besdzedza
573 1342 815 1433 pertinentem,
842 1348 879 1414 et
905 1345 1001 1417 illum
1021 1347 1123 1417 etiam
1143 1346 1257 1418 dictae
1274 1349 1494 1438 praebendae
1512 1352 1756 1444 incorporavit,

208 1458 250 1529 de
277 1482 346 1551 quo
374 1466 413 1533 et
439 1461 532 1533 solus
558 1461 831 1552 praebendarius
858 1464 1025 1538 decimam
1052 1467 1211 1558 percipit,
1229 1469 1374 1541 ecclesia
1391 1472 1582 1560 parochiali
1598 1474 1635 1544 in
1653 1474 1758 1545 Bes-

208 1581 382 1654 daedza
409 1582 578 1673 spoliata3
603 1582 789 1674 obligando
816 1586 1004 1676 quemhbet
1030 1588 1145 1660 dictae
1170 1590 1390 1679 praebendae
1408 1593 1708 1685 praebendarium,
1726 1600 1764 1668 et

208 1704 241 1774 id
267 1702 463 1793 privilegiis
498 1708 535 1775 et
571 1705 788 1779 cautionibus
825 1706 1041 1798 roborando,
1059 1710 1113 1780 ad
1149 1715 1264 1783 certas
1298 1712 1423 1784 missas
1450 1718 1487 1784 ct
1512 1714 1697 1807 psalteria,
1724 1722 1760 1788 et

169 1853 174 1863 ¹
209 1823 250 1895 ad
277 1824 417 1915 vigilias
443 1824 617 1915 legendas.
645 1823 750 1899 chius
769 1846 861 1899 nunc
887 1832 942 1899 est
963 1828 1242 1919 praebendarios
1269 1834 1433 1924 magister
1446 1834 1669 1909 ,Laurentius
1696 1891 1704 1907 .
1732 1891 1739 1907 .

888 2188 1080 2263 ervvncz.

304 2304 481 2396 Oppidum
517 2307 649 2378 habens
685 2307 721 2379 in
748 2327 785 2380 se
812 2310 1045 2400 parochialem
1072 2311 1273 2403 ecclesiam,
1299 2312 1407 2386 Sanct
1432 2368 1635 2408 .......
1661 2321 1758 2393 cuins

205 2428 324 2499 haeres
363 2426 489 2499 Petrus
524 2426 849 2521 Komorovvshy
884 2432 927 2503 dc
963 2431 1065 2503 domo
1100 2430 1338 2505 ciliorum.
1377 2435 1418 2506 In
1453 2458 1522 2526 quo
1558 2444 1640 2509 sunt
1666 2430 1765 2511 lanei
1907 2514 1911 2526 ,

206 2548 448 2639 emethonales,
475 2549 517 2620 de
545 2550 670 2640 quibus
696 2549 828 2621 decima
854 2572 876 2622 a
901 2552 1079 2642 primaeva
1104 2552 1308 2627 fundatione
1325 2556 1490 2629 ecclesiae
1507 2558 1758 2652 cracoviensis,

206 2670 406 2742 solvebatur
441 2669 649 2742 scholastico
677 2654 916 2763 cracoviensi,
944 2674 988 2745 ob
1016 2675 1328 2764 sequestrationem
1354 2696 1438 2748 vero
1465 2680 1565 2768 regni
1592 2678 1757 2753 Poloniae

206 2798 240 2863 et
272 2811 448 2882 gwerras,
483 2790 625 2863 decimis
661 2790 848 2882 mutilatis,
876 2792 1057 2864 solvuntur
1092 2794 1275 2884 pecuniae,
1301 2800 1339 2867 et
1370 2796 1562 2887 praefatum
1591 2801 1756 2891 oppidum

205 2912 305 2985 solvit
331 2932 456 2985 novem
483 2913 621 2985 scothos
647 2911 797 2984 latorum
823 2932 1033 3004 grossorum,
1060 2934 1130 2986 una
1156 2936 1234 2986 cum
1259 2916 1336 2988 vico
1362 2914 1642 3009 Sporzysch:
1670 2922 1755 2993 item

206 3034 360 3105 tabern.
389 3086 397 3101 .
425 3032 780 3105 .itemhortulani.
808 3088 815 3103 .
843 3087 871 3123 .,
906 3034 991 3106 item
1017 3034 1197 3125 praedium
1223 3088 1232 3107 .
1258 3090 1267 3105 .
1293 3058 1316 3125 .;
1342 3036 1427 3109 item
1452 3038 1597 3111 ccclesia
1621 3045 1659 3113 et
1682 3042 1755 3133 plc-

205 3154 310 3227 banus
336 3152 445 3225 habet
470 3152 520 3225 ibi
546 3154 706 3244 proprios
733 3174 836 3245 agros
863 3160 900 3226 et
925 3159 1037 3246 prata,
1064 3176 1128 3245 pro
1155 3176 1220 3228 sno
1246 3176 1313 3229 usu
1338 3161 1376 3228 et
1400 3160 1616 3231 necessitate.

302 3273 481 3357 Auriana
507 3273 700 3366 ervrscz,
727 3275 810 3348 villa
835 3275 899 3348 sub
926 3276 1091 3368 parochia
1117 3275 1161 3348 de
1187 3275 1404 3374 Zyvvyecz
1432 3266 1510 3370 ¹sita,
1528 3279 1625 3352 cuius
1644 3280 1753 3354 domi-

206 3399 294 3469 nium
329 3397 485 3488 pertinet
519 3395 564 3468 ad
599 3396 793 3487 praelatum
829 3396 972 3470 Petrum
1007 3398 1349 3492 Komarovsky.
1383 3399 1425 3471 In
1452 3421 1524 3491 qua
1550 3386 1635 3474 'sont
1661 3403 1755 3475 lanei

207 3517 454 3608 emethonales,
481 3510 677 3609 dequibus
713 3517 871 3592 omnihus
908 3519 1030 3610 datur,
1057 3518 1203 3611 darique
1238 3519 1343 3594 debet
1368 3519 1503 3594 decima
1528 3523 1754 3614 manipularis

205 3659 263 3728 pro
289 3637 499 3711 scholastria
525 3636 756 3729 cracoviensi,
784 3639 881 3712 cuius
908 3640 1013 3712 etiam
1040 3641 1217 3732 perceptio
1244 3641 1280 3712 in
1298 3641 1484 3732 manipulis
1501 3642 1680 3716 abstracta
1697 3648 1753 3716 est

210 3780 230 3830 a
254 3759 477 3850 scholastria,
504 3764 540 3832 et
565 3759 698 3832 incolae
734 3759 802 3832 sibi
828 3779 905 3831 eam
932 3760 1080 3850 quilibet
1106 3760 1150 3832 de
1177 3781 1240 3834 suo
1266 3780 1352 3851 agro
1377 3761 1592 3853 percipiunt,
1619 3768 1656 3834 et
1681 3765 1751 3836 sol-

208 3885 286 3952 vunt
312 3881 498 3952 summarie
524 3900 588 3970 pro
615 3879 677 3952 ills
703 3879 910 3952 scholastico
923 3877 1152 3952 ‘cracoviensi
1170 3879 1432 3971 quatuordecim
1450 3885 1582 3954 scottos
1600 3881 1752 3954 latorum

208 4021 402 4090 grossorum
427 3999 664 4093 Pregensinm.

302 4121 511 4211 Zannoczn,
536 4121 622 4194 villa
648 4121 712 4193 sub
739 4120 904 4212 parochia
930 4120 974 4192 de
1000 4120 1217 4213 Zywyecz
1243 4120 1321 4211 sita,
1348 4119 1445 4192 cuins
1472 4121 1596 4194 haeres
1622 4120 1749 4196 Petrus
1811 4211 1815 4219 Ι

206 4240 526 4332 Komarovvshy
554 4239 738 4333 praefatus.
764 4241 805 4312 ln
834 4261 902 4333 qua
927 4245 1009 4314 sunt
1034 4242 1127 4315 lanei
1154 4241 1397 4331 emethonales,
1423 4240 1468 4314 de
1495 4243 1620 4333 quibus
1639 4244 1749 4316 omni-

206 4362 266 4433 bns
290 4361 412 4452 datur,
438 4361 583 4454 darique
619 4361 723 4434 debet
758 4361 891 4434 decima
925 4361 1152 4452 manipularis
1187 4383 1251 4452 pro
1278 4362 1485 4434 scholastria
1510 4359 1750 4453 ciacoviensi3

207 4483 296 4555 cuius
331 4484 438 4556 etiam
472 4482 650 4574 perceptio
684 4483 721 4554 in
756 4482 941 4573 manipulis
972 4484 1150 4556 abstracta
1175 4489 1230 4555 est
1256 4503 1279 4558 a
1303 4483 1526 4572 scholastria,
1553 4488 1590 4554 et
1615 4483 1749 4587 incolae

207 4602 266 4674 soli
300 4603 396 4676 illam
431 4603 577 4695 quilibet
611 4601 654 4674 de
691 4623 776 4694 agro
813 4624 875 4675 suo
909 4603 1123 4694 percipiunt,
1149 4607 1187 4675 et
1213 4589 1351 4676 solvunt
1376 4601 1573 4677 summatim
1598 4623 1663 4694 pro
1688 4603 1750 4674 illa

206 4723 411 4798 scholastico·
429 4723 578 4796 mediam
604 4743 756 4796 mmmm
782 4723 932 4796 latorum
957 4744 1167 4815 grossorum.
1206 4725 1209 4730 ’
1377 4735 1383 4745 ’

265 4857 272 4874 ·
303 4843 511 4935 (lascarus,
538 4843 621 4917 villa
647 4843 711 4918 sub
730 4844 903 4935 ‚parochia
929 4844 972 4916 de
998 4844 1216 4938 Zyvvyeca
1241 4843 1320 4934 sita,
1346 4843 1443 4916 cuius
1469 4843 1594 4916 haeres
1620 4841 1747 4916 Petrus

207 4961 529 5058 Komarovvshy
555 4963 742 5057 praefatus.
768 4965 808 5036 In
835 4983 903 5056 qua
929 4970 1011 5037 sunt
1036 4965 1128 5036 lanei
1156 4962 1399 5053 emethonales,
1425 4963 1469 5035 de
1496 4963 1620 5054 quihus
1638 4964 1748 5035 omni-

207 5081 267 5154 bus
291 5083 411 5175 datur,
438 5083 582 5176 darique
609 5083 731 5176 debet,
758 5083 890 5158 decima
915 5084 1141 5175 manipularis
1168 5083 1393 5156 scholastriae
1420 5081 1659 5172 cracoviensi;
1684 5104 1748 5174 per

208 5202 344 5278 abusum
378 5209 495 5278 tamen
531 5209 568 5277 et
593 5205 839 5296 negligentiam
875 5204 1161 5278 scholasticorum
1188 5205 1304 5276 estin
1330 5203 1544 5295 pecuniolam
1570 5222 1746 5294 conversa,

209 5329 242 5394 et
265 5325 367 5398 solvit
392 5327 492 5398 annis
518 5326 664 5418 singuliis
690 5325 895 5399 scholastico
923 5379 931 5397 .
958 5379 966 5396 .
993 5378 1001 5396 .

304 5444 489 5518 anenzn
515 5467 655 5538 uaros,
681 5447 764 5519 villa
790 5447 854 5520 snb
879 5447 1046 5538 parochia
1072 5446 1115 5518 de
1141 5445 1359 5538 Zyvyecz
1385 5443 1473 5536 sita,
1498 5442 1596 5516 cuius
1622 5442 1746 5516 haeres
1884 5477 1890 5486 ·

210 5563 293 5638 idem
318 5565 442 5640 Petrus
468 5567 804 5659 Komorovshy.
829 5568 870 5639 ln
893 5587 962 5659 qua
978 5571 1061 5639 sunt
1079 5566 1172 5640 lanei
1188 5565 1423 5639 cmethonales
1448 5563 1636 5657 dequibus
1654 5562 1746 5636 deci-

207 5705 263 5756 ma
291 5687 531 5780 manipularis,
567 5689 792 5782 aprimaeva
825 5687 1027 5762 fundatione
1061 5687 1228 5762 ecclesiae
1262 5686 1519 5778 cracoviensis,
1545 5684 1746 5760 solvebatur

231 5816 233 5827 Ι
304 5853 351 5897 llb-
367 5855 464 5898 sume.
476 5855 507 5900 Π.
1030 5879 1035 5886 -
1540 5835 1576 5884 ³⁷
