4550 6600
1718 750 1792 825 489

230 935 432 1023 haeredem,
460 937 502 1011 de
529 936 660 1011 familia
686 940 1004 1035 Bippenuium,
1032 943 1067 1016 iu
1095 945 1192 1037 colle,
1212 947 1327 1039 lapide
1345 947 1458 1021 forma
1477 951 1629 1028 rotunda
1648 960 1793 1054 murata,

169 1067 173 1073 ’
231 1059 333 1157 caius
359 1080 450 1131 nunc
475 1060 599 1150 haeres
626 1060 791 1140 Nicolaus
817 1059 1181 1157 chranstowoky
1208 1064 1251 1139 de
1278 1070 1459 1145 nobilitate
1478 1072 1789 1171 Strzegomya.

230 1180 276 1252 In
304 1201 373 1272 qua
398 1185 480 1253 sunt
507 1185 585 1253 octo
613 1202 691 1255 cum
717 1183 831 1256 medio
858 1184 950 1259 lanei
977 1187 1221 1279 emethouales,
1241 1189 1324 1264 item
1342 1195 1415 1263 tres
1432 1194 1598 1269 tabernae
1616 1198 1786 1273 habentes

231 1322 349 1395 agros,
371 1302 454 1376 item
473 1301 623 1393 quinquo
649 1303 868 1377 hortulaniae
895 1305 1063 1380 habentes
1090 1328 1203 1399 agros,
1231 1310 1274 1381 de
1302 1311 1426 1401 quibus
1454 1315 1611 1392 omnibus
1640 1318 1786 1391 solvitur

230 1427 272 1495 et
300 1421 504 1495 conducitur
531 1421 663 1497 decIma
689 1424 914 1515 manipularis
941 1433 978 1499 et
1005 1430 1182 1521 canapaIIs
1209 1451 1273 1520 pro
1301 1432 1427 1505 abbate
1454 1439 1490 1510 ct
1517 1440 1727 1512 monasterio
1750 1441 1787 1515 in

167 1593 176 1601 .
230 1543 595 1635 Wanchoczsko,
623 1543 864 1619 cisterciensis
882 1548 1023 1640 ordinis,
1042 1555 1079 1623 et
1096 1550 1195 1625 valor
1222 1552 1296 1623 eius
1323 1554 1525 1629 aestimatur
1544 1556 1589 1629 ad
1607 1556 1799 1649 duodecim.

229 1685 380 1737 marcas.
406 1664 495 1738 Item
522 1670 577 1739 est
602 1666 653 1737 ibi
678 1688 784 1739 unum
812 1668 992 1759 praedium
1017 1670 1180 1763 militare,
1199 1672 1242 1779 de
1261 1674 1357 1745 cuius
1376 1676 1471 1765 agris
1490 1676 1637 1751 solvitur
1655 1679 1789 1753 decima

229 1785 463 1877 manipularis
499 1786 664 1861 ecclesiae
698 1787 735 1859 in
772 1785 1195 1883 Grzegoruowicze,
1224 1794 1321 1867 cuius
1348 1795 1448 1869 valor
1474 1797 1518 1869 ad
1545 1802 1618 1871 tres
1644 1822 1788 1875 marcas.

228 1908 323 1979 Item
350 1905 496 1980 ecclesia
522 1912 558 1977 et
583 1908 753 1999 plebanus
779 1909 886 1981 babet
911 1910 960 1981 ibi
987 1913 1149 2003 proprios
1177 1934 1279 2005 agros
1305 1914 1435 1989 liberos
1458 1921 1495 1989 et
1512 1924 1623 2010 prata,
1642 1940 1705 2009 pro
1725 1942 1787 1993 suo

228 2028 378 2119 praedio
405 2032 443 2101 et
468 2028 684 2100 necessitate.
711 2028 799 2101 Item
826 2030 972 2103 ecclesia
997 2032 1035 2103 in
1053 2029 1464 2125 Grzegorzowicze
1491 2036 1597 2113 babet
1614 2040 1650 2111 in
1669 2022 1803 2113 eadem'

228 2150 317 2222 villa
343 2149 642 2241 columbationem,
670 2147 848 2223 denarium
877 2150 996 2226 Sancti
1019 2152 1126 2225 Petri.

337 2269 503 2342 Zuonua
520 2269 702 2361 smirna,
718 2271 801 2343 villa
819 2273 884 2346 sub
901 2273 1068 2364 parochia
1086 2273 1129 2347 de
1151 2271 1330 2366 Grzego
1341 2278 1566 2351 rzowicza
1594 2281 1671 2372 sita,
1689 2283 1785 2357 cuius

228 2393 437 2463 haeres...
467 2390 644 2464 Szarna
678 2390 722 2463 de
759 2394 865 2465 armis
891 2393 1210 2486 Bippeunium.
1249 2396 1291 2479 ln
1319 2418 1387 2489 qua
1417 2402 1499 2471 sunt
1530 2405 1662 2491 septem
1695 2402 1794 2475 lanei·

229 2513 486 2603 cmethonales,
522 2514 605 2584 item
641 2535 712 2585 una
741 2514 906 2605 taberna,
933 2514 1016 2587 item
1044 2537 1150 2588 unum
1178 2516 1430 2612 molendinum,
1456 2520 1539 2591 item
1566 2522 1786 2597 hortulaniae

227 2639 305 2705 tres
345 2633 513 2705 habentes
552 2654 676 2725 agros,
712 2634 756 2705 dc
796 2635 922 2725 quibus
962 2636 1120 2709 omnibus
1156 2638 1305 2713 solvitur
1337 2644 1374 2711 et
1413 2640 1616 2717 conducitur
1655 2643 1788 2718 decima

178 2810 185 2817 .
229 2755 459 2849 manipularis
494 2759 531 2827 et
565 2756 741 2848 canapalis
775 2776 839 2847 pro
867 2757 1077 2829 monasterio
1104 2758 1141 2829 in
1167 2756 1534 2851 Wanchoczsko,
1562 2762 1658 2837 cuius
1686 2765 1785 2847 valor
1856 2746 1862 2751 ¹

232 2878 439 2950 aestimatur
473 2876 518 2948 ad
554 2898 678 2949 novem
704 2898 849 2949 marcas.
890 2878 977 2950 Item
1004 2878 1186 2969 praedium
1212 2901 1316 2951 unum
1344 2880 1495 2966 militare
1522 2884 1637 2957 estin
1664 2884 1784 2957 eadem
1839 2920 1841 2925 ·

230 2997 333 3089 rilla,
360 2998 403 3069 de
441 2998 537 3075 cuius
572 2998 666 3091 agris
703 2999 850 3071 solvitur
884 2998 1017 3071 decima
1051 2999 1279 3091 manipularis
1315 3002 1478 3082 ecclesiae
1512 3009 1549 3075 et
1575 3005 1723 3095 plebano
1750 3007 1812 3079 in⁴

231 3115 655 3210 Grzegorzowicze,
683 3120 781 3191 cuius
807 3120 905 3192 valor
932 3120 977 3193 ad
1003 3126 1077 3195 tres
1095 3142 1239 3195 marcas
1265 3121 1354 3195 Item
1372 3123 1571 3199 ecclcsiain
1591 3124 1786 3217 Grzego-

229 3240 454 3312 rzowicze
480 3240 587 3312 habet
611 3241 647 3312 in
676 3240 796 3314 eadem
823 3241 906 3314 villa
933 3242 1230 3336 columbationem,
1258 3242 1438 3318 denarium
1457 3245 1575 3321 Sancti
1602 3246 1700 3332 Petri
1715 3303 1722 3319 .
1738 3303 1768 3319 ..

688 3361 786 3437 Saue
812 3368 959 3458 utraque
985 3365 1099 3440 Nova
1127 3368 1165 3439 et
1190 3364 1329 3442 Varus.
1421 3361 1423 3366 ⁴

332 3501 446 3574 Nova
471 3500 578 3592 Snur,
604 3506 658 3576 est
683 3502 847 3594 oppidum
874 3503 1007 3608 habens
1033 3505 1070 3576 iu
1086 3525 1134 3594 se
1162 3504 1341 3580 ecclesiam
1368 3505 1602 3597 parochialem
1620 3508 1779 3599 ligneam,

226 3622 355 3697 Sancto
381 3622 571 3698 Laurentio
597 3625 745 3716 martyri
770 3624 931 3716 dicatam,
959 3625 1057 3698 cuius
1083 3627 1282 3716 proprietas
1309 3632 1346 3700 et
1372 3627 1561 3700 dominium
1588 3629 1633 3700 ad
1660 3651 1779 3702 mona-

106 3844 107 3847 .
226 3745 373 3818 sterium
408 3742 556 3818 Sanctae
590 3744 712 3820 Crucis
727 3764 729 3767 ·
747 3744 882 3818 Calvi
916 3745 1093 3819 Montis
1128 3747 1298 3836 pertinet,
1326 3751 1443 3820 otest
1469 3747 1584 3820 filialis
1612 3750 1779 3822 acclesiae

226 3867 464 3960 Antiquae
490 3865 609 3957 Slup.
648 3865 690 3939 ln
725 3889 793 3959 quo
829 3871 911 3940 sunt
944 3866 1139 3942 indistincti
1165 3866 1259 3938 lanci
1284 3857 1555 3958 oppidanorum,
1583 3868 1626 3940 de
1655 3871 1781 3960 quibus

162 4064 167 4070 ,
222 3988 402 4080 perceptio
430 3987 583 4060 decimae
609 3988 835 4080 manipularIs
862 3987 1136 4078 diversificatum
1163 4007 1243 4060 nam
1269 3987 1313 4062 de
1341 3987 1475 4062 duabus
1493 3989 1653 4080 partibus
1670 3991 1775 4062 solvi-

224 4117 286 4190 tur
312 4115 349 4182 et
375 4107 577 4184 conducitur
603 4131 668 4202 pro
693 4110 905 4184 monasterio
932 4094 1080 4184 Sanctae
1107 4103 1229 4184 Crucis
1256 4107 1390 4184 Salvi
1416 4109 1602 4202 Montis,
1630 4116 1666 4184 et
1684 4112 1783 4186 valor

225 4231 302 4302 eius
328 4230 532 4302 aestimatur
557 4229 603 4300 ad
629 4228 715 4305 duas
742 4216 886 4323 marcas,
912 4251 976 4322 pro
1002 4231 1108 4303 tertia
1126 4236 1242 4303 autem
1261 4237 1364 4322 parte
1382 4232 1536 4323 pertinet
1554 4253 1617 4323 pro
1636 4233 1784 4337 ecclesia

224 4351 265 4424 in
291 4351 416 4424 Nova
443 4349 561 4442 Slup,
589 4356 625 4424 et
652 4352 750 4424 valor
777 4352 851 4426 eius
878 4353 1083 4453 aestimatur
1110 4351 1155 4424 ad
1182 4373 1286 4424 unam
1313 4373 1527 4444 sexagenum.
1567 4353 1656 4429 Item
1683 4355 1781 4428 curia

110 4517 115 4531 ·
224 4478 264 4546 et
289 4472 492 4546 coenobium
519 4479 573 4556 ast
600 4475 636 4544 in
662 4472 784 4547 eodem
810 4473 949 4567 oppido,
976 4474 1019 4548 de
1046 4474 1145 4546 cuius
1172 4474 1267 4564 agris
1290 4473 1376 4546 nulli
1395 4473 1541 4557 solvitur
1558 4473 1700 4565 decima,
1718 4475 1781 4548 sed

224 4615 303 4666 cam
330 4595 578 4666 monasterium
605 4593 755 4667 Sanctae
782 4570 902 4667 Crucis
925 4616 989 4686 pro
1009 4616 1046 4666 se
1064 4596 1166 4668 tollit.
1193 4595 1282 4670 Item
1300 4595 1447 4667 ecclesia
1465 4595 1508 4670 de
1527 4594 1654 4668 Nova
1671 4595 1782 4692 Slup

225 4717 363 4787 eteius
389 4715 572 4808 plebanus,
598 4715 705 4788 habet
731 4736 834 4806 agros
861 4716 1027 4807 speclales
1054 4715 1215 4808 preprios
1242 4717 1279 4788 in
1306 4715 1426 4789 eodem
1454 4716 1599 4808 oppido,
1626 4738 1689 4808 pro
1718 4739 1780 4791 suo

223 4836 370 4928 praedio
406 4843 443 4908 et
477 4837 685 4910 necessitate
712 4825 749 4909 et
774 4843 898 4928 prata;
933 4843 1118 4928 utramque
1138 4842 1260 4938 autem
1287 4837 1465 4910 ecclesiam
1493 4859 1581 4910 unus
1608 4838 1777 4931 plebanus

224 4956 457 5034 administrat

330 5079 426 5154 Sum
452 5078 750 5177 ANTIQU4‚.villa
774 5080 908 5156 babens
933 5079 970 5152 in
997 5100 1035 5153 so
1062 5079 1242 5156 ecclesiam
1268 5081 1448 5156 matricem
1474 5080 1633 5171 ligneam,
1653 5079 1781 5156 Sancto
1845 5079 1849 5089 ’

223 5199 411 5277 VInoeutio
437 5200 608 5292 dimtam,
635 5203 700 5277 sub
726 5201 893 5294 parocbia
918 5201 1073 5277 Novae
1088 5200 1210 5292 'Slup
1238 5203 1360 5292 sitam,
1388 5202 1485 5274 cuius
1512 5202 1708 5292 proprietas
1735 5203 1781 5276 ad

223 5321 473 5395 monasterium
499 5321 646 5396 Sanctae
673 5322 794 5397 Crucis
821 5322 954 5397 Calvi
980 5322 1157 5398 Montis
1184 5325 1347 5414 pertinet
1371 5323 1412 5396 ln
1441 5344 1509 5413 qua
1532 5327 1613 5400 suut
1631 5323 1781 5396 sedecim

223 5464 302 5516 cum
328 5443 441 5516 medio
467 5444 562 5519 lanei
587 5445 834 5538 cmethonales,
860 5446 945 5518 item
972 5444 1060 5518 duae
1087 5446 1255 5518 tabernae
1282 5424 1450 5518 habentes
1477 5453 1591 5535 agros,
1615 5445 1698 5522 item
1718 5465 1780 5518 aex

112 5599 120 5610 ·
220 5555 444 5639 hortulauiae
469 5567 637 5643 habentes
664 5588 776 5658 agros,
803 5573 840 5640 et
865 5565 1035 5641 medietas
1062 5587 1226 5656 agrorum
1253 5567 1478 5641 tabernarum
1505 5571 1541 5640 et
1564 5565 1779 5640 hortulanis·

221 5709 300 5759 rum
328 5687 433 5760 solvit
452 5687 618 5762 decimam
637 5708 701 5780 pro
718 5689 930 5773 monastario
947 5687 1095 5762 Sanctae
1113 5685 1235 5762 Crucis
1254 5686 1387 5761 Cal-vi
1414 5686 1599 5777 Montis,
1618 5691 1654 5760 et
1673 5687 1779 5762 etiam

329 5828 379 5870 Lib.
392 5829 490 5871 Benene.
503 5830 534 5872 11.
1574 5837 1610 5884 62
