4550 6600
1695 753 1766 829 101

223 960 344 1053 unibus
379 960 538 1035 omnibus
573 960 722 1033 solvitur
757 959 890 1033 decima
921 959 1150 1050 manipularis
1186 959 1351 1060 ecclesiae
1386 960 1520 1034 eteius
1556 958 1707 1051 plebano
1730 960 1769 1033 ia
1837 938 1840 942 ¹

222 1081 440 1173 Drochlyn,
466 1086 503 1152 et
521 1081 619 1153 valor
645 1082 720 1153 eius
746 1081 951 1201 aestimatur
978 1081 1023 1154 ad
1041 1084 1192 1172 quatuor
1213 1100 1357 1153 marcas.
1392 1060 1484 1153 ¹Item
1503 1085 1586 1154 sunt
1611 1080 1661 1153 ibi
1678 1081 1769 1155 duae

221 1203 403 1292 tabernae,
438 1203 607 1275 habentes
635 1222 756 1293 agros,
793 1223 938 1295 quarum
965 1203 1163 1295 proprietas
1193 1202 1238 1274 ad
1264 1202 1448 1292 plebanum
1475 1203 1512 1274 iu
1532 1202 1766 1275 *Droehliu

220 1323 388 1415 pertinet,
424 1344 569 1415 quarum
604 1344 675 1397 nna
710 1324 815 1397 solvit
849 1344 913 1414 pro
950 1344 1056 1395 censu
1090 1324 1237 1415 plebano
1264 1344 1369 1395 uuam
1394 1344 1566 1413 marmm,
1593 1323 1663 1393 alia
1689 1329 1768 1395 octo
1904 1378 1907 1383 -

227 1444 399 1535 scotthns,
426 1450 463 1517 et
489 1466 607 1517 omnes
626 1446 702 1537 agri
725 1444 982 1536 praedictarum
999 1446 1225 1517 tabernarum
1243 1444 1389 1517 duarum
1407 1444 1580 1517 decimant
1605 1444 1771 1532 ecclesiae

220 1572 254 1639 et
279 1566 426 1656 plebano
463 1566 498 1637 in
525 1566 695 1639 Droebl
705 1584 769 1657 yn.
809 1566 899 1639 Item
933 1566 1101 1658 plebanus
1137 1570 1174 1640 et
1200 1566 1346 1641 ecclesia
1379 1566 1487 1639 babet
1521 1566 1571 1637 ibi
1607 1565 1769 1657 proprios

220 1708 318 1779 agros
345 1687 485 1779 tiberne,
511 1687 650 1761 laneum
675 1708 781 1761 unum
807 1691 887 1778 post
912 1688 1076 1761 horreum
1102 1692 1139 1760 et
1164 1710 1303 1783 affluam
1328 1687 1366 1759 in
1391 1686 1436 1757 W
1443 1687 1682 1782 yszboreg.

853 1808 1125 1881 Moszrroazovv.

321 1929 435 2021 Villa,
471 1929 603 2002 habens
639 1929 818 2003 ecelesiam
852 1930 1086 2021 parochialem
1120 1930 1233 2003 latere
1267 1933 1366 2004 cocto
1395 1951 1459 2023 per
1485 1929 1699 2005 Clementem
1726 1930 1771 2003 de

218 2050 283 2123 Mn
294 2051 375 2123 szlr
386 2072 407 2123 o
419 2072 466 2123 ra
476 2072 536 2123 ov
554 2051 697 2123 militem
712 2051 938 2123 castellanum
950 2050 1217 2143 Wislicieusem,
1235 2052 1385 2125 nobilem
1399 2052 1444 2125 de
1457 2052 1558 2125 domn
1575 2051 1769 2145 Pylava,

219 2176 399 2263 muratam,
426 2171 574 2245 Sanctae
591 2170 840 2264 Margarethae
867 2172 1035 2265 dicatam,
1061 2173 1098 2243 in
1117 2178 1285 2265 quaeunt
1304 2173 1657 2264 laneicmethonales,
1684 2175 1769 2245 item
1793 2274 1797 2279 Δ

216 2294 400 2383 tabernae,
426 2294 511 2367 item
528 2294 757 2385 hortulaniae,
784 2294 827 2366 de
846 2295 971 2385 quibus
989 2295 1149 2367 omnihus
1175 2294 1323 2368 solvitur
1349 2300 1387 2367 et
1404 2295 1608 2368 conducitur
1635 2295 1769 2367 decima
1896 2304 1901 2310 ’
1936 2321 1943 2329 ·

220 2414 444 2505 manipularis
470 2420 507 2487 et
525 2415 701 2506 canapalis
720 2436 785 2506 pro
803 2416 1044 2507 praepositura
1071 2413 1312 2505 Gracnviensi3
1338 2416 1423 2489 item
1441 2420 1497 2489 est
1512 2417 1562 2488 ibi
1588 2416 1769 2507 praedium

217 2535 384 2627 militare,
417 2535 460 2607 de
487 2536 584 2608 cuius
611 2536 705 2627 agris
732 2536 880 2609 solvitur
906 2537 1039 2609 decima
1064 2537 1292 2628 manipularis
1317 2538 1483 2611 ecclesiae
1509 2538 1545 2609 in
1562 2536 1770 2611 Mcszko-

216 2676 329 2728 rzovv
355 2657 489 2729 rectori
516 2638 551 2727 .’.
570 2711 684 2729 .....
718 2657 806 2729 Item
843 2657 1053 2747 notandum,
1088 2657 1180 2749 quod
1215 2663 1356 2731 sanctae
1389 2658 1578 2731 memoriae
1603 2657 1768 2731 Nicotaus
1834 2657 1839 2666 '

217 2776 443 2850 Thrambe
468 2777 746 2869 archiepiscopus
773 2774 1000 2869 Gneznensis,
1036 2778 1081 2851 ad
1106 2778 1311 2869 petitionem
1335 2778 1484 2870 praelati
1510 2778 1696 2853 Clementis
1722 2779 1766 2851 de

217 2897 373 2971 Mnszk
384 2919 463 2971 orz
474 2920 544 2990 ovv,
572 2903 655 2971 tunc
672 2898 897 2990 Reipublicae
914 2900 1198 2990 vicecancellarii,
1215 2898 1260 2971 de
1276 2900 1420 2991 speciali
1436 2920 1608 2973 consensu
1625 2899 1769 2991 capituli

220 3020 271 3091 sui
289 3017 520 3111 Guezueusis,
548 3020 695 3093 contudit
713 3020 825 3097 eidem
843 3020 1008 3093 ecclesiae
1025 3020 1062 3091 in
1080 3019 1410 3111 Moszlrorzcvv,
1437 3026 1474 3093 et
1492 3020 1636 3093 donant
1661 3020 1769 3093 doua-

221 3140 312 3213 tinne
347 3146 521 3232 perpetua
555 3146 592 3214 et
626 3141 863 3232 irrevocabili,
900 3145 936 3213 et
961 3142 1198 3233 privilegiavit
1238 3142 1379 3233 speciali
1413 3141 1594 3233 privilegio
1621 3141 1771 3241 decimas

217 3282 351 3336 mensae
379 3282 463 3335 suae
489 3263 723 3355 manipulares
750 3261 1001 3355 infrascriptae,
1029 3284 1114 3358 quas
1141 3262 1210 3338 etsi
1236 3284 1319 3337 suus
1345 3283 1524 3338 successor
1549 3262 1772 3348 immediatus,

218 3383 381 3458 hibertus
410 3383 433 3458 J
443 3386 796 3478 astrzambyecz
815 3389 999 3458 conaretur
1025 3386 1254 3477 restringere,
1280 3385 1480 3460 nullatenus
1506 3390 1623 3458 tamen
1649 3386 1770 3477 valuit,

217 3504 293 3577 linet
319 3506 442 3597 plures
478 3510 621 3578 conatus
655 3507 825 3579 violemm
851 3506 1087 3598 adhibuisset;
1121 3505 1235 3580 fertur
1266 3507 1372 3580 etiarn
1398 3527 1421 3583 a
1446 3506 1638 3598 nonnullis,
1676 3507 1769 3599 qnod
1904 3504 1914 3512 ’

217 3625 560 3715 praefatustllemens
574 3627 688 3718 miles,
707 3627 804 3700 dedit
816 3629 921 3700 etiam
937 3648 1103 3700 summam
1114 3629 1282 3719 pecuniae
1296 3628 1389 3700 dicto
1402 3627 1547 3701 Nicolac
1566 3628 1768 3700 Thramba

219 3747 478 3838 archiepiscopo
505 3745 702 3838 Gneznensi
728 3767 792 3840 pro
818 3748 1016 3820 huiusmodi
1044 3748 1255 3823 decimarum
1281 3754 1451 3840 perpetua
1476 3748 1672 3822 donatione.

312 3866 538 3958 Muranovv,
566 3869 658 3960 villa,
684 3869 816 3940 babens
843 3870 879 3940 in
898 3889 935 3940 se
953 3869 1132 3942 ecclesiam
1160 3870 1393 3960 parochialem
1418 3869 1578 3961 ligneam,
1606 3868 1768 3942 Omnium

218 3986 423 4060 Sanctorum
443 3989 569 4060 honori
591 3988 754 4080 menam,
782 3990 879 4064 cuius
896 3990 1094 4081 proprietas
1121 3990 1459 4062 adsenctimoniales
1473 3988 1592 4062 Sancti
1605 3988 1770 4062 Andreae

217 4107 251 4180 in
276 4108 507 4182 Graeovia
532 4110 693 4201 pertinet,
721 4111 758 4182 in
785 4131 853 4202 qua
879 4116 961 4184 sunt
986 4111 1133 4202 triginta
1160 4133 1238 4184 curn
1264 4110 1378 4184 medic
1404 4111 1497 4187 lanei
1523 4112 1769 4204 emetbcnales,

216 4228 408 4321 dequibus
436 4231 595 4305 omuibus
622 4231 779 4306 solvitur
814 4237 851 4304 et
877 4232 1081 4306 conducitur
1113 4232 1246 4307 decima
1270 4233 1497 4324 manipularis
1524 4238 1561 4305 et
1589 4233 1767 4325 canapalis

214 4369 274 4440 pro
291 4352 439 4424 ecclesia
464 4352 501 4424 in
518 4340 856 4443 Mo'szkorzow,
883 4353 980 4428 cuius
1006 4355 1106 4428 valor
1131 4354 1338 4427 aestimatur
1364 4353 1409 4427 ad
1426 4354 1544 4427 decem
1569 4375 1714 4427 marcas.

314 4471 565 4564 Omnnzovv,
600 4475 684 4546 villa
728 4475 792 4550 sub
819 4475 984 4565 parochia
1010 4476 1053 4548 de
1079 4475 1120 4546 M
1128 4477 1340 4568 ylranow,
1373 4477 1470 4548 cuius
1496 4477 1695 4567 proprietas
1721 4475 1767 4548 ad

218 4593 496 4667 sanctimoniales
524 4593 642 4668 Sancti
668 4593 830 4668 Andreae
861 4597 898 4668 iu
926 4595 1068 4669 Gracc
1081 4598 1155 4670 via
1180 4598 1351 4688 pertinet,
1378 4599 1414 4670 in
1442 4618 1511 4689 qua
1535 4602 1617 4670 sunt
1642 4583 1769 4688 viginti

134 4771 146 4784 .
214 4711 300 4786 lanei
327 4715 579 4806 emetbcnales,
606 4716 793 4808 dequibus
821 4718 979 4799 omuibus
998 4719 1147 4792 solvitur
1172 4718 1307 4791 decima
1324 4718 1550 4809 manipularis
1576 4739 1642 4810 pro
1658 4718 1767 4792 eccle·
1887 4815 1893 4823 ι

218 4834 268 4906 sia
291 4835 328 4908 iu
355 4836 693 4930 Moszknrzow,
721 4844 757 4910 et
775 4839 875 4912 valor
901 4839 975 4912 eius
1001 4841 1210 4913 aestimatur
1235 4840 1280 4912 ad
1298 4895 1306 4910 .
1325 4894 1333 4910 .
1352 4894 1388 4912 ..
1415 4861 1559 4915 marcas.

315 4955 528 5048 Gaasnvva,
555 4959 640 5032 villa
666 4960 730 5031 sub
747 4961 914 5050 parocbia
940 4961 1107 5034 ecclesiae
1132 4961 1178 5032 de
1194 4961 1419 5034 Borovun
1446 4961 1532 5052 sita,
1559 4961 1657 5033 cuius
1683 4961 1766 5035 bae-

219 5075 315 5148 redes
342 5076 523 5152 Jobanum
549 5084 586 5152 et
611 5079 786 5152 Martinus
814 5080 858 5154 de
884 5081 986 5154 domn
1013 5081 1304 5174 Srzenyava,
1330 5083 1454 5173 inqua
1479 5087 1561 5158 sunt
1586 5102 1648 5154 ser
1674 5082 1769 5154 lanei

215 5199 465 5291 emetbcnales,
492 5199 678 5292 dequibus
706 5202 853 5278 solvitur
871 5202 1003 5276 decima
1029 5204 1256 5296 manipularis
1282 5210 1320 5280 et
1337 5204 1513 5295 canapalis
1538 5224 1603 5295 pro
1621 5203 1769 5276 eeclesia

215 5317 247 5387 iu
271 5318 609 5413 Moszkorznvv,
637 5327 673 5394 et
700 5323 797 5396 valor
823 5324 897 5394 eius
925 5325 1131 5408 aestimetur
1156 5325 1201 5398 ad
1224 5325 1311 5397 duas
1328 5310 1481 5396 ¹mareas.

312 5437 526 5530 Gnnnvvsna
553 5441 718 5534 chvA,
745 5443 829 5516 villa
856 5445 920 5518 sub
947 5445 1113 5535 parochia
1140 5445 1184 5518 de
1209 5445 1530 5521 Mnszkcrzovv
1556 5444 1642 5538 sita,
1668 5445 1767 5521 cuins
1876 5541 1882 5550 Χ
1925 5434 1932 5442 ’

217 5556 335 5632 baares
361 5559 550 5636 Jobaunes·
568 5562 951 5658 Moslroracvsky
978 5565 1022 5640 de
1048 5565 1151 5639 domn
1176 5566 1378 5658 Pylene,
1409 5567 1445 5637 in
1472 5588 1542 5659 qua
1567 5570 1650 5640 sunt
1674 5567 1767 5638 lanei

216 5681 460 5774 emetbcnales,
486 5683 570 5761 itanu
586 5684 775 5780 tabernae,
792 5685 886 5776 ‚item
902 5687 1098 5788 hortulani,
1125 5687 1312 5792 dequibus
1338 5687 1487 5773 solvitur
1512 5687 1769 5800 etcooducitur
