4550 6600
1722 734 1796 807 331

238 926 412 997 Derslaus
448 923 673 999 Gomolha
706 927 749 999 de
785 927 1040 1021 Accipitribus,
1075 932 1217 1004 Lutheh
1248 932 1457 1027 Wolyelr‚
1491 937 1629 1030 Koth,
1664 940 1802 1033 Dyah‚
1870 1000 1873 1006 .
2012 950 2015 953 ”

237 1047 455 1118 Bloszno.
482 1046 523 1117 ln
551 1068 620 1139 qua
645 1069 713 1119 non
742 1056 824 1121 sunt
850 1050 886 1121 in
913 1051 1034 1123 eadem
1052 1052 1137 1123 villa
1154 1053 1247 1125 lanei
1264 1057 1508 1149 cmethonalcs,
1527 1060 1612 1131 item
1630 1062 1797 1135 tabernae
1839 1050 1842 1063 '

238 1190 309 1241 non
339 1174 432 1259 sunt,
460 1170 545 1241 item
571 1170 789 1254 hortulaniac
816 1226 824 1241 .
852 1226 859 1242 .
886 1228 913 1264 .‚
940 1174 1022 1244 item
1049 1174 1239 1265 praedium,
1267 1176 1310 1248 de
1329 1178 1455 1268 quihus
1474 1181 1633 1254 omnibus
1651 1183 1802 1274 solvitur

238 1295 275 1362 et
303 1290 514 1363 conducitur
540 1290 674 1363 decima
700 1293 927 1384 manipularis
954 1300 990 1367 et
1017 1296 1193 1387 canapalis
1211 1317 1283 1393 'pro
1302 1298 1449 1371 ecclesia
1465 1300 1502 1370 in
1520 1299 1800 1395 Sczeglicze‚

237 1416 273 1484 ct
300 1412 404 1484 valor
431 1412 506 1484 eius
533 1413 738 1485 aestimatur
764 1414 810 1485 ad
837 1468 844 1484 .
872 1470 879 1485 .
908 1470 915 1485 .

317 1532 602 1625 «Znoonurcza
630 1534 713 1605 villa
739 1535 803 1607 sub
831 1537 999 1625 parochia
1026 1537 1068 1609 de
1095 1536 1364 1631 Sczeglicze
1391 1541 1468 1631 sita,
1496 1541 1594 1615 cuius
1612 1542 1798 1617 haeredes:

235 1656 399 1727 Doheh
432 1654 603 1746 lacobus,
630 1654 757 1728 Petrus
793 1654 999 1749 Szowha,
1035 1659 1360 1752 Szwyanszeh‚
1388 1661 1547 1735 Clemens
1573 1663 1798 1757 Panczeh

236 1776 401 1848 Broda
428 1776 468 1847 In
496 1796 565 1867 qua
590 1798 659 1850 non
687 1782 769 1850 sunt
795 1777 903 1869 aliqui
929 1778 1021 1851 lanei
1047 1782 1291 1871 cmethonalcs,
1318 1783 1403 1853 itam
1428 1785 1577 1856 taberna
1603 1804 1681 1877 una,
1707 1786 1792 1858 item
1849 1814 1852 1817 ’

236 1897 459 1969 hortulaniae
495 1896 602 1989 duae,
629 1898 713 1970 item
748 1900 909 1990 praedia,
938 1900 981 1972 de
1008 1901 1133 1991 quibus
1170 1904 1329 1975 omnibus
1356 1905 1504 1976 solvitur
1529 1910 1567 2001 et
1592 1906 1797 1979 conducitur

236 2018 375 2090 decima
400 2017 625 2110 manipularis
653 2025 689 2092 et
716 2020 891 2112 canapalis
918 2041 983 2112 pro
1010 2022 1157 2128 ecclesia
1182 2023 1220 2094 in
1246 2022 1524 2117 Sczegliczc,
1552 2030 1588 2098 et
1604 2027 1704 2098 valor
1721 2028 1796 2098 eius

237 2138 447 2212 aestimatur
474 2139 518 2211 ad
618 2194 625 2211 .

340 2260 650 2352 Panczuawrcza
678 2260 762 2333 villa
788 2263 852 2335 sub
879 2264 1046 2354 parochia
1072 2262 1115 2336 de
1142 2264 1416 2356 Sczeglicze
1443 2268 1522 2358 sita,
1549 2268 1646 2339 cuius
1672 2269 1794 2340 haere

236 2382 296 2455 des
323 2382 492 2455 Nicolaus
519 2370 773 2456 (ihrosczel
809 2382 853 2457 de
879 2386 985 2457 armis
1012 2384 1190 2480 Ostoya
1216 2393 1252 2459 et
1277 2387 1457 2461 lohannes
1482 2374 1796 2480 Dmitrousky
1932 2477 1936 2482 ,
1987 2368 1992 2373 ’

236 2504 279 2576 de
306 2504 417 2576 armis
443 2503 625 2576 Pilawa.
653 2504 693 2576 ln
722 2526 790 2597 qua
816 2512 898 2579 sunt
923 2507 1015 2578 lanei
1043 2509 1286 2600 cmethonalcs,
1314 2510 1399 2581 item
1415 2511 1593 2601 tabernae,
1610 2511 1695 2582 item
1713 2512 1795 2582 hor-

237 2626 410 2717 tulaniae,
437 2627 521 2698 item
557 2625 756 2719 praedium,
784 2627 827 2700 dc
855 2628 979 2719 quibus
1006 2628 1165 2701 omnibns
1193 2611 1342 2702 solvitur
1368 2636 1405 2703 et
1432 2630 1635 2703 conducitur
1662 2630 1795 2703 decima

238 2748 466 2839 manipularis
493 2752 530 2821 et
554 2750 731 2841 canapalis
757 2770 821 2841 pro
849 2749 994 2823 ecclesia
1020 2750 1056 2821 in
1084 2748 1373 2842 Sczeglicze,
1400 2757 1437 2824 ct
1462 2752 1560 2825 valor
1586 2752 1661 2823 cius
1687 2752 1793 2824 aesti-

236 2874 353 2943 matur
380 2870 427 2942 ad
454 2925 462 2942 .
490 2926 533 2941 ..

340 2992 488 3064 Wo'nrn
514 2992 825 3066 Panozsunwsua
851 2994 916 3065 suh
943 2994 1109 3084 parochia
1135 2994 1179 3066 de
1204 2993 1488 3087 Sczeglicza
1506 2994 1604 3066 cuins
1622 2994 1791 3067 haeredes

239 3167 245 3183 .
272 3168 279 3183 .
306 3168 313 3184 .
341 3120 379 3187 et
407 3114 566 3187 solvitur·
581 3114 715 3187 decima
740 3114 969 3205 manipularis
996 3170 1004 3186 .
1032 3170 1039 3186 .
1067 3169 1075 3185 .
1628 3207 1631 3213 Ι

320 3236 539 3328 hamanum,
567 3236 651 3308 villa
678 3238 742 3310 suh
768 3237 935 3329 parochia
961 3237 1004 3310 de
1030 3237 1303 3328 Sczoglicze
1329 3238 1405 3329 sita,
1432 3238 1530 3310 cuius
1548 3224 1672 3310 haeres
1689 3236 1792 3310 Jaco-

237 3359 300 3429 hus
327 3357 728 3451 Lopaczycnszky
754 3358 797 3431 de
824 3359 929 3431 armis
956 3345 1111 3451 Rolya.
1137 3359 1179 3430 In
1206 3379 1275 3450 qua
1301 3364 1383 3431 sunt
1407 3360 1499 3430 lanei
1526 3360 1677 3450 quinque
1701 3379 1792 3433 cme-

237 3479 406 3570 thonales,
434 3480 519 3552 item
546 3501 615 3552 una
640 3481 787 3552 taberna
804 3481 936 3553 habens
955 3501 1068 3572 agros,
1087 3482 1171 3552 item
1189 3480 1259 3552 duo
1276 3480 1475 3552 molendina
1492 3480 1659 3553 habentia
1675 3503 1789 3571 agros,

238 3601 432 3692 dequibus
468 3601 626 3674 omnibus
662 3603 811 3674 solvitur
846 3607 881 3673 et
908 3603 1112 3674 conducitur
1139 3603 1273 3674 decima
1298 3602 1525 3692 manipularis
1553 3608 1590 3676 et
1616 3602 1791 3692 canapahs

238 3743 298 3811 pro
326 3723 612 3796 archidiaconatu
638 3723 928 3813 Sandomiriensi‚
955 3729 992 3794 et
1018 3723 1117 3795 valor
1144 3723 1219 3794 eius
1246 3724 1452 3793 aestimatur
1478 3723 1524 3792 ad
1550 3741 1611 3792 ser
1637 3743 1791 3809 marcas;

238 3843 320 3915 item
346 3845 568 3918 hortulaniae
605 3865 673 3918 non
700 3850 782 3916 sunt
808 3845 866 3916 ihi.
906 3844 994 3916 Item
1022 3850 1077 3916 est
1103 3843 1153 3916 ibi
1179 3843 1360 3933 praedium
1387 3843 1525 3914 unicum
1552 3831 1720 3932 militare,
1748 3842 1791 3914 de

239 3985 303 4054 quo
329 3965 523 4038 decimatur
549 3967 714 4038 ccclesiae
739 3965 777 4037 in
804 3966 1084 4057 Sczeglicze.
1604 4055 1611 4062 ς

341 4087 575 4178 Wussormn,
602 4088 685 4160 villa
712 4089 777 4160 sub
803 4088 970 4179 parochia
997 4087 1040 4159 de
1067 4085 1339 4178 Sczeglicze
1366 4085 1451 4176 sita,
1480 4082 1577 4156 cuius
1604 4084 1790 4155 haeredes:

239 4207 388 4282 Jacohus
415 4210 560 4300 Rolya
587 4209 629 4281 de
656 4211 762 4281 amnis
790 4210 945 4302 Rolya
974 4213 1009 4280 et
1034 4207 1186 4280 lacobus
1212 4207 1470 4298 Lipniczhy
1497 4205 1541 4278 de
1567 4203 1790 4277 armisOlo-

238 4330 330 4401 boh.
365 4331 407 4402 ln
434 4351 503 4422 qua
537 4337 619 4404 sunt
646 4337 795 4422 quatuor
821 4331 913 4403 lanei
941 4330 1195 4420 cmethonalcs,
1222 4331 1307 4401 item
1334 4349 1403 4399 una
1428 4327 1629 4399 hortulania
1655 4328 1787 4397 hahens

241 4471 357 4542 agros,
385 4453 469 4525 item
506 4453 594 4524 duae
628 4455 797 4526 tabernae
823 4453 992 4524 hahentes
1020 4471 1144 4543 agros,
1172 4451 1367 4541 dequibus
1395 4450 1553 4521 omnibus
1578 4432 1732 4520 solvitur
1754 4453 1790 4518 et

241 4573 438 4647 conducitur
464 4575 598 4647 decima
624 4574 850 4666 manipularis
876 4580 913 4647 et
932 4575 1107 4665 canapalis
1125 4593 1190 4664 pro
1209 4572 1491 4644 archidiaconatu
1508 4567 1790 4658 Sandomiriensi‚

242 4697 277 4764 et
300 4695 398 4768 valor
433 4697 508 4768 eius
544 4696 748 4768 aestimatur
783 4696 828 4768 ad
855 4697 1006 4788 quinque
1032 4715 1187 4784 marcas3
1213 4695 1296 4766 item
1323 4699 1377 4764 est
1403 4693 1452 4764 ihi
1479 4699 1593 4764 nnum'
1610 4690 1790 4780 praedium

241 4813 395 4908 militare,
423 4817 466 4889 de
494 4839 561 4909 quo
589 4817 781 4890 decimatur
808 4818 972 4890 ecclesiae
1000 4818 1035 4888 in
1063 4815 1340 4906 Sczeglicze.

336 4937 538 5012 Wrssoura
574 4938 741 5030 secunda,
770 4940 853 5012 villa
887 4939 952 5011 suh
987 4938 1154 5028 parochia
1188 4937 1231 5008 de
1266 4935 1538 5025 Sczeglicze
1573 4934 1660 5024 sita,
1690 4933 1787 5004 cuius

243 5056 359 5132 haeres
385 5059 581 5132 Stanislaus
608 5061 869 5153 Bycziszko
896 5060 939 5131 de
966 5059 1071 5131 armis
1098 5058 1353 5150 Nyeczuya
1380 5057 1421 5128 In
1449 5077 1517 5148 qua
1535 5060 1616 5128 suut
1633 5055 1787 5146 quinque

242 5171 327 5250 lanei
353 5181 597 5272 cmethonalcs,
624 5183 708 5254 item
735 5203 804 5254 una
829 5184 984 5272 taberna,
1011 5180 1095 5254 item
1122 5180 1211 5252 dnae
1238 5179 1458 5251 hortulaniae
1476 5179 1645 5250 hahentes
1664 5198 1789 5268 agros3

244 5297 430 5394 dequibus
467 5304 625 5376 omnibus
662 5303 811 5377 solvitur
846 5309 882 5376 et
908 5302 1113 5376 conducitur
1140 5302 1272 5374 decima
1298 5299 1524 5392 manipularis
1551 5305 1588 5370 ct
1613 5297 1789 5388 canapalis

244 5439 301 5507 pro
330 5423 610 5498 archidiaconatu
640 5425 930 5515 Sandomiriensi‚
958 5429 994 5496 et
1019 5427 1117 5496 valor
1145 5424 1219 5496 eius
1246 5423 1451 5494 aestimatur
1477 5419 1521 5492 ad
1548 5441 1609 5492 sex
1636 5438 1789 5519 marcas3

243 5539 319 5614 item
352 5545 401 5618 ihi
418 5585 422 5591 ·
437 5569 543 5623 unum
578 5547 759 5640 praedium
794 5547 964 5637 militare,
992 5546 1034 5618 de
1071 5567 1138 5646 quo
1175 5544 1368 5624 decimatur
1403 5543 1569 5643 ecclcsiae
1595 5542 1633 5612 in
1659 5540 1740 5613 Scz
1752 5559 1790 5619 e«

246 5661 397 5750 glicze.
