4550 6600
1779 774 1828 847 49

279 976 376 1072 duae,
402 978 571 1054 habentes
591 1001 704 1074 agros,
731 980 820 1054 item·
834 976 1053 1054 hortulaniae
1081 996 1153 1072 sex,
1179 977 1346 1056 habentes
1364 999 1479 1074 agros,
1505 978 1693 1074 dequibus
1720 984 1832 1055 omni·

277 1103 342 1175 bus
369 1103 516 1176 solvitur
542 1109 579 1175 et
605 1104 810 1176 conducitur
837 1102 969 1175 decima
995 1103 1224 1194 manipularis
1242 1111 1278 1176 et
1296 1105 1471 1195 cauapalis
1498 1125 1562 1195 pro
1589 1104 1693 1176 altari
1711 1102 1830 1176 Sancti

276 1221 447 1296 Johaunis
485 1225 734 1314 Evangelistae
770 1231 849 1296 ante
884 1230 1022 1314 portam
1057 1224 1202 1296 latinam
1227 1227 1264 1296 in
1290 1226 1435 1298 ecclesia
1470 1225 1707 1317 cracoviensi,
1734 1226 1832 1299 cuius

277 1343 376 1417 valor
404 1347 609 1417 aestimatur
636 1346 680 1417 ad
710 1345 826 1417 decem
853 1366 996 1437 marcas,
1023 1346 1209 1436 aliquando
1236 1347 1281 1418 ad
1307 1348 1497 1419 duodecim.
1532 1348 1621 1418 Item
1648 1348 1685 1418 iu
1711 1347 1832 1419 eadem

277 1465 362 1536 villa
390 1472 472 1538 suut
498 1453 566 1539 duo
594 1467 736 1557 praedia
770 1466 954 1558 militaria,
990 1489 1096 1537 uuum
1122 1466 1293 1539 Johauuis
1319 1467 1761 1560 Pielgrzymowshy,
1788 1469 1832 1540 de

95 1577 101 1584 ’
231 1601 234 1606 ·
277 1607 346 1676 quo
374 1586 566 1660 decimatur
600 1588 763 1660 ecclesiae
790 1592 826 1658 et
851 1587 1001 1677 plebano
1028 1588 1064 1659 in
1091 1587 1522 1681 Wianczslawicze,
1561 1594 1598 1661 et
1623 1590 1723 1661 valor
1757 1590 1832 1662 eius

278 1709 482 1780 aestimatur
508 1708 553 1779 ad
576 1715 725 1799 quatuor
750 1729 901 1798 marcas;
929 1708 1024 1780 aliud
1043 1709 1222 1798 praedium
1250 1709 1415 1781 Stanislai
1441 1710 1831 1802 Mlodzeyowslry,

280 1829 372 1917 quod
399 1829 502 1900 solvit
528 1828 695 1900 decimam
721 1831 970 1920 manipularem
990 1829 1217 1902 clericaturae
1235 1831 1357 1903 altaris
1376 1829 1408 1901 S.
1426 1831 1581 1903 Floriani
1604 1833 1668 1903 sub
1687 1854 1831 1923 organo,
1864 1879 1868 1885 ‚

274 1948 311 2018 in
339 1949 485 2020 ecclesia
520 1947 760 2042 Oracoviensi3
796 1952 894 2023 cuius
921 1951 1019 2024 valor
1055 1953 1260 2023 aestimatur
1295 1952 1339 2023 ad
1367 1957 1517 2042 quatuor
1550 1973 1695 2024 marcas.
1739 1953 1829 2024 Item

275 2069 483 2141 columbatio
519 2075 555 2141 et
582 2055 744 2142 denarius
780 2071 899 2145 Sancti
933 2071 1031 2144 Petri
1067 2073 1215 2146 solvitur
1249 2072 1293 2144 de
1328 2073 1448 2145 eadem
1483 2074 1567 2146 villa
1601 2075 1768 2146 ecclesiae
1794 2075 1832 2146 iu

274 2185 695 2264 Wianczslawicze.
1153 2282 1155 2285 Ι

378 2311 728 2406 Muonzraowuczn,
756 2314 839 2387 villa
856 2315 920 2387 sub
939 2315 1105 2406 parochia
1123 2314 1167 2386 de
1185 2314 1315 2386 Wian
1326 2316 1605 2388 czslauicze
1622 2318 1705 2407 sita,
1732 2318 1830 2390 cuius

263 2431 396 2516 ,haeres
423 2432 616 2506 Stauislaus
643 2435 1023 2528 Mlodzeyowsky
1050 2436 1092 2507 de
1112 2437 1217 2507 armis
1246 2435 1559 2528 Antiquorum
1586 2439 1830 2530 Equorum,

274 2554 311 2626 in
338 2575 407 2646 qua
433 2561 514 2627 sunt
540 2563 691 2646 quatuor
716 2558 808 2629 lanei
833 2537 1092 2648 =cmetbouales,
1124 2559 1209 2629 item
1234 2559 1382 2630 taberna
1396 2581 1495 2650 uua,
1521 2561 1691 2631 habentes
1717 2582 1830 2653 agros,

275 2675 357 2747 item
394 2682 544 2768 quatuor
579 2679 819 2770 hortulaniae,
858 2680 1029 2751 habentes
1065 2701 1185 2770 agros,
1222 2680 1266 2750 de
1302 2681 1426 2770 quibua
1461 2683 1639 2772 perceptio
1679 2682 1832 2754 decimae

274 2799 499 2888 manipularis
536 2805 572 2870 et
607 2801 782 2890 canapalis
825 2800 1098 2888 diversificatum
1135 2801 1178 2872 de
1214 2800 1388 2891 aliquibus
1423 2803 1514 2872 enim
1550 2803 1645 2892 agris
1680 2805 1830 2902 percipit

275 2939 349 2990 eam
384 2921 583 3011 praebenda
619 2920 859 2993 cracoviensis
895 2921 1145 3012 Gzechouska,
1183 2921 1226 2992 (1(
1254 2922 1333 2992 aliis
1359 2923 1558 3012 praebenda
1593 2922 1830 2996 cracoviensis
1954 2919 1961 2929 '

276 3039 522 3114 Orzeslawslra.
549 3042 637 3114 Item
657 3047 712 3114 est
729 3043 778 3114 ibi
796 3065 902 3114 unum
929 3042 1109 3133 praedium
1136 3039 1307 3132 mihtare3
1335 3043 1378 3114 de
1405 3065 1474 3134 quo
1492 3049 1528 3114 et
1544 3045 1639 3134 agris
1665 3047 1832 3116 tabernae

131 3182 133 3191 ¹
274 3167 311 3234 et
338 3168 487 3252 quatuor
522 3163 800 3236 hortulaniarum
837 3165 985 3237 solvitur
1012 3165 1146 3236 decima
1171 3164 1400 3254 manipularis
1428 3165 1593 3236 ecclesiae
1620 3172 1657 3237 ct
1682 3167 1831 3257 plebano

274 3284 311 3355 in
336 3281 571 3377 Poramba,
598 3307 707 3377 prope
724 3284 954 3378 wolfram,
983 3292 1019 3357 et
1046 3285 1216 3393 valornad
1244 3290 1393 3377 quatuor
1418 3308 1565 3359 marcas.

376 3406 740 3500 Szwrnaouowreza,
768 3408 852 3480 villa
871 3408 935 3480 sub
954 3409 1121 3499 parochia
1139 3409 1183 3480 de
1203 3408 1617 3481 Wianczslauicze
1636 3410 1713 3502 sita,
1733 3412 1829 3482 cuius
1856 3426 1859 3436 ·

274 3528 443 3599 haeredes
479 3528 632 3601 Jacobus
667 3528 1105 3621 Pielgrzymowshy,
1152 3531 1211 3620 qui
1246 3532 1353 3603 habet
1389 3536 1462 3602 tres
1497 3531 1634 3622 laneos3
1670 3532 1830 3604 Andreas

274 3648 535 3742 Niemstha,
564 3653 623 3741 qui
648 3653 756 3723 habet
782 3652 870 3724 alios
901 3659 975 3724 tres
1002 3653 1122 3723 laneos
1150 3658 1187 3723 et
1214 3651 1625 3745 Szwyeborowsky
1652 3654 1695 3725 de
1722 3655 1830 3725 armis

274 3769 488 3863 Strepae,
516 3774 574 3863 qui
601 3773 707 3843 habet
733 3773 783 3844 ibi
809 3771 1048 3843 tantummodo
1080 3772 1262 3861 praedium
1288 3773 1439 3843 militare
1466 3778 1504 3843 et
1530 3773 1650 3843 laneos
1678 3775 1830 3844 cmetbo-

273 3888 450 3985 nalea'de
478 3894 601 3984 quibus
630 3894 788 3965 omnibus
816 3893 964 3965 solvitur
991 3892 1123 3964 decima
1149 3892 1431 3981 manipulariset
1445 3894 1620 3983 canapalis
1638 3914 1702 3982 pro
1721 3894 1829 3964 (001(-

274 4014 327 4085 sia
352 4015 388 4086 iu
415 4013 836 4106 Wianczslawioze,
863 4021 900 4086 et
926 4014 1024 4086 valor
1051 4016 1124 4087 eius
1153 4014 1358 4086 aestimatur
1384 4013 1429 4085 ad
1456 4013 1605 4085 sedecim
1632 4036 1776 4086 marcas.

376 4134 536 4208 Taberna
553 4143 634 4208 ante
662 4134 1087 4227 Szwyehorowicze
1115 4142 1151 4207 et
1177 4134 1475 4228 Zagorzycze
1501 4136 1536 4206 in
1557 4142 1669 4208 strata
1687 4137 1826 4227 publica

273 4262 310 4328 et
336 4258 400 4329 sub
418 4258 583 4347 parochia
602 4258 644 4328 (16
661 4256 1076 4330 Wianczslawicze
1105 4258 1183 4349 sita,
1204 4258 1307 4328 cuius
1334 4259 1458 4329 haeres
1486 4256 1726 4348 Sigismundus
1752 4258 1828 4328 Za-

272 4380 445 4471 gorsky
473 4380 516 4451 de
543 4379 644 4450 domo
672 4377 862 4471 Ostoya,
900 4400 988 4470 quae
1015 4379 1121 4451 habet
1147 4400 1270 4470 agros,
1298 4379 1341 4451 de
1368 4381 1493 4470 quibus
1521 4380 1669 4451 solvitur
1695 4384 1730 4449 et
1748 4400 1830 4450 con-

272 4498 411 4571 ducitur
429 4500 561 4571 decima
579 4500 803 4590 manipularis
822 4507 859 4571 et
877 4501 1051 4591 canapalis
1069 4501 1197 4591 partim
1221 4500 1387 4571 ecclesiae
1405 4501 1441 4571 in
1458 4500 1828 4591 Wianczslawicze,

273 4621 401 4713 partim
428 4642 492 4712 pro
520 4621 719 4711 episcopatu
747 4620 978 4714 Oracoviensi,
1006 4623 1103 4693 cuius
1129 4622 1229 4693 valor
1256 4622 1460 4692 aestimatur
1485 4622 1529 4691 ad
1548 4676 1555 4691 .
1574 4676 1581 4692 .
1600 4676 1635 4693 ..

377 4742 631 4833 Zacorrzruzn,
659 4743 743 4815 villa
770 4744 833 4815 sub
852 4744 1018 4834 parochia
1036 4744 1078 4815 de
1096 4742 1562 4829 Wianczslawicze-sita,
1590 4742 1686 4812 cuius
1703 4742 1828 4813 haeres

272 4861 512 4953 Sigismuudua
545 4864 797 4957 Zagorsky,
833 4866 966 4956 inqua
1001 4871 1083 4936 sunt
1113 4866 1205 4935 lanei
1241 4864 1490 4955 cmetbouales,
1528 4863 1612 4934 item
1647 4863 1826 4953 praedium

271 4984 432 5076 militare,
459 4986 543 5057 item
570 4986 797 5077 hortulaniae,
824 4987 1007 5058 habentes¹
1021 5008 1133 5077 agros,
1162 4986 1205 5056 de
1232 4986 1358 5075 quibus
1385 4985 1532 5055 solvitur
1557 4991 1594 5055 et
1620 4985 1825 5056 conducitur

272 5106 406 5178 decima
431 5107 656 5198 manipularis
675 5113 711 5179 et
730 5108 906 5198 canapalis
934 5108 1150 5197 episcopatui
1177 5105 1406 5196 Oracoviensi,
1433 5111 1576 5196 praeter
1602 5106 1688 5177 duos
1706 5107 1830 5177 laneos.

272 5228 505 5299 cmethonales
532 5235 568 5300 et
595 5228 729 5319 aliquos
765 5250 867 5320 agros
903 5227 1117 5319 praediales,
1155 5226 1350 5317 dequibus
1382 5225 1572 5297 decimatur
1599 5227 1764 5299 ecclesiae
1790 5228 1826 5298 in
1968 5266 1973 5271 ·

272 5348 648 5423 Wianczslauicze.

373 5469 519 5543 Wouru
544 5470 899 5559 Wmuczsuhwsrrn,
927 5469 1012 5540 villa
1038 5469 1102 5541 sub
1131 5468 1299 5559 parochia
1325 5467 1490 5538 ecclesiae
1509 5468 1553 5539 de
1574 5468 1826 5540 Wianczsla-

270 5592 393 5664 uicze
428 5592 515 5683 sita,
557 5592 655 5664 cuius
690 5592 815 5662 haeres
852 5590 1005 5662 Jacobus
1041 5588 1398 5681 Wianczslawsky
1428 5588 1471 5659 (16
1507 5590 1612 5661 armis
1644 5590 1825 5681 Lelywa,

270 5713 307 5786 in
337 5734 416 5806 qua,
440 5720 522 5787 sunt
557 5713 650 5785 lanei
685 5712 938 5805 cmetbouales,
974 5712 1017 5783 de
1049 5712 1174 5804 quibus
1210 5710 1359 5785 solvitur
1389 5714 1426 5782 et
1451 5710 1657 5785 conducitur
1693 5710 1829 5781 decima

375 5882 424 5927 ma.
438 5881 536 5925 amena.
549 5881 581 5924 11.
1660 5849 1678 5909 7
