4550 6600
1688 750 1770 829 229.

220 956 439 1056 scholastriae
467 954 716 1027 cracoviensis.
760 955 847 1027 Item
874 961 929 1027 est
955 957 1004 1029 ibi
1031 958 1352 1031 scoltetia-babens
1377 958 1507 1046 laneca
1532 959 1616 1030 item
1643 958 1761 1049 pleba-

219 1100 281 1151 nus
306 1083 342 1149 et
368 1076 514 1149 ecclesia
540 1076 648 1183 habet
665 1077 724 1185 ibi
751 1098 854 1166 agros
881 1077 1010 1151 liberos
1037 1084 1073 1151 et
1098 1083 1212 1172 prata,
1238 1100 1302 1170 pro
1330 1100 1392 1150 sno
1419 1080 1563 1170 praedio
1584 1084 1628 1150 et
1644 1100 1762 1153 neces-

219 1201 327 1273 sitate.

317 1319 521 1409 Pononsm,
548 1320 633 1391 villa
659 1320 723 1391 sub
751 1320 918 1410 parochia
943 1320 987 1391 de
1013 1321 1187 1393 Zathor
1214 1322 1295 1411 sita,
1323 1321 1421 1393 cuius
1447 1323 1572 1393 haeres
1598 1322 1765 1395 Nicolaus
1801 1332 1803 1335 ‘

218 1440 572 1534 Myschkowslry
599 1440 642 1511 de
669 1440 770 1513 domo
798 1440 1101 1531 Accipitrum.
1128 1442 1170 1512 In
1196 1463 1265 1533 qua
1292 1448 1375 1513 sunt
1399 1443 1492 1515 lanei
1519 1444 1767 1535 cmethonales,

218 1562 257 1635 de
289 1562 415 1653 quihus
450 1563 610 1635 omnibus
646 1562 794 1634 solvitur
829 1560 961 1635 decima
996 1564 1223 1653 manipularis
1259 1564 1488 1637 scholastriae
1523 1563 1766 1654 cracoviensi3

219 1676 311 1756 cuius
347 1684 454 1756 etiam
490 1684 666 1773 perceptio
703 1684 739 1753 in
765 1683 951 1772 manipulis
978 1684 1233 1757 ascholastria
1258 1685 1436 1758 abstracta
1461 1691 1534 1775 est,
1569 1690 1607 1757 et
1631 1685 1765 1759 incolae
1908 1730 1911 1735 -

217 1805 305 1877 illam
332 1804 398 1875 soli
424 1804 640 1897 percipiunt,
667 1812 703 1875 et
730 1804 928 1876 summatim
955 1805 1095 1877 solvunt
1129 1826 1194 1896 pro
1221 1806 1282 1877 illa
1307 1806 1516 1879 scholastico
1544 1805 1765 1879 (linconiensi

217 1932 284 1999 tres
309 1946 446 1997 marcas
473 1925 623 1999 latorum
650 1944 863 2015 grossorum
890 1925 974 1998 item
1000 1926 1231 2018 hortulanus,
1257 1928 1342 2000 item
1359 1928 1536 2019 tabernae,
1562 1916 1647 2001 item
1664 1909 1787 2020 prae--

218 2048 307 2120 dium
326 2100 442 2117 .....

316 2168 664 2259 Tnzunrrnczrczn,
692 2167 774 2239 villa
800 2168 865 2241 sub
892 2168 1058 2259 parochia
1084 2168 1128 2241 de
1154 2168 1332 2243 Zathor
1358 2172 1444 2262 sita,
1471 2171 1569 2243 cuius
1597 2170 1765 2245 haeredes
1851 2144 1856 2150 ’

218 2292 318 2363 duces
344 2290 600 2362 Zathorienses.
627 2290 667 2361 In
696 2296 869 2380 quaeunt
895 2290 987 2361 lanei
1014 2290 1259 2382 cmethonales,
1285 2292 1329 2364 cle
1348 2292 1473 2383 quibus
1491 2284 1767 2365 solviturvmani-
1872 2324 1876 2330 ⁴
1917 2279 1921 2284 ⁴

215 2412 343 2504 pularis
371 2412 505 2483 decima
531 2411 758 2483 scholastriae
786 2410 1026 2501 cracoviensi3
1053 2413 1152 2485 cuius
1179 2413 1286 2485 etiam
1312 2415 1497 2505 perceptio
1516 2414 1553 2485 in
1578 2415 1765 2507 manipulis

122 2570 123 2575 ,
218 2534 393 2635 abstracta
420 2538 475 2604 est
502 2553 524 2603 a
550 2532 775 2623 scholastria,
811 2538 847 2603 et
874 2533 1006 2605 incolae
1034 2534 1128 2605 illam
1154 2535 1368 2626 percipiunt,
1405 2540 1440 2607 et
1466 2537 1607 2608 solvunt
1633 2556 1699 2626 pro
1724 2557 1767 2606 ea

219 2654 413 2725 summatim
441 2653 645 2726 scholastico
670 2640 894 2725 'Cracoviensi
920 2674 1023 2725 unam
1050 2675 1127 2726 cnm
1154 2654 1297 2727 dimidia
1323 2676 1475 2729 marcam
1500 2658 1652 2729 latorum
1670 2678 1768 2747 gros-

215 2796 326 2861 sorum
353 2774 593 2866 Pragensinm3
619 2775 703 2846 item
729 2776 905 2865 tabernae,
932 2776 1017 2847 item
1043 2776 1231 2867 hortulani,
1258 2778 1342 2849 item
1369 2778 1602 2869 praedium..
1622 2833 1657 2849 ..

312 2896 546 2987 Szmonrcza,
574 2896 657 2969 villa
683 2897 747 2969 sub
765 2897 930 2988 parochia
956 2896 1000 2969 de
1024 2896 1202 2969 Zathor
1227 2900 1310 2988 sita,
1336 2900 1434 2973 cuius
1459 2900 1629 2971 haeredes
1655 2900 1760 2972 Nico·

216 3020 286 3091 laus
312 3017 638 3108 Szaschorslry
664 3016 827 3091 dedomo
855 3018 1106 3091 Fossorum
1132 3019 1577 3093 etJohaunesRadwan
1604 3020 1766 3093 dedomo

216 3140 554 3213 Radwanorum.
595 3138 636 3209 In
655 3159 723 3229 qua
749 3144 830 3212 sunt
847 3139 940 3211 lanei
967 3140 1219 3230 cmethonales,
1246 3140 1433 3231 dequibus
1460 3142 1608 3214 solvitur
1634 3143 1767 3213 decima

216 3260 438 3353 manipularis
473 3280 537 3352 pro
573 3260 782 3334 scholastria
817 3258 1058 3350 Oracoriensi3
1099 3260 1162 3334 sed
1196 3262 1271 3334 eins
1306 3263 1489 3354 perceptio.
1521 3264 1557 3334 in
1592 3262 1768 3354 manipulo

139 3403 142 3408 ·
217 3385 390 3456 abstracta
417 3388 472 3454 est
524 3404 547 3454 a
572 3382 797 3473 scholastria,
822 3388 860 3454 et
886 3382 1018 3455 incolae
1045 3383 1140 3454 illam
1167 3383 1383 3475 percipiunt,
1410 3384 1618 3475 solvuntque
1644 3405 1708 3474 pro
1727 3405 1770 3456 ea

123 3547 125 3558 ,
215 3505 407 3578 summatim
435 3503 641 3578 scholastico
664 3502 886 3576 Cracoviensi
912 3525 1017 3576 unam
1035 3525 1112 3576 cunr
1129 3504 1244 3577 media
1270 3525 1423 3578 marcam
1448 3506 1599 3578 latorum
1625 3525 1765 3597 grosso·

216 3648 286 3699 rum
312 3626 560 3718 Pragensinm3
587 3626 671 3698 item
697 3626 851 3717 taberna
879 3626 962 3698 item
988 3625 1219 3717 hortulaniae‚
1245 3627 1329 3699 item
1355 3627 1537 3717 praedium

317 3747 555 3838 hunericus,
583 3748 667 3821 villa
692 3749 756 3820 sub
775 3748 942 3839 parochia
968 3748 1010 3820 de
1028 3747 1204 3820 Zathor
1230 3748 1317 3838 sita,
1345 3749 1443 3820 cuius
1468 3749 1593 3821 haeres
1619 3748 1771 3820 Michael
1803 3790 1812 3800 ·
1876 3845 1883 3854 ξ
1971 3764 1977 3783 ‘

217 3869 561 3963 Lyaszkowsky
587 3869 631 3941 de
658 3868 873 3961 Cornycz.
912 3869 953 3940 In
972 3889 1040 3960 qua
1067 3874 1150 3940 sunt
1175 3868 1268 3940 lanei
1294 3870 1546 3960 cmethonales,
1573 3868 1617 3941 de
1644 3869 1770 3960 quibus

219 3992 373 4062 omnibus
402 3990 550 4062 solvitur
584 3990 718 4062 decima
743 3990 969 4082 manipularis
1005 3989 1232 4062 scholastriae
1268 3987 1508 4064 Gracoriensi:
1534 3991 1639 4064 huius
1665 3991 1769 4062 etiarn

217 4113 389 4204 perceptio
418 4113 454 4184 in
480 4113 664 4204 manipulis
692 4113 869 4186 abstracta
895 4117 966 4206 est,
993 4117 1030 4184 et
1055 4113 1191 4186 incolae
1216 4113 1285 4186 sihi
1311 4113 1405 4184 illam
1433 4113 1579 4204 quilibet
1604 4113 1648 4185 de
1674 4112 1768 4202 agris

218 4235 284 4306 suis
310 4234 527 4326 percipiunt,
563 4239 600 4307 et
636 4234 774 4308 solvrmt
809 4235 1005 4308 summatim
1041 4255 1105 4325 pro
1141 4254 1185 4308 ea
1218 4255 1325 4308 mam
1342 4234 1530 4308 'fertonem
1566 4224 1778 4308 scholastico

218 4352 437 4431 Gracomensi
462 4356 613 4430 latorum
638 4377 838 4448 grossorum
864 4356 1100 4448 Pragensium.

842 4597 1148 4674 Sarruuowrczn.
1324 4674 1328 4685 ,

316 4721 414 4794 Villa
438 4721 570 4803 habens
597 4721 633 4793 in
652 4739 689 4794 se
707 4720 940 4812 parochialem
967 4721 1165 4812 ecclesiam,
1192 4721 1340 4794 Sanctae
1366 4721 1577 4794 Gatberinae
1605 4722 1768 4813 (limam,

221 4843 312 4918 cuius
339 4845 538 4936 proprietas
566 4844 610 4918 ad
628 4843 733 4916 duces
759 4843 1006 4917 Zathorienses
1033 4844 1196 4934 pertinet
1235 4844 1276 4914 ln
1295 4865 1365 4934 qua
1390 4849 1473 4916 sunt
1499 4844 1591 4915 lanei
1617 4845 1770 4916 cmetho-

221 4965 322 5056 nales,
350 4965 538 5058 dequibus
565 4945 713 5039 solvitur
740 4965 873 5038 decima
898 4965 1123 5056 manipularis
1151 4965 1381 5039 scholastriae
1408 4964 1649 5054 Oracoviensi3
1675 4965 1773 5037 cuius

222 5088 396 5178 perceptio
433 5087 470 5159 in
505 5086 690 5178 manipulis
721 5107 743 5158 a
777 5085 982 5159 scholastria
1017 5087 1195 5159 abstracta
1229 5091 1302 5177 est,
1337 5091 1374 5159 et
1408 5086 1541 5158 incolae
1575 5083 1672 5157 illam
1706 5086 1773 5158 soli

221 5207 362 5298 quilibet
398 5207 441 5281 dc
467 5229 552 5300 agro
579 5193 655 5282 suo'
668 5208 879 5300 percipiunt,
915 5213 951 5280 et
978 5207 1117 5280 solvunt
1153 5208 1351 5280 summatim
1385 5228 1449 5298 pro
1476 5205 1537 5278 illa
1563 5207 1770 5280 scholastico

225 5333 297 5402 octo
329 5349 465 5403 marcas
500 5331 652 5404 latorum
677 5349 878 5422 grossorum
905 5328 1150 5420 Pragensium:
1181 5329 1266 5402 item
1292 5329 1439 5402 taberna
1465 5349 1552 5419 nna,
1578 5329 1663 5400 item
1689 5324 1772 5402 bor-

144 5525 150 5532 ,
224 5447 372 5522 tulaniae
408 5451 497 5526 dnae
533 5451 577 5524 acl
603 5453 854 5544 proprietatem
890 5450 1031 5542 plebani
1065 5451 1298 5541 pertinentes,
1335 5450 1420 5522 item
1455 5449 1653 5542 praedinm3
1687 5451 1773 5523 item

223 5569 363 5646 ecclesia
384 5577 434 5650 ,et
459 5573 628 5665 plebanus
664 5573 770 5650 habet
805 5573 855 5646 ibi
891 5572 1053 5670 proprios
1086 5591 1191 5670 agros
1226 5577 1263 5644 et
1289 5577 1408 5670 prata³
1445 5591 1520 5670 pro¹
1542 5592 1605 5650 suo
1636 5591 1703 5649 usn
1737 5577 1774 5644 et

227 5691 439 5773 armentale.
