4550 6600
480 733 554 804 222
572 772 579 789 =

583 939 731 1011 Fabrica
755 938 840 1011 ferri
866 940 903 1011 in
929 940 1205 1032 Blyeschno.

581 1180 728 1250 Fabrica
762 1179 846 1250 ferri
881 1182 916 1253 in
951 1179 1224 1272 Gwaschyn,
1260 1184 1356 1253 euius
1393 1185 1589 1273 proprietas
1624 1184 1669 1254 ad
1700 1165 1952 1255 monasterium
1986 1183 2021 1251 in
2129 1178 2135 1202 ¹

478 1296 877 1375 Gzanstlroohowa
903 1303 1065 1397 pertinet3
1093 1303 1149 1373 cui
1175 1303 1280 1373 solvit
1305 1324 1368 1397 per
1394 1324 1455 1373 sex
1481 1324 1660 1395 grossos...

1148 1548 1351 1619 Drusznez.

583 1665 677 1737 Villa
712 1667 842 1738 habens
880 1668 979 1737 inse
1009 1668 1241 1756 parochialem
1277 1668 1457 1738 eeclesiam
1491 1671 1681 1756 muratam,
1717 1666 1844 1737 Sancto
1881 1665 2022 1736 Nicolao

478 1784 665 1857 confessori
692 1786 850 1877 dicatam,
879 1786 975 1857 cuius
1002 1789 1199 1877 proprietas
1225 1788 1270 1858 ad
1288 1787 1575 1877 Christopherum
1603 1793 1639 1857 et
1665 1786 1792 1858 fratres
1818 1787 1904 1888 eiusv
1920 1786 2023 1874 perti·

455 1908 546 1976 net.
582 1906 621 1976 In
650 1928 717 1995 qua
744 1913 825 1977 sunt
851 1908 943 1977 lanei
971 1909 1221 1997 emethonaleS‚
1257 1910 1341 1979 item
1367 1910 1552 1997 tabernae,
1588 1910 1672 1978 item
1708 1908 1947 1995 hortulaniae,
1983 1906 2023 1976 de

478 2026 601 2115 quibus
629 2028 786 2098 omnibus
814 2028 960 2099 solvitur
987 2032 1022 2098 et
1048 2029 1253 2099 conducitur
1279 2027 1412 2099 decima
1438 2029 1662 2117 manipularis
1689 2032 1726 2098 et
1753 2028 1930 2117 canapalis
1957 2046 2018 2115 pro

479 2200 617 2217 ......
636 2148 723 2218 Item
751 2149 895 2219 ecelesia
921 2149 1026 2219 habet
1052 2150 1101 2220 ibi
1128 2169 1231 2238 agros
1257 2150 1418 2239 proprios
1445 2154 1482 2220 et
1507 2155 1627 2238 prata,
1653 2170 1718 2238 pro
1745 2168 1807 2219 suo
1834 2168 1901 2218 usu
1927 2167 2024 2237 prae-

478 2268 535 2339 dio
562 2272 598 2338 et
624 2269 839 2358 necessitate;
868 2269 1028 2341 videlieet
1053 2270 1203 2359 primum
1229 2290 1352 2359 agrurn
1378 2270 1469 2341 lanei
1496 2270 1607 2359 unius,
1633 2270 1727 2341 cirea
1744 2268 1883 2340 domurn
1909 2268 2025 2358 pleba-
2162 2285 2163 2310 ¹

479 2388 590 2463 nalem
618 2389 654 2459 in
681 2390 820 2479 longum
847 2396 883 2460 et
908 2390 1018 2460 latum
1045 2396 1262 2479 protensum,
1297 2390 1402 2461 aliurn
1429 2411 1551 2480 agrurn
1588 2390 1717 2461 dietum
1753 2385 1930 2459 debriaret
1966 2385 2026 2457 trzi

449 2500 452 2509 ’
478 2533 526 2580 no
552 2508 763 2601 raedainncb
789 2511 933 2583 tertium
961 2532 1082 2601 agrum
1110 2533 1186 2583 eum
1204 2516 1306 2601 prato
1326 2535 1418 2606 przy
1444 2508 1535 2603 lerze
1561 2511 1664 2600 dicto,
1693 2512 1796 2581 inter*
1809 2515 1914 2600 prata
1940 2529 2025 2579 cme-

478 2630 622 2701 thonum
641 2638 677 2701 et
695 2652 797 2720 agros
816 2630 1013 2720 eorundem,
1040 2653 1163 2703 versus
1183 2632 1266 2703 villa
1292 2631 1561 2721 Strzego'wa
1585 2636 1798 2722 protensum,
1825 2630 1886 2720 qui
1904 2651 2027 2720 eogno-

388 2782 392 2795 ·
476 2752 627 2822 minatur
653 2748 836 2821 depalaret.
880 2751 967 2822 Item
1002 2753 1148 2823 ecelesia
1182 2750 1340 2843 praefata
1366 2758 1405 2824 et
1429 2752 1599 2841 plebanus
1625 2753 1662 2822 in
1696 2752 1926 2824 Dluszecz
1965 2772 2025 2839 pro

478 2878 633 2961 ternpore
661 2872 829 2961 existens·
861 2873 967 2943 babet
992 2872 1174 2943 tabernam
1201 2877 1237 2943 et
1263 2872 1467 2943 hortolanos
1499 2894 1541 2943 en
1569 2873 1711 2962 antiquo
1740 2871 1786 2941 ad
1812 2871 1932 2942 dotem
1958 2870 2027 2972 ple·

476 2992 635 3062 banalem
662 2993 885 3081 pertinentes.
920 2993 1009 3063 Item
1036 2993 1142 3063 habet
1168 2993 1334 3063 decimam
1361 2993 1611 3082 manipularem
1638 2993 1674 3063 in
1702 2992 1785 3063 villa
1809 2991 1833 3063 J
1845 2991 2026 3063 ezowka

477 3112 520 3182 de
547 3113 642 3201 agris
668 3112 912 3201 praedialibus;
938 3113 1021 3183 item
1048 3114 1203 3185 missalia
1228 3113 1264 3182 in
1291 3104 1374 3184 villa
1399 3113 1645 3203 Dluszecz,
1673 3113 1716 3184 de
1744 3112 1900 3202 quolibet
1927 3112 2024 3183 laneo

477 3254 541 3323 per
567 3237 640 3304 tres
668 3237 805 3304 eoretos
833 3232 979 3324 siliginis
1007 3238 1043 3305 et
1069 3254 1132 3324 per
1159 3240 1232 3306 tres
1258 3238 1409 3324 avenae3
1444 3234 1552 3306 habet
1587 3235 1693 3305 etiam
1725 3234 1892 3305 decimam
1921 3232 2026 3306 mani-

477 3354 634 3443 pularem
661 3354 696 3424 in
722 3353 967 3444 Dluszeez‚
995 3353 1038 3424 de
1065 3356 1159 3445 agris
1186 3355 1420 3445 praedialibus
1447 3379 1495 3425 no
1521 3352 1724 3426 rzedzinoelr
1737 3356 1785 3426 de
1803 3356 1917 3445 primo
1936 3354 2026 3426 ride

476 3475 559 3545 licet
586 3494 680 3566 agro,
708 3475 766 3565 qui
793 3475 1055 3564 cognominatur
1082 3473 1268 3567 donciarclc,
1308 3477 1436 3548 iacenti
1463 3497 1568 3566 penes
1595 3477 1688 3547 riam
1715 3476 1900 3566 publicam,
1929 3474 2027 3546 Cra-

425 3667 428 3674 ,
477 3595 653 3666 coriam
681 3615 802 3667 versus
829 3617 850 3666 a
877 3596 1038 3667 Pileza
1064 3598 1197 3684 eundo;
1224 3598 1308 3668 item
1334 3598 1439 3668 etiam
1466 3597 1509 3667 de
1528 3596 1597 3666 alio
1624 3616 1709 3686 agro
1732 3592 1910 3666 denaiarelc
1928 3595 2025 3682 dicto,

476 3716 604 3786 iacenti
630 3735 735 3806 penes
762 3717 931 3805 rubetum,
959 3717 1050 3807 quod
1078 3722 1220 3789 vocatur
1246 3718 1270 3790 J
1280 3717 1595 3807 askowkierz,
1632 3717 1780 3788 similem
1806 3717 1914 3788 habet
1940 3715 2024 3786 deci-

431 3871 433 3876 ,
477 3856 586 3947 mam3
612 3837 695 3907 item
722 3837 759 3906 in
786 3837 869 3907 villa
894 3835 1094 3927 Kapiele
1121 3843 1157 3910 et
1183 3840 1219 3910 in
1245 3838 1446 3928 Lgotha‚
1482 3838 1590 3909 habet
1615 3837 1796 3927 praedicta
1820 3837 1969 3908 eeclesia
1993 3840 2025 3906 et

374 4021 377 4028 .
478 3956 645 4045 plebanus
672 3959 707 4027 in
734 3957 819 4027 Dlu
837 3977 967 4028 szeez
1004 3959 1158 4030 missalia
1183 3959 1393 4049 pecuniaria,
1428 3960 1518 4030 sieut
1545 3959 1644 4029 etin
1671 3959 1755 4030 villa
1780 3958 2025 4043 Dluszeez;

428 4120 432 4130 -
478 4076 562 4146 item
589 4077 625 4147 in
653 4077 831 4166 praedicta
856 4078 1065 4169 Kapyelc
1092 4080 1200 4150 babet
1217 4080 1385 4151 decimam
1411 4079 1647 4168 pecuniariam
1675 4079 1832 4169 quolibet
1858 4099 1948 4159 anno
1967 4097 2026 4167 per

479 4215 540 4266 sex
567 4217 718 4287 grossos,
746 4197 788 4269 de
807 4219 891 4289 agro
909 4200 1085 4290 tabernae,
1104 4204 1141 4271 et
1158 4201 1384 4272 tabernatore
1403 4199 1569 4290 quolibet,
1595 4221 1659 4290 pro
1678 4206 1836 4290 tempore
1858 4198 2024 4282 existenti.

1119 4440 1391 4513 Snnznnmrezn.

582 4559 676 4630 Villa
702 4560 833 4632 habens
868 4563 904 4631 in
932 4581 970 4632 se
996 4561 1230 4650 parochialem
1268 4562 1461 4651 eeclesiam,
1497 4561 1634 4632 Sanctis
1668 4559 1837 4631 Omnibus
1874 4560 2024 4648 dicatam,

478 4682 574 4750 cuius
601 4681 798 4769 proprietas
825 4681 870 4752 ad
898 4682 1156 4753 serenissimum
1173 4681 1339 4753 Poloniae
1362 4703 1480 4772 regem
1506 4683 1669 4770 pertinet.
1695 4681 1736 4750 In
1756 4701 1824 4770 qua
1842 4685 1924 4752 sunt
1940 4679 2025 4749 lanei

477 4800 731 4892 emetbonales,
767 4802 851 4872 item
878 4803 1025 4873 taberna
1051 4823 1120 4873 una
1147 4803 1262 4892 regia,
1296 4804 1381 4874 item
1407 4803 1604 4891 hortulani,
1640 4801 1682 4873 de
1710 4801 1836 4891 quibus
1872 4800 2023 4871 omnibus

480 4920 627 4992 solvitur
654 4926 689 4992 et
717 4921 921 4994 conducitur
947 4922 1080 4993 decima
1106 4923 1332 5013 manipularis
1360 4929 1396 4994 et
1422 4923 1598 5018 canapalis
1625 4943 1690 5012 pro
1717 4921 1881 5011 episcopo
1908 4920 2025 4992 Graec·

422 5093 429 5104 .
478 5042 608 5130 riensi,
644 5047 681 5112 et
707 5042 781 5112 eius
809 5043 908 5114 valor
934 5043 1137 5114 aestimatur
1164 5043 1209 5113 ad
1235 5031 1382 5132 triginta
1417 5063 1561 5114 mareas.
1606 5043 1696 5114 Item
1728 5042 1837 5112 habet
1863 5041 2023 5130 plebanus

472 5183 543 5252 pro
571 5161 653 5234 dote
680 5183 742 5233 sua
769 5183 872 5252 agros
899 5163 1059 5252 proprios
1087 5168 1123 5234 et
1150 5169 1252 5252 prata
1278 5168 1314 5234 et
1340 5183 1443 5234 unam
1470 5163 1670 5252 tabernam,
1696 5162 1742 5232 de
1770 5182 1839 5252 qua
1865 5161 2024 5251 plebanus

476 5283 586 5354 habet
612 5304 715 5354 unam
742 5303 894 5355 maroam
920 5304 984 5373 pro
1011 5303 1116 5354 censu
1142 5304 1276 5372 aunuo;
1311 5284 1397 5354 item
1422 5284 1529 5355 habet
1555 5283 1724 5373 plebanus
1756 5282 1926 5354 decimam
1952 5283 2025 5372 post

477 5404 619 5494 curiam,
646 5405 775 5476 valoris
803 5405 950 5476 duarum
977 5424 1193 5492 marearum;
1229 5405 1312 5474 item
1339 5404 1446 5476 habet
1473 5405 1576 5474 aliam
1604 5404 1772 5474 decimam
1799 5407 1882 5492 post
1908 5401 2024 5474 scolte-
2158 5446 2163 5503 !

478 5529 553 5602 tum
580 5524 616 5594 in
643 5526 745 5616 villa,
781 5526 909 5598 valoris
936 5525 1039 5604 unius
1067 5542 1223 5614 marcae;
1258 5527 1342 5596 item
1376 5525 1515 5600 tertiam
1552 5525 1720 5602 decimam
1753 5524 1862 5602 habet
1889 5525 1926 5597 in
1951 5522 2026 5599 ailla
2149 5532 2162 5613 ‚j
