4550 6600
1743 760 1790 833 81

240 960 450 1035 monasterio
480 960 515 1033 in
543 960 893 1055 Sthanyathlry,
929 970 966 1035 et
992 962 1089 1035 valor
1124 960 1199 1035 6166
1226 965 1432 1037 aestimatur
1458 963 1503 1037 ad
1530 964 1616 1037 duas
1643 988 1789 1057 marcas

120 1086 121 1093 ’
239 1085 320 1153 1166
357 1085 473 1155 estin
500 1084 621 1156 66166
655 1086 739 1157 villa
774 1106 843 1157 una
877 1086 1042 1175 taberna,
1076 1087 1209 1157 babens
1244 1108 1365 1177 agros,
1402 1108 1489 1177 quae
1516 1086 1559 1159 16
1585 1088 1655 1161 illis
1683 1089 1788 1160 solvit

238 1204 404 1275 decimam
431 1206 467 1275 in
490 1203 707 1300 poaytllwum
732 1228 797 1295 pro
825 1207 998 1277 canonicis
1025 1212 1061 1277 61
1086 1208 1295 1296 praebendis
1323 1207 1627 1298 Gracoviensibus,
1657 1209 1786 1280 ducens
1839 1267 1842 1281 .

241 1325 335 1395 illam
362 1326 406 1397 ad
434 1326 808 1417 Przemanczany
835 1326 1067 1399 Maiorem.

261 1545 264 1551 ¹
340 1445 630 1535 laurnowmzn,
658 1448 741 1517 villa
767 1448 831 1518 suh
861 1448 1026 1537 parochia
1052 1448 1095 1518 16
1121 1448 1411 1539 Zyelenycze
1440 1450 1516 1538 sita,
1543 1450 1640 1519 cuius
1667 1450 1790 1521 haeres

238 1566 401 1637 Nicolaus
428 1566 639 1657 Mleczny
666 1568 709 1638 16
736 1569 842 1638 armis
869 1568 1036 1659 Ulyna,
1063 1569 1099 1639 16
1119 1590 1187 1658 qna
1205 1577 1287 1640 sunt
1313 1570 1405 1641 lanei
1433 1571 1678 1659 emethonaleS,
1705 1572 1790 1641 item

112 1686 116 1696 '
236 1687 422 1776 hortulani,
450 1689 535 1759 1166
562 1689 743 1778 tabernae,
771 1690 854 1759 1166
877 1711 987 1759 6666
1014 1690 1195 1778 praedium
1221 1669 1382 1779 militare,
1409 1692 1453 1761 de
1480 1692 1604 1780 quibus
1632 1692 1790 1761 omnibus

237 1808 385 1878 solvitur
412 1814 448 1878 61
474 1808 679 1879 conducitur
706 1810 840 1880 decima
866 1790 1091 1898 manipularis
1118 1816 1155 1880 61
1181 1812 1356 1899 canapalis
1383 1812 1549 1882 ecclesiae
1576 1818 1613 1880 et
1640 1812 1788 1900 plebano

237 1950 298 1997 suo
326 1928 455 1999 ibidem
482 1930 518 1999 in
545 1928 851 2020 Zelyenycze‚
879 1930 976 1999 cuius
1004 1930 1103 2000 valor
1130 1932 1337 2001 aestimatur
1363 1931 1408 2001 ad
1428 1986 1569 2000 ......
1586 1984 1595 2020 ,
1623 1932 1708 2001 1166
1736 1939 1790 2001 661

112 2088 117 2101 ·
236 2049 271 2117 16
298 2049 420 2119 66166
446 2050 529 2119 villa
554 2051 701 2121 taberna
727 2056 764 2120 61
789 2051 910 2121 166666
946 2052 1020 2121 sive
1057 2070 1197 2139 campus
1232 2051 1476 2139 praebendarii
1513 2052 1631 2123 Sancti
1666 2051 1792 2122 Jacobi

237 2170 387 2257 apostoli
415 2169 457 2239 de
483 2160 922 2261 Naszyechowicze,
950 2171 993 2241 de
1021 2172 1146 2261 quibus
1173 2171 1258 2241 nulli
1285 2172 1389 2242 solvit
1415 2172 1591 2261 decimam,
1619 2172 1680 2243 661
1698 2173 1792 2279 illam
1860 2242 1872 2255 ,

110 2332 115 2341 -
235 2310 298 2377 pro
326 2311 364 2360 66
392 2290 609 2361 1611116116
637 2312 736 2362 6666
763 2290 895 2363 inducit
922 2293 1095 2381 horreum,
1122 2297 1185 2363 aut
1210 2277 1422 2381 66611166
1450 2314 1513 2363 suo
1541 2293 1652 2363 libitu.

835 2412 1205 2484 Nassaucnownczn.

338 2532 445 2621 Villa,
471 2532 603 2603 habens
629 2533 862 2621 parochialem
889 2533 1069 2603 ecclesiam
1095 2538 1268 2603 muratam
1295 2534 1331 2603 in
1358 2554 1406 2622 se,
1433 2533 1559 2603 Sancto
1587 2534 1671 2604 Vito
1699 2555 1791 2605 mar-

234 2654 304 2743 tyri
331 2652 492 2743 dicatam,
520 2640 617 2723 cuius
644 2654 839 2742 proprietas
867 2653 911 2723 61
938 2653 1118 2723 Nicolaum
1148 2654 1191 2724 16
1217 2655 1323 2723 armis
1349 2653 1374 2724 J
1382 2676 1551 2744 anyna,
1580 2654 1792 2725 Stanislaum

236 2772 509 2863 Slupowsky
535 2774 578 2843 de
597 2775 702 2844 armis
729 2773 929 2863 Lelywa,
957 2779 993 2845 et
1019 2772 1188 2845 Jacobum
1215 2774 1258 2843 de
1277 2773 1516 2863 armisOxa,
1551 2776 1588 2843 in
1616 2798 1684 2864 qua
1711 2781 1793 2846 6661

235 2894 360 2982 viginti
389 2894 457 2964 duo
485 2894 576 2964 lanei
604 2895 848 2983 curethonaleS,
875 2896 959 2965 item
986 2895 1133 2965 taberna
1160 2916 1230 2964 una
1255 2894 1406 2982 plebani,
1433 2895 1572 2964 solvens
1599 2916 1663 2983 pro
1686 2917 1792 2966 66666

105 3086 115 3100 ,
211 3035 336 3088 Δ6666
365 3036 527 3102 marcam;
554 3016 638 3085 item
665 3014 843 3085 hortulani
869 3015 919 3085 ibi
945 3036 1014 3085 non
1042 3020 1137 3103 sunt,
1165 3014 1208 3083 de
1236 3016 1361 3103 quibus
1388 3015 1535 3086 solvitur
1561 3021 1598 3085 61
1625 3015 1787 3085 6661661-

233 3139 291 3204 tur
317 3134 454 3205 decima
479 3135 706 3224 manipularis
734 3141 769 3205 61
797 3134 972 3224 canapalis
1000 3156 1063 3223 pro
1091 3135 1238 3205 ecclesia
1259 3140 1295 3205 et
1312 3135 1461 3223 plebano
1489 3135 1618 3205 ibidem
1645 3136 1681 3204 in
1707 3135 1787 3205 Na-

192 3327 203 3335 ,
234 3256 640 3346 szyanchouycze,
676 3261 712 3326 et
738 3256 836 3328 valor
862 3257 936 3327 6166
972 3256 1178 3328 aestimatur
1214 3255 1258 3326 61
1285 3255 1481 3346 quindecim
1516 3276 1669 3344 marcas3
1705 3258 1790 3328 item

223 3378 380 3466 ¹praedia
405 3378 475 3448 tria
500 3379 683 3466 militaria,
710 3383 747 3448 61
773 3379 816 3448 (16
843 3379 1002 3449 omnibus
1030 3379 1134 3448 etiam
1171 3377 1363 3448 decimatur
1399 3378 1564 3448 ecclesiae
1599 3378 1728 3448 ibidem
1754 3380 1791 3448 16
1905 3376 1910 3386 ’

234 3497 691 3589 Naszanchowycze;
725 3499 809 3569 item
835 3499 942 3570 habet
969 3499 1017 3570 ibi
1044 3499 1192 3568 ecclesia
1217 3500 1378 3587 proprios
1406 3520 1510 3587 agros
1537 3504 1573 3568 61
1599 3504 1702 3587 prata
1728 3521 1791 3588 pro

236 3640 298 3690 suo
326 3641 404 3709 usu,
431 3621 574 3711 praedio
601 3626 638 3690 et
664 3621 882 3692 necessitate.
1525 3626 1533 3640 “

336 3741 642 3830 Μ1666661666,
670 3741 753 3812 villa
771 3742 835 3812 sub
854 3741 1020 3830 parochia
1038 3740 1080 3810 de
1103 3739 1569 3830 Naszyanchowycze
1596 3741 1673 3829 sita,
1693 3742 1789 3811 cuius

234 3863 358 3933 haeres
387 3861 621 3952 Stogneus
648 3862 691 3932 de
718 3863 824 3932 armis
860 3861 971 3951 Oxa,
1007 3862 1043 3930 iu
1071 3882 1140 3950 qua
1169 3867 1251 3932 sunt
1277 3882 1338 3931 sex
1364 3861 1458 3931 lanei
1485 3862 1728 3948 cmethonales,
1756 3868 1793 3931 et

234 3984 276 4070 de
304 3983 458 4073 quinque
485 3983 722 4054 tantummodo
750 3983 859 4054 laneis
886 3983 1033 4054 solvitur
1056 3988 1092 4052 61
1110 3982 1314 4054 conducitur
1341 3981 1475 4052 decima
1501 3982 1727 4070 manipularis
1755 3988 1791 4051 et

235 4103 412 4192 canapalis
439 4125 502 4192 pro
530 4103 730 4192 praebenda
756 4102 988 4191 Cracoviensi,
1015 4124 1103 4191 qnae
1122 4102 1602 4191 vocaturDzewyanthelska,
1630 4109 1666 4172 61
1693 4103 1792 4172 valor

233 4225 307 4293 eius
336 4224 541 4295 aestimatur
568 4224 613 4296 ad
640 4229 771 4313 septem
791 4278 904 4294 .....
923 4279 931 4314 ,
968 4224 1136 4294 desento
1164 4229 1281 4294 autem
1315 4222 1416 4293 laneo
1443 4223 1592 4293 solvitur
1619 4223 1784 4294 ecclesiae

234 4344 270 4414 in
296 4343 740 4434 Nassanchowycze.
766 4345 855 4415 Item
873 4350 927 4415 661
945 4345 994 4416 ibi
1012 4365 1117 4446 unum
1145 4344 1324 4433 praedium
1350 4344 1510 4432 militare,
1538 4344 1581 4414 de
1609 4366 1677 4433 quo
1696 4344 1789 4414 deci-

233 4471 350 4536 matur
378 4466 543 4536 ecclesiae
570 4466 606 4535 16
632 4465 1109 4553 Nasszanchowycze3
1144 4465 1229 4535 1166
1255 4470 1310 4534 661
1336 4465 1385 4534 ibi
1412 4485 1482 4534 una
1508 4465 1669 4552 taberna,
1698 4463 1787 4534 1666

236 4586 456 4658 hortulaniae
483 4593 519 4657 61
544 4607 649 4656 6666
677 4585 920 4674 6616611666,
947 4585 1008 4656 661
1035 4606 1104 4656 666
1131 4586 1264 4657 habent
1283 4605 1402 4674 agros.

337 4708 640 4796 Dznwraurunn,
668 4707 751 4776 villa
778 4707 842 4778 sub
869 4707 1036 4795 parochia
1062 4706 1105 4776 16
1132 4705 1166 4774 Ν
1177 4705 1568 4794 aszanchowycze
1597 4704 1674 4792 sita,
1693 4705 1791 4774 cuius

233 4828 359 4898 haeres
387 4827 516 4898 Paulus
544 4829 586 4898 de
614 4828 799 4916 Sprowa
834 4828 877 4898 16
905 4827 1006 4898 1666
1038 4825 1368 4914 Odrowansch,
1405 4826 1442 4894 in
1469 4845 1539 4914 qua
1565 4829 1647 4894 sunt
1673 4824 1790 4894 trede-

231 4950 299 5048 cim
326 4949 422 5020 lanei
449 4949 692 5038 cmethonaleS,
720 4969 789 5018 una
815 4949 962 5019 taberna
980 4953 1016 5018 et
1034 4948 1122 5018 duae
1149 4946 1378 5034 hortulaniae,
1401 4946 1574 5015 babentes
1602 4966 1715 5032 agros,
1747 4945 1790 5014 16

234 5071 358 5160 quibus
387 5071 545 5142 omnibus
572 5070 720 5142 solvitur
746 5074 782 5143 61
809 5069 1012 5140 conducitur
1044 5069 1179 5140 166166
1205 5067 1431 5156 manipularis
1458 5072 1494 5136 et
1521 5066 1697 5153 canapalis
1725 5085 1789 5154 pro

232 5191 435 5279 praebenda
463 5189 702 5280 Cracoviensi,
738 5211 827 5280 quae
854 5195 998 5261 vocatur
1023 5189 1355 5279 Dzeuyanthelska,
1389 5193 1426 5257 et
1451 5186 1550 5258 valor
1576 5186 1651 5279 eius
1678 5187 1787 5258 aesti-

234 5320 351 5384 matur
379 5311 424 5383 ad
452 5311 600 5383 sedecim
625 5332 770 5382 marcas.
814 5311 901 5382 Item
929 5316 983 5382 661
1009 5311 1057 5382 ibi
1085 5309 1266 5400 praedium
1292 5329 1399 5378 unum
1424 5307 1594 5394 militare,
1621 5305 1665 5376 de
1692 5307 1789 5376 cuius

235 5435 329 5523 agris
357 5434 549 5505 decimatur
576 5433 742 5503 ecclesiae
771 5426 807 5502 in
833 5432 1092 5502 Paczanow·
1115 5431 1252 5519 oppido.

339 5554 636 5643 Ponniowrczn,
664 5553 747 5624 villa
774 5555 838 5624 sub
865 5553 1030 5643 parochia
1057 5552 1099 5622 de
1127 5551 1562 5654 Naszyachouycze
1589 5549 1666 5636 sita,
1694 5549 1791 5618 cuius

235 5675 405 5746 haeredes
446 5673 639 5746 Stanislaus
679 5673 988 5764 Polayouslry
1031 5673 1083 5743 de
1119 5673 1225 5742 armis
1266 5671 1511 5760 Angnium,
1551 5676 1588 5738 61
1616 5668 1791 5739 ·Nicolans

338 5843 389 5882 Lib.
404 5841 500 5882 aeneae.
515 5843 545 5883 Π.
1542 5817 1554 5834 ⁰
1587 5808 1625 5865 ¹1
