4550 6600
1536 736 1539 743 ’
1686 782 1761 855 aaa

152 1047 160 1069 ,
200 986 378 1077 sedendo,
404 985 480 1058 loco
517 990 553 1057 et
583 986 671 1058 bora
698 984 871 1061 consvetis
898 989 934 1057 et
960 986 1189 1077 inconsvetis,
1216 986 1273 1059 die
1298 985 1425 1059 feriata
1450 988 1508 1061 vel
1533 1010 1602 1061 non
1627 988 1763 1083 feriata

200 1114 307 1200 parte
337 1128 414 1179 *una
448 1111 631 1199 praesente
666 1112 703 1180 et
738 1107 850 1180 altera
885 1108 1036 1199 absente,
1068 1108 1130 1180 lite
1157 1112 1354 1181 contestata
1379 1108 1434 1182 vel
1461 1131 1531 1182 non
1557 1118 1761 1205 contestata,
1816 1116 1820 1121 ’

201 1228 492 1305 attestationibus
519 1229 702 1321 publicatis
729 1230 784 1302 vel
811 1251 880 1301 non
907 1229 1102 1321 publicatis,
1130 1229 1311 1321 dederunt,
1337 1252 1401 1323 per
1427 1232 1530 1305 unius
1556 1239 1592 1306 et
1609 1236 1761 1311 omnium

202 1352 352 1425 verbum
389 1356 547 1429 nostrum
582 1357 644 1424 aut
679 1351 782 1425 unius
818 1373 987 1444 organum
1022 1356 1286 1444 concesserunt,
1311 1358 1417 1445 prout
1450 1355 1552 1427 nobis
1578 1357 1700 1430 melius
1726 1365 1763 1431 et

202 1473 383 1583 efficacius
407 1474 443 1545 in
471 1494 576 1547 causa
598 1473 795 1547 huiusmodi
821 1474 975 1565 ipsomm
1002 1476 1354 1567 compromittentium
1381 1475 1560 1551 videretur
1578 1479 1761 1571 expedire3

202 1595 450 1690 promittentes
486 1594 571 1669 dicti
606 1600 807 1687 praesentes
842 1596 1164 1687 compromittentes
1199 1598 1267 1670 sibi
1301 1597 1450 1671 invicem
1475 1604 1512 1672 et
1538 1600 1575 1672 in
1601 1601 1760 1675 manibus

202 1718 338 1791 nostris
365 1723 402 1791 et
427 1717 555 1792 notarii
581 1718 711 1810 publici
737 1717 950 1809 infrascripti
975 1738 1080 1790 mano
1107 1718 1300 1791 solenniter
1318 1720 1494 1811 stipulata,
1513 1726 1617 1812 stare,
1635 1744 1760 1813 perere

203 1846 240 1911 et
270 1839 435 1931 obedire,
461 1839 536 1913 sine
571 1839 675 1913 laudo
701 1845 738 1911 et
763 1839 910 1913 arbitrio
946 1845 1142 1931 praecepto,
1168 1838 1394 1914 declarationi
1417 1847 1454 1915 et
1479 1844 1759 1933 pronunciationi

202 1961 367 2053 omnium,
394 1966 456 2034 aut
481 1962 583 2034 unius
609 1966 775 2051 nostrum,
802 1966 839 2033 et
865 1981 934 2033 non
961 1961 1204 2034 contravenire
1230 1963 1336 2071 verbo
1363 1968 1425 2036 aut
1449 1963 1551 2055 lacto,
1573 1966 1675 2038 modo
1702 1967 1758 2039 vel
1858 1965 1866 1971 ’

204 2084 323 2176 aliqua
351 2084 497 2175 ratione,
523 2088 585 2156 aut
611 2084 727 2175 aliqum
754 2082 908 2157 subsidio
934 2082 1031 2174 iuris,
1059 2084 1156 2174 legis,
1183 2089 1245 2157 ant
1269 2084 1361 2176 lacti,
1387 2088 1679 2161 renunciaverunt
1696 2090 1761 2162 sub

204 2227 318 2300 poena
346 2206 573 2279 ducentorum
599 2205 807 2278 florenorum
834 2205 1085 2297 ungaricalium
1112 2205 1190 2277 anri
1215 2208 1296 2298 puri
1320 2213 1358 2280 et
1374 2209 1461 2281 iusti
1477 2210 1650 2301 ponderis,
1668 2213 1762 2301 parti

204 2328 339 2403 tenenti
366 2327 516 2419 laudum,
543 2328 862 2419 pronuntiationem
889 2333 926 2399 et
944 2326 1215 2401 declarationem
1233 2330 1387 2402 omnium
1404 2336 1563 2405 nostrum
1580 2336 1643 2403 sut
1659 2334 1761 2405 unius

206 2456 352 2541 tantum,
375 2470 438 2542 per
464 2454 598 2541 partem
634 2468 704 2523 nou
730 2454 906 2523 tenentem
932 2449 1116 2542 solvenda,
1145 2470 1234 2542 quae
1260 2452 1365 2523 etiam
1390 2458 1510 2543 partes
1538 2455 1761 2545 compromit-

206 2578 320 2647 tentes
356 2572 393 2644 iu
421 2572 580 2645 manibus
606 2572 692 2645 dicti
718 2572 848 2645 notarii
874 2572 1093 2663 iuraverunt,
1121 2574 1215 2663 quod
1249 2574 1447 2656 huiusmodi
1477 2577 1783 2668 compromissum

207 2696 241 2767 in
276 2714 342 2767 uos
378 2714 442 2787 per
477 2694 571 2785 ipsas
605 2698 723 2785 partes
759 2671 1080 2783 compromittentes
1116 2694 1167 2765 sic
1192 2693 1338 2787 lactum,
1365 2702 1402 2767 et
1427 2697 1598 2789 capitula,
1624 2704 1761 2791 puncta,

207 2816 242 2889 in
268 2837 310 2889 eo
337 2820 513 2907 conante,
539 2820 629 2907 rata,
654 2820 757 2907 grata
775 2820 811 2887 et
836 2814 1039 2905 incorrupta
1064 2816 1233 2887 tenebunt
1249 2821 1286 2887 et
1302 2817 1500 2909 servabunt,
1518 2824 1556 2891 et
1572 2824 1694 2891 contm
1710 2840 1761 2911 ea,

207 2938 261 3011 vel
286 2938 421 3030 aliquid
447 2958 567 3011 eorum
594 2941 635 3010 ut
661 2936 912 3029 praescribitur
937 2956 1001 3027 per
1028 2956 1074 3026 se,
1101 2937 1157 3008 vel
1175 2958 1239 3028 per
1256 2938 1371 3029 alium,
1389 2940 1495 3012 tacite
1513 2940 1568 3013 vel
1586 2960 1759 3035 expresse,

208 3061 339 3138 directe
375 3060 431 3133 vel
466 3059 654 3151 indirecte,
689 3064 751 3132 aut
785 3058 902 3149 aliquo
938 3057 1060 3149 quovis
1093 3060 1252 3150 quaesito
1279 3058 1395 3131 colore
1421 3080 1491 3133 non
1517 3061 1665 3153 iaciant,
1691 3086 1762 3137 non

209 3182 359 3274 veniant,
388 3183 451 3255 sub
478 3202 593 3274 poena
609 3182 756 3274 periurii
774 3185 811 3252 et
828 3178 1056 3253 ducentorum
1074 3179 1285 3253 florenorum
1302 3180 1510 3255 huiusmodi.
1537 3183 1669 3273 Quibus
1687 3186 1763 3276 qni·

120 3337 122 3342 >
209 3305 285 3380 dem
311 3306 364 3378 sic
391 3305 575 3378 celebratis
602 3309 646 3377 et*
664 3301 765 3376 iactis
792 3303 1016 3394 ipsarumque
1043 3303 1198 3393 partium
1225 3305 1579 3395 compromittentium
1600 3302 1764 3398 'proposi-

209 3427 361 3508 tionibus
397 3447 502 3519 super
536 3423 737 3527 huiusmodi
772 3425 914 3498 decimis
950 3429 986 3496 et
1022 3412 1323 3516 responsionibus,
1349 3447 1413 3500 nos
1440 3427 1565 3499 arbitri
1591 3429 1763 3519 praedicti

211 3549 336 3622 auditis
365 3548 649 3622 attestationibus
685 3547 828 3620 testium
855 3567 918 3638 per
944 3547 1040 3637 ipsas
1065 3552 1186 3637 partes
1211 3547 1249 3619 in
1274 3549 1342 3620 bac
1367 3569 1489 3639 causa,
1515 3571 1633 3623 coram
1659 3551 1763 3624 dictis

207 3671 354 3744 dominis
382 3669 599 3743 officialibus·
612 3667 869 3760 productorum,
896 3667 1085 3740 intellectis
1112 3675 1149 3740 et
1175 3669 1380 3760 recollectis,
1398 3675 1435 3742 et
1456 3671 1590 3743 iuribus
1608 3673 1762 3764 ipsorum

213 3791 561 3884 compromittentium
588 3791 782 3864 masticatis
808 3795 845 3862 et
870 3808 981 3880 aequa
1007 3788 1105 3860 lance
1123 3793 1330 3880 maturaque
1348 3790 1597 3864 deliberatione
1614 3793 1762 3883 praeba-

211 3913 289 4005 bita,
314 3920 353 3987 et
380 3913 550 3986 dlubrum
576 3913 729 4004 partium
755 3911 799 3984 de
826 3930 995 3984 consensu
1012 3911 1231 4000 sententiam,
1249 3910 1434 3984 arbitrium
1454 3917 1491 3984 et
1508 3903 1659 4004 laudum,
1677 3914 1761 3986 deti-

212 4035 443 4127 nitionemque
479 4040 515 4106 et
549 4034 837 4108 arbitramentum
863 4032 899 4104 in
926 4031 992 4104 hac
1019 4051 1142 4123 causa,
1169 4032 1206 4102 in
1232 4031 1324 4141 buuc
1351 4033 1412 4125 qui
1439 4035 1597 4125 seqnitur
1622 4036 1761 4110 modum

211 4155 347 4230 tulimus
384 4162 420 4230 et
446 4155 755 4249 pronuntiavimus.
791 4152 923 4227 Christi
958 4153 1096 4226 nomine
1129 4154 1310 4246 invocato,
1337 4160 1375 4228 et
1400 4155 1514 4229 solum
1538 4156 1650 4230 Deum
1676 4179 1762 4250 prae

212 4279 314 4352 oculis
349 4277 529 4358 babentes,
578 4276 651 4350 Nos
686 4277 709 4350 J
719 4276 891 4353 acobus
931 4275 1125 4348 vicecustos
1162 4281 1201 4348 et
1239 4278 1425 4350 canonicus
1461 4277 1761 4372 Sandomiriensis,

213 4397 384 4492 Andreas,
404 4400 447 4474 de
483 4400 762 4491 Trzesznya,
798 4396 994 4470 Stanislaus
1030 4396 1073 4468 de
1109 4396 1150 4468 M
1158 4397 1305 4490 ydlovv
1339 4400 1497 4491 plebani,
1525 4407 1562 4473 et
1595 4401 1760 4475 Nicolaus

213 4517 347 4594 Odolf
371 4522 505 4612 arbitri,
534 4521 775 4611 arbitratures,
802 4540 864 4592 seu
891 4517 1090 4592 amicabiles
1108 4511 1358 4610 compositores
1375 4501 1558 4613 praedicti,
1573 4544 1636 4614 per
1654 4520 1761 4596 bono·

214 4642 336 4716 rabiles
364 4643 521 4719 dominos
548 4643 729 4716 Nicolaum
756 4642 800 4715 de
827 4638 1254 4714 Gavlnschovicze
1279 4643 1324 4715 ab
1351 4665 1430 4734 una,
1453 4643 1700 4716 etdobannem
1718 4645 1762 4718 de

215 4757 552 4859 Wyelyavvyesz
588 4765 748 4858 partibus
784 4764 828 4836 ab
864 4763 985 4853 altera
1023 4761 1248 4836 ecclesiarum
1274 4771 1445 4856 rectores,
1473 4767 1700 4840 communiter
1725 4773 1762 4842 et

216 4888 426 4961 concorditer
458 4887 559 4962 electi
587 4892 622 4960 et
648 4887 835 4978 assumpti,
862 4905 967 4977 super
993 4884 1056 4956 lite
1083 4890 1120 4956 et
1147 4887 1403 4978 controversia,
1431 4909 1520 4980 quae
1546 4890 1759 4980 vertebatur,

217 5024 273 5080 seu
297 5010 387 5082 verti
423 5009 630 5101 sperabatur
664 5010 757 5081 inter
783 5009 897 5100 ipsos,
924 5007 967 5079 de
993 5011 1031 5078 et
1057 5025 1162 5097 super
1188 5007 1332 5081 decimis
1357 5009 1631 5100 manipularibus
1656 5016 1762 5102 prout

217 5121 502 5207 in'instromento
530 5132 768 5224 compromissi
794 5149 858 5222 per
884 5130 978 5220 ipsas
1004 5131 1123 5219 partes
1150 5128 1187 5200 in
1213 5149 1278 5202 nos
1295 5129 1380 5204 tacti
1397 5132 1588 5205 clarissime
1605 5134 1762 5206 noscitur

218 5250 398 5345 condneri,
424 5252 508 5326 visis
547 5253 773 5346 petitionibus
809 5251 991 5342 utriusque
1017 5249 1149 5342 partis,
1175 5250 1306 5324 auditis
1332 5257 1369 5325 et
1394 5253 1580 5326 intellectis
1615 5253 1761 5345 diligen·

218 5369 268 5440 ter
292 5392 347 5466 ea,
376 5395 463 5467 quae
497 5375 598 5450 nobis
619 5376 660 5462 in
688 5373 828 5467 scriptis
855 5371 1028 5446 dederuut
1053 5375 1090 5444 et
1116 5378 1281 5445 oretenus
1307 5373 1484 5470 dicerunt,
1511 5381 1548 5446 et
1573 5395 1678 5468 super
1703 5376 1759 5448 bis

220 5492 367 5570 omnibus
402 5498 655 5574 communicato
691 5496 834 5571 consilio
870 5493 1109 5588 plurimorum.
1134 5495 1331 5586 sapientum
1366 5517 1408 5568 ac
1442 5496 1760 5589 utriusquepartis

219 5615 409 5698 praedictae
435 5641 604 5696 consensu
630 5619 842 5710 investigato
869 5621 905 5690 et
930 5614 1079 5706 cognito,
1106 5615 1308 5708 solenuique
1338 5617 1589 5692 deliberatione
1613 5618 1761 5709 praeha-

220 5731 296 5834 bita
320 5762 361 5816 or
388 5743 422 5821 vi
449 5743 533 5824 dicti
560 5743 798 5838 compromissi
817 5741 853 5830 in
871 5761 935 5816 nos
960 5739 1050 5835 lact,
1078 5759 1143 5834 pro
1165 5740 1257 5814 bono
1275 5740 1371 5840 peis
1389 5744 1427 5824 et
1443 5739 1649 5828 conone
1666 5742 1760 5826 iuer
