4550 6600
1686 791 1759 863 249

204 993 288 1065 item
316 991 481 1084 taberna,
518 990 601 1065 item
628 989 867 1084 hortulaniae,
905 990 948 1064 de
976 990 1100 1083 quibus
1135 992 1293 1067 omnibus
1320 993 1468 1068 solvitur
1493 1001 1530 1067 et
1557 997 1761 1071 conducitur

205 1113 357 1185 decima„
359 1167 404 1185 .....
1515 1118 1519 1125 ’

309 1232 601 1325 Wronnowiozr,
627 1234 710 1307 villa
728 1235 793 1309 sub
811 1235 975 1326 parochia
1001 1234 1044 1307 de
1071 1233 1242 1309 Sancto
1268 1234 1515 1327 Szwyrado
1542 1238 1655 1309 sita...

308 1354 454 1447 Lamus,
480 1356 565 1429 villa
590 1356 655 1429 suh
681 1356 848 1463 parochia
874 1356 917 1429 de
944 1355 1116 1429 Sancto
1143 1356 1380 1430 Szwirado
1407 1358 1486 1449 sita,
1513 1358 1612 1431 cuius
1638 1360 1759 1431 haere-

205 1476 265 1548 des
292 1476 413 1567 plures
448 1477 492 1550 de
518 1478 625 1549 annis
661 1476 908 1569 Nigrorum
943 1490 1184 1551 ceruorum
1219 1484 1256 1549 et
1290 1479 1453 1568 Ignile.
1497 1478 1537 1551 Iu
1565 1500 1634 1570 qua
1669 1480 1760 1551 lanei

204 1597 459 1689 cmethonales,
486 1599 570 1671 item
597 1598 834 1689 hortulaniae,
861 1598 944 1670 itam
972 1619 1042 1671 una
1067 1600 1216 1671 taberna
1242 1600 1375 1673 habeus
1402 1619 1525 1690 agros,
1560 1600 1760 1691 dequibus

203 1720 364 1817 omnibus
390 1720 539 1793 solvitur
565 1726 602 1793 et
629 1720 834 1794 conducitur
860 1719 994 1792 decima
1019 1720 1247 1812 manipularis
1264 1726 1301 1793 et
1318 1722 1494 1811 canapalis
1520 1741 1585 1811 pro
1612 1722 1757 1794 ccclesia

203 1841 341 1913 eteius
376 1840 523 1932 plebano
559 1842 594 1913 in
629 1841 800 1915 Sancto
835 1839 1069 1931 Swyrado,
1106 1842 1205 1913 cuius
1241 1841 1339 1915 valor
1374 1843 1578 1915 aestimatur
1605 1843 1650 1914 ad
1680 1848 1759 1915 octo

203 1980 350 2035 marcas.

881 2082 1101 2157 Rncnnnon.

306 2202 404 2283 Villa
430 2205 562 2277 hahens
588 2204 822 2297 parochialem
846 2204 1026 2277 ecclesiam
1052 2203 1204 2295 ligneam
1230 2203 1265 2275 iu
1285 2224 1333 2294 se,
1358 2203 1505 2278 Sanctae
1524 2204 1658 2279 Mariae
1677 2203 1759 2278 Vir·
1787 2230 1792 2238 ·

204 2325 274 2415 gini
310 2324 488 2415 gloriosae
524 2325 690 2416 dicatam,
727 2326 762 2398 in
790 2327 956 2399 honorem
984 2324 1190 2397 Natiuitatis
1221 2344 1325 2414 suae,
1358 2325 1456 2396 cuius
1491 2327 1688 2417 proprietas
1714 2326 1760 2397 ad

206 2448 462 2520 serenissimum
489 2446 655 2520 Polouiae
681 2466 797 2538 regem
824 2448 986 2538 pertinet
1016 2446 1056 2517 In
1084 2451 1261 2537 quaeunt
1287 2446 1379 2518 lanei
1405 2446 1649 2537 cmethonales,
1676 2447 1760 2519 item
1882 2530 1893 2541 ,

206 2569 326 2641 tabern
347 2622 466 2659 .....
494 2568 576 2641 item
604 2568 833 2668 hortulaniae,
859 2568 903 2639 de
922 2568 1047 2659 quibus
1065 2568 1225 2639 omnibus
1243 2566 1392 2639 soluitur
1409 2566 1544 2639 decima
1570 2567 1762 2657 pecrmialis

206 2710 266 2780 per
291 2710 400 2762 unium
427 2689 596 2763 fertonem
623 2690 667 2761 de
693 2690 804 2779 laneo,
830 2690 992 2780 episcopo
1020 2687 1257 2777 Gracoviensi3
1284 2689 1366 2759 item
1392 2688 1561 2778 plebanus
1587 2695 1624 2759 et
1650 2688 1760 2759 eoele-

207 2813 257 2883 sia
282 2811 393 2884 habet
419 2812 468 2883 ihi
494 2811 631 2883 ratione
665 2808 825 2900 ruceschne,
853 2810 897 2881 da
925 2809 1080 2901 quolibet
1106 2810 1208 2881 laneo
1242 2829 1307 2899 per
1332 2828 1436 2880 unam
1463 2829 1660 2881 mensuram
1687 2807 1760 2879 sili-

207 2933 293 3023 ginis
319 2938 357 3005 et
385 2953 448 3024 per
475 2953 579 3007 uuam
607 2952 749 3022 avenae3
775 2932 859 3013 item
884 2930 992 3003 habet
1018 2931 1180 3021 proprios
1207 2950 1310 3021 agros
1336 2929 1466 3001 liberos
1492 2936 1530 3002 et
1555 2936 1669 3020 prata,
1695 2949 1760 3019 pro

207 3074 266 3125 suo
293 3075 368 3145 usu,
396 3054 540 3144 praedio
568 3058 604 3126 et
631 3052 848 3143 necessitate
877 3052 960 3125 item
987 3052 1156 3142 piscinam
1182 3049 1353 3123 habetet
1379 3049 1522 3142 sylvam.

855 3293 1108 3374 Srunnrsczn.

855 3779 1119 3854 Tnueononzn.

310 3905 408 3978 Villa
432 3906 564 3978 habens
583 3905 618 3976 in
636 3921 674 3976 sc
697 3903 877 3976 ecclesiam
904 3899 1136 3992 parochialem
1164 3899 1324 3991 ligneam,
1350 3896 1478 3970 Sancto
1505 3895 1650 3968 Nicolao
1667 3896 1761 3967 ‹lica-

214 4032 290 4118 tam,
315 4028 416 4110 cuius
442 4028 566 4100 haeres
585 4081 593 4098 .
612 4080 619 4096 .
639 4081 673 4096 ..
699 4023 1022 4116 Sanspowshy,
1048 4021 1092 4094 de
1118 4020 1225 4092 armis
1244 4073 1358 4090 .....
1392 4017 1433 4090 lu
1460 4037 1530 4108 qua
1559 4023 1642 4089 sunt
1667 4015 1759 4087 lanei

214 4149 454 4238 cmethonales,
481 4149 564 4220 item
591 4148 747 4237 taberna,
774 4146 859 4218 item
886 4143 1073 4234 hortulani,
1099 4141 1143 4214 de
1169 4141 1295 4232 quihus
1321 4139 1481 4212 omnibus
1507 4137 1655 4211 soluitur
1674 4192 1681 4207 .
1701 4192 1709 4207 .
1727 4191 1762 4208 ..

214 4269 294 4341 Item
322 4270 503 4362 praedium
529 4274 585 4368 cst
611 4269 659 4340 ibi
687 4289 791 4340 unum
820 4265 980 4356 militare,
1006 4264 1050 4336 dc
1073 4264 1172 4336 cuius
1197 4243 1293 4353 agris
1319 4261 1467 4333 solvitur
1493 4259 1627 4332 decima.
1653 4257 1762 4328 mani·

216 4391 339 4480 palaris
367 4391 533 4464 ccclesiae
559 4397 597 4463 et
622 4391 697 4462 cius
724 4389 872 4480 plebano
899 4388 936 4459 in
963 4385 1316 4476 'l'bangoborza3
1343 4383 1425 4454 item
1443 4380 1551 4452 hahet
1568 4378 1617 4450 ibi
1643 4377 1762 4467 pleba-

215 4531 274 4584 uus
300 4519 336 4586 et
362 4513 509 4587 ecclesia
536 4511 695 4603 proprios
721 4529 824 4603 agros
851 4514 887 4582 ct
913 4513 1025 4600 prata,
1051 4525 1115 4597 pro
1143 4499 1207 4580 suo
1234 4525 1300 4578 usu
1326 4507 1363 4576 et
1388 4500 1606 4576 necessitate.

725 4647 767 4686 ³
863 4629 1112 4704 Lunowruzn.

314 4997 409 5072 Villa
435 4997 567 5073 habens
593 4997 630 5070 in
657 5017 694 5070 se
722 4993 903 5070 ecclesiam
931 4990 1166 5084 parochialem
1192 4988 1352 5080 ligneam,
1378 4984 1526 5058 Sanctae
1553 4977 1763 5054 catherinae

219 5117 370 5212 dicatmu,
397 5121 493 5194 cuius
519 5118 716 5210 proprietas
743 5116 787 5189 ad
814 5113 1007 5188 custodiam
1034 5109 1305 5183 Sandeczensem
1332 5107 1494 5198 pertinet.
1520 5103 1562 5174 ln
1588 5122 1656 5192 qua
1682 5105 1764 5172 sunt

221 5245 292 5313 octo
317 5241 407 5314 lanei
433 5239 677 5328 cmethonales,
703 5238 786 5310 item
813 5236 992 5324 tabernac,
1019 5233 1103 5304 item
1130 5228 1362 5319 hortulaniae,
1387 5223 1579 5316 dequibus
1605 5219 1765 5292 omnibus

222 5361 360 5436 soluitur
385 5367 421 5436 et
446 5361 651 5434 conducitur
687 5359 821 5432 decima
856 5353 1081 5446 manipularis
1116 5359 1154 5424 ct
1180 5349 1357 5440 canapalis
1390 5367 1455 5438 pro
1481 5344 1643 5435 episcopo
1679 5339 1764 5413 Ora-

224 5483 384 5576 murensi,
410 5491 447 5557 at
472 5482 570 5556 valor
595 5483 670 5554 eius
697 5479 904 5552 aestimatur
930 5475 974 5547 ad
1002 5478 1079 5546 octo
1107 5492 1252 5544 marcas.
1296 5469 1386 5542 Item
1412 5467 1462 5538 ibi
1488 5462 1668 5554 praedium
1694 5481 1775 5534 non.

225 5609 284 5694 cst;
308 5606 390 5680 item
416 5605 615 5678 ecclesiast
633 5601 801 5694 plebanus
819 5599 894 5672 eius
921 5597 1024 5668 hahet
1053 5595 1102 5666 ibi
1125 5613 1229 5683 agros
1255 5590 1416 5682 proprios
1442 5587 1571 5659 liberos
1598 5589 1634 5653 et.
1653 5588 1765 5672 prata,

225 5723 763 5812 mmmmmmm

319 5892 367 5936 Lib.
380 5893 475 5966 Bausta.
489 5893 521 5935 11.
1560 5853 1598 5902 ῃ
