4550 6600
1675 714 1750 791 nal

305 924 463 999 Gonsun
489 924 655 1015 worm,
685 924 770 996 villa
796 924 860 997 sub
887 924 1052 1014 parochia
1077 922 1121 995 de
1147 923 1515 996 Straschanczin
1542 923 1628 1013 sita,
1655 923 1752 996 carius

197 1049 371 1123 haeredes
397 1046 562 1119 Nicotaus
588 1051 625 1149 et
649 1046 826 1117 Johannes
853 1045 896 1118 de
923 1046 1030 1117 armis
1056 1050 1093 1116 et
1116 1044 1248 1116 familia
1266 1099 1379 1115 .....
1413 1044 1456 1116 In
1483 1064 1551 1136 qua
1576 1050 1658 1117 sunt
1683 1045 1752 1119 duo

196 1170 291 1242 lanei
320 1166 566 1271 cmethonales,
593 1165 636 1238 de
664 1166 788 1257 quihus
816 1166 963 1239 solvitur
982 1166 1115 1237 decima
1132 1164 1323 1256 pecunialis
1342 1165 1504 1256 episcopo
1520 1163 1753 1257 Cracouicnsi,

199 1292 242 1363 de
270 1290 430 1381 quolibet
455 1290 556 1359 laneo
582 1308 768 1377 perunum
796 1287 964 1359 lantonem
990 1288 1142 1359 latorum
1167 1307 1389 1375 grossorum3
1414 1287 1498 1357 item
1514 1292 1570 1359 est
1586 1288 1636 1358 ihi
1654 1308 1753 1377 prae-

200 1412 293 1483 dium
324 1410 478 1481 militare
504 1430 628 1497 unum,
664 1408 708 1480 de
735 1408 832 1481 cuius
859 1410 953 1498 agris
990 1408 1123 1479 decima
1158 1407 1264 1479 datur
1289 1407 1456 1479 ecclesiae
1481 1412 1518 1479 et
1544 1408 1691 1498 plebano
1717 1410 1753 1479 in

200 1531 592 1619 Straschanczin,
618 1529 715 1601 cuius
742 1529 840 1601 valor
866 1529 1069 1601 aestimatur
1095 1528 1140 1600 ad
1159 1583 1272 1599 .....

312 1652 531 1740 Romamn,
566 1650 650 1723 villa
685 1650 749 1722 suh
784 1650 950 1740 parochia
988 1650 1156 1721 ecclesiae
1190 1649 1235 1721 (le
1269 1618 1641 1721 Strascnan‘czin
1677 1650 1753 1741 sita,

200 1774 297 1845 cuius
325 1774 452 1844 haeres
478 1771 768 1863 Mykoschek
795 1770 838 1843 de
865 1770 966 1843 domo
994 1768 1267 1843 Grilfonum.
1294 1770 1334 1842 In
1353 1791 1422 1862 qua
1439 1774 1521 1843 sunt
1545 1771 1638 1843 lanei
1664 1790 1754 1843 ome-

201 1894 364 1966 thonales
385 1947 498 1963 .....
1552 1963 1559 1977 .
1798 1986 1802 1993 ι

304 2014 593 2104 Wrcnoonznn,
621 2013 705 2086 villa
722 2013 786 2085 suh
805 2012 971 2104 parochia
998 2012 1040 2083 de
1067 2010 1435 2085 Straschancziu
1462 2013 1532 2084 sita
1549 2067 1557 2083 .
1576 2067 1583 2083 .
1602 2068 1609 2084 .
1628 2068 1636 2084 .
1658 2013 1756 2085 cuius

203 2136 326 2207 haeres
346 2190 463 2205 .....
470 2150 476 2157 ·

305 2255 484 2346 Gnnnrn,
520 2254 603 2327 villa
630 2256 694 2327 suh
721 2254 886 2345 parochia
912 2253 955 2325 de
982 2254 1347 2325 Straschanczin
1384 2255 1469 2343 sita,
1504 2254 1602 2325 cuius
1630 2255 1756 2326 haeres

202 2377 375 2450 Henricus
403 2376 734 2469 Rospyerzsky
761 2374 804 2447 de
823 2375 929 2446 armis
948 2428 1061 2445 .....
1088 2374 1128 2445 In
1155 2394 1225 2465 qua
1251 2380 1334 2445 sunt
1359 2374 1450 2445 lanei
1477 2374 1710 2446 emethonales
1713 2430 1757 2445 .....

303 2498 422 2588 mnu,
458 2498 541 2568 villa
566 2497 630 2569 sub
669 2496 835 2587 parochia
870 2496 1036 2567 ecclesiae
1063 2494 1106 2566 de
1133 2494 1505 2567 Straschanczin
1540 2494 1625 2585 sita,
1660 2496 1758 2568 cuins

204 2620 326 2691 haeres
358 2619 538 2691 Johannes
572 2616 911 2709 Pothgrodsky
938 2616 981 2688 de
1008 2616 1109 2688 domo
1146 2620 1184 2687 et
1208 2615 1340 2688 familia
1357 2670 1471 2687 .....
1507 2616 1548 2687 In
1574 2636 1644 2707 qua
1677 2623 1758 2690 suut

202 2740 290 2811 lanei
317 2736 565 2827 cmethouales,
592 2738 637 2809 de
664 2738 789 2828 quihus
816 2738 974 2809 omnihus
1001 2708 1148 2809 solvitcm
1166 2790 1174 2805 .
1193 2751 1202 2806 ζ
1219 2790 1228 2806 .
1246 2790 1281 2806 ..

305 2860 438 2949 Runn,
467 2859 549 2931 villa
567 2858 630 2930 sub
649 2857 814 2949 parochia
832 2858 875 2929 de
901 2857 1269 2929 Straschanczin
1297 2858 1384 2946 sita,
1411 2856 1508 2929 cuius
1524 2858 1655 2931 haeres
1665 2856 1759 2929 idem

206 2980 384 3054 iohannes
410 2978 745 3070 Pothgrodsky
772 2978 815 3050 de
842 2978 949 3050 armis
968 3031 1082 3048 .....
1118 2978 1160 3050 In
1187 2998 1256 3067 qna
1280 2984 1363 3049 sunt
1397 2978 1490 3049 lanei
1516 2978 1758 3050 emethonales.

306 3100 510 3190 Zrnnnorc
537 3098 622 3172 villa
638 3100 703 3171 suh
721 3099 888 3189 parochia
905 3099 1069 3171 eeclesiae
1096 3096 1139 3169 de
1166 3097 1532 3170 Straschanczin
1558 3099 1635 3187 sita
1662 3100 1758 3170 cuius

207 3224 328 3295 haeres
355 3222 552 3295 Stanislaus
578 3221 609 3293 L
617 3240 795 3315 yganza
821 3220 864 3293 de
892 3220 997 3292 armis
1023 3218 1272 3292 Polukoza.
1298 3219 1339 3289 In
1358 3238 1426 3310 qna
1443 3224 1526 3291 sunt
1551 3219 1643 3291 lanei
1670 3240 1759 3291 cune-

208 3345 412 3416 thonales..‚..

119 3450 120 3457 ἵ
216 3453 220 3462 ⁴
307 3467 577 3537 Zrnnuowsnn
612 3463 774 3553 Wocrn,
811 3463 894 3534 villa
929 3463 992 3533 suh
1019 3463 1186 3553 parochia
1220 3461 1264 3534 de
1291 3461 1655 3534 Straschanczin
1682 3463 1759 3558 sita,

210 3587 300 3658 cuius
334 3588 463 3658 haeres
498 3585 587 3656 idem
621 3583 813 3656 Stanislaus
847 3583 910 3675 Ly
917 3603 1073 3673 ganza.
1109 3583 1151 3653 ln
1177 3603 1246 3673 qna
1272 3587 1355 3654 sunt
1388 3583 1481 3653 lanei
1515 3583 1759 3663 emethonales‚

211 3707 250 3779 de
276 3709 402 3798 quihus
428 3707 575 3779 solvitur
602 3709 638 3777 et
664 3703 867 3777 conducitur
893 3703 1026 3776 decima
1056 3703 1282 3794 manipularis
1308 3708 1345 3774 et
1376 3703 1554 3793 canapalis
1589 3725 1653 3793 pro
1688 3705 1761 3793 epi-

211 3834 349 3920 scopatu
376 3827 616 3916 cracoviensi,
643 3824 803 3898 et'valor
820 3825 895 3896 eins
921 3823 1124 3896 aestimator
1151 3821 1196 3895 ad
1215 3877 1222 3892 .
1241 3878 1248 3893 .
1266 3877 1301 3893 ..
1327 3822 1414 3895 Item
1440 3823 1620 3914 praedium
1645 3824 1761 3918 ihi......,
1826 3886 1837 3906 ,

485 3925 528 4046 ξ’
881 3945 1090 4016 Dnmmczn.
1235 4029 1241 4040 ¹
1717 3967 1720 3972 ·

217 4066 220 4074 '
309 4070 483 4162 Oppidum
509 4069 640 4141 hahens
666 4068 702 4139 in
729 4087 767 4140 se
785 4067 1018 4159 parochialem
1045 4065 1227 4138 ecclesiam
1252 4063 1422 4156 ligneam,
1448 4064 1594 4137 Sanctae
1620 4065 1762 4157 Marga-

212 4189 326 4262 rethae
352 4191 520 4278 dicatam,
547 4189 643 4260 cuius
669 4188 866 4279 proprietas
893 4186 937 4259 ad
963 4186 1160 4258 Johannem
1186 4183 1506 4276 Podgrodzky‚
1540 4185 1691 4258 nobilem
1717 4186 1761 4259 de

215 4309 308 4382 domo
336 4317 372 4383 et
397 4311 529 4383 familia
565 4308 830 4382 Grillonum
865 4307 1035 4399 pertinet,
1071 4307 1169 4379 cuius
1204 4307 1373 4397 plebanus
1410 4311 1446 4378 et
1476 4310 1593 4389 rector
1626 4307 1762 4397 Petrus,

214 4431 333 4502 nobilis
361 4432 533 4503 dedomo
560 4429 842 4522 Wyenyawa.
873 4428 962 4501 Item
989 4429 1024 4498 in
1052 4427 1173 4500 eodem
1198 4427 1327 4518 oppido
1355 4431 1438 4499 sunt
1463 4426 1645 4499 duodecim
1671 4428 1764 4499 lanei

206 4552 469 4643 oppidanorum,
496 4552 538 4624 de
566 4551 690 4641 quihus
714 4549 858 4641 quilibet
875 4548 919 4621 de
936 4549 1037 4621 laneo
1064 4549 1170 4620 solvit
1186 4549 1335 4639 plehano
1361 4548 1398 4620 in
1424 4548 1673 4620 Damh'icza
1698 4569 1761 4638 pro

217 4671 342 4744 decima
365 4695 474 4744 unum
509 4671 696 4761 fertonem,
734 4676 770 4743 et
804 4687 908 4742 unam
944 4689 1142 4743 mensuram
1177 4669 1343 4761 siliginis,
1380 4673 1416 4741 et
1441 4669 1588 4741 alteram
1623 4689 1763 4758 avenae3
1854 4709 1859 4722 ι

217 4792 294 4864 item
329 4795 476 4867 ecclesia
502 4799 538 4865 et
563 4793 731 4884 plebanus
756 4793 793 4863 in
820 4791 1068 4864 Dambicza
1094 4792 1201 4864 habet
1225 4790 1336 4863 honos
1362 4795 1400 4862 et
1426 4789 1559 4880 amplos
1597 4809 1701 4881 agros
1726 4796 1764 4862 ct

218 4919 330 5006 prata,
357 4936 421 5007 pro
449 4915 529 4988 dote
556 4919 592 4987 et
618 4913 761 5006 praedio
789 4933 871 5003 suo;
897 4913 982 4986 item
1008 4915 1063 4985 est
1080 4912 1130 4985 ihi
1147 4910 1329 5003 praedium
1346 4909 1497 4983 militare
1515 4911 1652 5001 honum,
1679 4911 1762 4984 item

218 5039 268 5106 est
292 5041 328 5120 et
351 5036 535 5110 advocatia
560 5034 690 5107 hahens
717 5053 841 5126 agros,
867 5033 911 5106 de
938 5033 1064 5125 quibus
1091 5031 1249 5106 omnihus
1275 5032 1424 5106 solvitur
1450 5031 1583 5104 decima
1599 5031 1764 5105 ecclesiae

219 5153 252 5225 in
275 5155 540 5248 Damhicza,
567 5157 665 5230 cuius
705 5161 786 5249 post
822 5154 997 5228 dominum
1032 5153 1195 5228 videlicet
1229 5158 1266 5227 et
1300 5153 1515 5228 advocatiam
1555 5152 1765 5227 coniunctim

220 5275 310 5350 valor
335 5279 542 5352 aestimatur
568 5277 613 5351 ad
639 5281 771 5370 septem
797 5295 940 5350 marcos.
1189 5265 1195 5274 '

316 5395 609 5491 summoves,
642 5394 726 5472 villa
752 5399 816 5472 sub
841 5397 1008 5490 parochia
1035 5395 1078 5468 de
1103 5395 1364 5488 Damhycza
1389 5394 1476 5484 sita,
1513 5393 1612 5468 cuius
1637 5394 1762 5466 haeres

221 5513 387 5592 lohannes
414 5521 540 5594 nobilis
566 5519 737 5594 dedomo
764 5525 801 5592 et
825 5517 956 5591 tamdia
982 5515 1259 5591 Grillonu-m.
1285 5517 1326 5589 In
1349 5536 1422 5607 ,qua
1449 5519 1530 5588 sunt
1555 5515 1648 5586 lanei
1673 5535 1763 5587 cmc-

223 5635 388 5733 lhonales,
422 5641 614 5734 dequibus
649 5640 807 5716 omnihus
843 5638 992 5714 solvitur
1018 5645 1054 5714 et
1080 5638 1284 5714 conducitur
1318 5637 1452 5712 decima
1477 5635 1701 5734 manipularis
1726 5639 1763 5714 et
