4550 6600
558 751 633 825 384

558 980 661 1051 agros
687 956 881 1049 praediales
918 956 1035 1033 domui
1062 959 1263 1049 contiguos,
1305 960 1390 1033 item
1416 959 1523 1033 hahet
1557 961 1757 1052 tahemam‚
1795 962 1981 1034 habentem
2005 985 2089 1055 agras

559 1103 623 1174 pro
651 1102 714 1153 sua
740 1080 965 1172 proprietate,
996 1102 1083 1173 quae
1110 1081 1216 1153 solvit
1241 1102 1306 1173 pro
1329 1101 1435 1154 66666
1461 1083 1627 1155 ccclesiae
1645 1089 1681 1155 et
1698 1084 1846 1175 plebano
1865 1083 1953 1156 duas
1969 1107 2090 1162 marcas.

662 1201 875 1276 Muonzowr
901 1201 1042 1294 Maron,
1069 1202 1153 1275 villa
1188 1204 1253 1276 sub
1284 1204 1451 1295 parochia
1486 1205 1530 1277 de
1555 1205 1731 1278 Minori
1758 1205 2006 1280 Mlodzoui
2029 1212 2091 1301 sita

563 1327 662 1399 cuius
681 1326 805 1398 haeres
823 1324 1001 1399 Johannes
1029 1325 1072 1397 de
1097 1323 1445 1418 Kuroszwanhy
1471 1326 1515 1399 de
1541 1326 1643 1400 domo
1670 1328 1856 1401 Roszae.
1884 1327 1926 1399 In
1944 1350 2010 1419 666
2028 1339 2092 1404 sunt

557 1447 716 1521 undecim
744 1468 821 1520 cum
847 1447 960 1519 medio
988 1448 1079 1519 16661
1106 1448 1348 1539 66611666166,
1375 1449 1459 1521 item
1486 1450 1633 1522 taberna
1650 1470 1721 1521 nna
1738 1450 1871 1521 habens
1889 1470 2001 1540 agros,
2024 1453 2092 1525 iten

558 1571 647 1643 duae
674 1569 893 1642 hortulaniae
928 1570 1096 1642 habentes
1124 1590 1229 1661 agros
1264 1570 1515 1661 cmethonales,
1555 1571 1750 1662 dequibus
1778 1570 1941 1643 omnibns
1967 1573 2093 1645 soluitur

564 1697 601 1765 61
626 1690 831 1765 conducitur
866 1690 999 1763 decima
1033 1692 1260 1783 manipularis
1295 1695 1331 1763 et
1362 1692 1538 1783 panopolis
1573 1714 1637 1783 pro
1673 1692 1875 1783 praebenda
1910 1692 2092 1788 Kelczieuci

505 1850 506 1855 ¹
559 1818 648 1906 61166
675 1814 803 1887 dicitur
829 1812 1124 1905 Sydlouyeczsha,
1151 1818 1188 1885 et
1205 1814 1304 1886 16161
1330 1816 1405 1886 6166
1423 1815 1628 1887 6661166161
1646 1814 1828 1917 addacem
1853 1815 2094 1888 6616661166

557 1943 611 2009 661
646 1937 696 2009 111
722 1935 904 2028 praedium
929 1936 1068 2009 unicum
1103 1936 1272 2027 militare,
1309 1941 1345 2008 et
1371 1937 1461 2008 duae
1486 1936 1716 2027 hortulaniae,
1743 1937 1916 2009 habentes
1943 1958 2040 2028 agros
2061 1961 2094 2011 er

557 2058 710 2149 praedia,
737 2058 781 2129 de
808 2058 932 2150 quihus
960 2057 1107 2130 solvitur
1134 2058 1267 2130 decima
1293 2059 1520 2149 manipularis
1546 2079 1610 2149 pro
1628 2058 1776 2130 ecclesia
1794 2057 1919 2131 Sancti
1936 2058 2121 2143 Laurentii.

433 2251 437 2255 .
556 2181 593 2253 16
619 2167 885 2271 Michalaw,
913 2180 1010 2251 cuius
1037 2180 1136 2253 valor
1163 2180 1338 2253 adunam
1364 2200 1515 2252 marcam
1542 2181 1755 2253 aestimatur.

661 2304 880 2393 Bunnczow,
907 2301 991 2374 villa
1017 2302 1080 2374 suh
1108 2303 1273 2393 parochia
1299 2302 1465 2374 ecclesiae
1491 2302 1535 2375 de
1563 2302 1731 2375 Chotel
1758 2302 1836 2393 sita,
1863 2302 1965 2374 cuius
1992 2303 2094 2376 haeres

557 2424 735 2499 lohannes
761 2422 993 2514 Obulyecz
1021 2423 1064 2495 de
1091 2423 1193 2495 domo
1220 2421 1541 2496 Odrowansch
1567 2425 1609 2495 In
1636 2444 1707 2516 666
1723 2428 1806 2496 sunt
1824 2443 1888 2496 sex
1906 2444 1985 2496 cum
2001 2424 2095 2497 media

562 2546 654 2617 lanei
681 2546 930 2637 amethonales,
958 2546 1041 2618 item
1067 2566 1137 2617 una
1163 2546 1311 2618 taberna
1336 2546 1469 2618 habens
1496 2568 1609 2638 agros,
1636 2546 1680 2618 de
1707 2546 1833 2638 quibus
1859 2546 2020 2618 omnibus
2043 2548 2095 2618 sol·

559 2670 654 2741 uitur
680 2675 717 2741 et
743 2667 946 2741 conducitur
974 2668 1107 2740 decima
1132 2668 1359 2759 manipularis
1377 2674 1415 2741 61
1427 2669 1603 2759 canapahs
1629 2690 1694 2759 pro
1720 2667 1882 2741 custodia
1910 2666 2095 2758 Visliciensi

560 2797 596 2863 et
622 2792 720 2865 valor
748 2792 822 2864 eius
850 2792 1055 2864 aestimatur
1082 2790 1126 2862 ad
1155 2810 1215 2861 sex
1241 2811 1385 2862 marcas.
1424 2791 1513 2862 Item
1539 2791 1576 2861 in
1603 2789 1821 2863 eudemum
1849 2796 1935 2862 sunt
1961 2789 2095 2861 hortab-

561 2915 648 2986 niae.
674 2914 761 2987 Item
789 2914 825 2985 16
852 2913 973 2985 eadem
1000 2913 1083 2985 villa
1109 2916 1164 2985 est
1189 2912 1372 3002 praedium
1397 2913 1556 3003 militare,
1584 2910 1627 2984 de
1645 2912 1744 2984 cuius
1770 2912 1866 3003 agris
1895 2911 2026 2983 decima
2048 2912 2094 2985 ab

559 3040 690 3109 6116616
726 3041 780 3107 661
810 3016 1027 3108 abecclesia
1061 3036 1098 3106 in
1133 3033 1318 3125 Chatel,
1358 3036 1404 3107 ad
1440 3055 1544 3127 quam
1578 3035 1761 3126 spectabat
1795 3041 1832 3106 et
1867 3033 2093 3125 spectatiore

557 3157 759 3249 parochiali,
788 3163 824 3229 et
851 3156 998 3229 soluitur
1025 3156 1191 3230 ecclesiae
1217 3158 1254 3228 16
1280 3156 1524 3229 Michalow
1556 3176 1621 3247 pen
1646 3156 1922 3247 nsmpationem,
1949 3162 1987 3227 61
2011 3155 2094 3226 datur

559 3301 648 3354 unns
667 3258 764 3352 'ferto
791 3300 854 3371 pro
882 3301 933 3352 ea.
1080 3341 1084 3349 .

659 3400 785 3492 Lmuo,
800 3402 882 3474 villa
900 3401 963 3474 sub
982 3401 1148 3493 parochia
1166 3401 1331 3474 ecclesiae
1346 3401 1389 3474 de
1391 3455 1435 3472 .....
1454 3401 1530 3474 6116.
1557 3401 1598 3472 16
1616 3421 1686 3492 666
1705 3406 1786 3472 sunt
1802 3401 1895 3472 16661
1914 3400 2091 3473 emethona·

556 3525 625 3613 les,
653 3525 736 3596 item
764 3524 910 3596 taberna
929 3579 1042 3616 .....
1069 3525 1153 3596 item
1180 3524 1357 3597 hortulani
1376 3579 1383 3594 .
1402 3578 1409 3593 .
1428 3578 1463 3614 .,
1491 3523 1534 3596 de
1561 3523 1685 3614 quihus
1712 3523 1872 3595 omnihus
1901 3523 2044 3595 solvitur
2065 3526 2092 3591 et

559 3645 763 3719 conducitur
798 3645 931 3718 decima
965 3645 1191 3738 manipularis
1219 3651 1255 3717 61
1281 3645 1458 3736 canapalis
1492 3665 1556 3736 pro
1592 3645 1739 3716 ecclesia
1773 3645 1810 3716 in
1849 3643 2091 3730 Michalou,

521 3825 523 3832 .
556 3775 592 3842 61
619 3769 717 3842 16161
743 3769 817 3842 6166
845 3770 1051 3842 6661166161
1078 3769 1123 3842 ad
1151 3768 1301 3860 quinque
1328 3787 1472 3858 marcas,
1499 3768 1582 3840 item
1608 3766 1802 3859 praedium.

632 3965 633 3970 ,
659 3891 774 3965 Villae
801 3893 1033 3984 parochiales:
1060 3890 1307 3991 Michalow
1325 3944 1440 3960 .....

1146 4013 1360 4086 Muonzowr
1386 4011 1525 4084 Muuon.

659 4136 753 4207 Villa
779 4135 911 4208 habens
938 4135 1172 4227 parochialem
1200 4135 1379 4208 ecclesiam
1405 4136 1443 4206 in
1469 4154 1516 4225 66,
1543 4133 1651 4205 Sanct
1669 4188 1676 4202 .
1696 4187 1703 4201 .
1807 4129 1979 4220 11661666,
2014 4130 2090 4200 cuins

555 4258 724 4332 haeredes
750 4257 928 4330 Johannes
956 4263 992 4328 61
1018 4257 1210 4330 8166161666
1237 4258 1280 4330 de
1307 4257 1413 4330 armis
1440 4255 1748 4346 Bippennium
1770 4257 1807 4324 et
1831 4252 1941 4324 iidem
1967 4249 2090 4343 patroni

487 4399 491 4404 ·
555 4383 595 4452 In
623 4402 691 4472 que
718 4384 799 4452 sunt
826 4379 893 4452 duo
920 4379 1012 4451 lanei
1039 4380 1282 4470 cmethonaleS,
1309 4378 1497 4469 dequibus
1525 4377 1673 4450 soluitur
1691 4381 1728 4448 61
1745 4375 1953 4448 conducitur
1979 4372 2090 4445 decima

556 4501 783 4594 manipularis
819 4506 856 4572 et
891 4499 1066 4593 canapalis
1102 4522 1165 4593 pro
1202 4501 1401 4592 praebenda
1435 4499 1650 4589 Kelczicnsi,
1690 4517 1778 4589 6666
1813 4501 1961 4570 uocatur
2003 4493 2090 4566 Silla

554 4627 743 4718 wyeczsha,
771 4630 807 4696 61
825 4624 923 4697 16161
950 4625 1025 4696 6166
1052 4623 1256 4696 6661166161
1283 4623 1328 4694 ad
1354 4622 1441 4694 duas
1467 4642 1611 4694 marcas.
1638 4621 1726 4692 Item
1753 4624 1835 4692 sunt
1857 4620 1908 4693 ibi
1936 4623 2008 4692 tres
2030 4635 2088 4688 cun

556 4749 669 4820 medio
697 4747 797 4838 lanei,
825 4748 909 4819 item
937 4751 1019 4819 6661
1045 4745 1094 4818 ihi
1112 4745 1173 4816 alii
1199 4751 1274 4818 tres
1298 4765 1374 4818 cum
1401 4743 1515 4816 medio
1541 4743 1633 4815 16661
1660 4741 1905 4832 66611666166,
1933 4741 2015 4812 item
2030 4734 2089 4826 agri

557 4871 782 4943 tabernarum
800 4874 837 4942 et
854 4868 1145 4960 hortulaniarum‚
1173 4868 1257 4940 item
1283 4865 1465 4958 praedium
1482 4886 1589 4937 unum
1611 4864 1770 4953 militare,
1797 4866 1834 4934 61
1851 4861 1897 4934 de
1913 4861 1985 4932 illis
2002 4857 2088 4932 6661·

555 4995 620 5066 hus
648 4993 794 5065 solvitur
821 4997 856 5064 et
885 4990 1090 5063 conducitur
1126 4990 1260 5063 decima
1286 4987 1511 5079 manipularis
1538 4968 1777 5077 61666666116
1813 5003 1877 5074 pro
1905 4981 2088 5055 6661661661

554 5115 702 5207 plebano
730 5115 766 5185 in
793 5113 1059 5203 Mlodzowi,
1087 5117 1123 5184 et
1150 5112 1248 5183 valor
1274 5111 1349 5183 eins
1375 5111 1579 5183 aestimatur
1606 5107 1651 5179 ad
1678 5107 1830 5198 quinque
1850 5124 1995 5176 marcas.
2019 5101 2089 5172 Item

557 5238 665 5310 habet
693 5257 814 5328 agrum
840 5256 903 5327 pro
931 5234 1074 5325 praedio
1102 5254 1165 5306 suo
1191 5233 1379 5325 plebanus,
1419 5234 1548 5306 bonum
1574 5235 1611 5302 61
1636 5226 1860 5317 saecundum,
1897 5227 1958 5317 661
1984 5223 2087 5296 dicitnr

554 5359 745 5460 Valana
763 5357 902 5449 Gora,
929 5378 999 5429 una
1021 5377 1097 5428 cum
1116 5357 1235 5447 pratis.
1262 5357 1352 5428 Item
1369 5356 1477 5429 habet
1503 5354 1684 5427 tabernam
1710 5350 1899 5442 propriam,
1926 5348 2087 5420 habentem

555 5501 668 5572 agros,
696 5501 784 5572 quae
810 5481 914 5554 solvit
940 5480 991 5552 illi
1018 5501 1082 5571 pro
1111 5500 1216 5552 censu
1242 5501 1356 5552 66666
1375 5533 1490 5549 .....
2018 5472 2021 5481 ’

658 5603 874 5694 Bannrczrn,
901 5604 985 5676 villa
1013 5603 1076 5677 sub
1104 5603 1272 5695 parochia
1298 5603 1341 5673 de
1369 5598 1616 5672 Mlodzoui
1642 5595 1817 5668 Minori
1853 5595 1931 5665 sita.
1976 5591 2087 5678 16611

555 5723 756 5798 6116116661
783 5725 1025 5818 66611666166,
1052 5727 1137 5799 item
1164 5725 1340 5813 16161666,
1368 5721 1707 5812 116616116166166,
1735 5716 1928 5811 dequibus
1956 5709 2088 5807 omnibus
