4550 6600
1770 736 1815 806 ll

267 934 303 1000 et
330 929 534 1024 conducitur
570 929 703 999 decima
730 931 957 1020 manipularis
984 937 1020 1002 et
1046 933 1223 1022 canapalis
1249 956 1314 1024 pro
1341 935 1503 1024 plebanis
1529 936 1690 1010 Omnium
1716 908 1823 1012 Sauc-
1951 917 1970 1028 ⁵,
2061 1027 2065 1035 1

259 1055 383 1120 ¹torum
409 1051 520 1140 partis
547 1050 692 1140 ligneae,
720 1050 817 1122 cuius
844 1051 942 1122 valor
970 1052 1014 1122 ad
1041 1052 1222 1124 duodecim
1248 1076 1382 1127 marcas
1407 1057 1621 1130 aestimatur.

370 1170 545 1260 Scurow,
573 1170 657 1242 villa
693 1172 757 1241 sub
794 1173 960 1260 parocbia
986 1173 1151 1246 ecclesiae
1177 1174 1220 1244 de
1247 1175 1583 1268 Dzialoszycze
1610 1181 1696 1269 sita,
1723 1182 1821 1253 cuius

266 1290 436 1362 haeredes
471 1291 624 1362 Jacouus
660 1289 937 1383 Slupowsky
973 1297 1008 1363 et
1041 1292 1191 1364 Zaklika
1226 1295 1593 1389 Miedzygorsky
1633 1300 1676 1370 de
1715 1302 1822 1372 armis

245 1411 600 1512 *Bippennium,
628 1412 663 1481 iu
691 1433 759 1502 qua
786 1417 868 1515 sunt
896 1418 1044 1503 quatuor
1070 1415 1162 1485 lanei
1189 1416 1439 1507 cmethonales,
1466 1419 1550 1489 item
1576 1419 1664 1491 duae
1691 1423 1822 1496 ortula-

270 1533 360 1622 niae,
388 1533 557 1604 habentes
584 1552 696 1622 agros,
723 1533 806 1602 item
832 1533 1011 1622 praedium
1036 1535 1217 1625 optimum,
1245 1536 1452 1616 sufficientes
1479 1540 1611 1611 habens
1638 1562 1752 1631 agros,
1779 1541 1822 1614 de

271 1653 396 1741 quibus
423 1653 580 1724 omnibus
618 1653 764 1724 solvitur
792 1658 827 1724 et
854 1654 1057 1725 conducitur
1084 1656 1469 1748 decimamanipularis
1495 1666 1532 1732 et
1558 1662 1732 1750 canapalis
1758 1684 1822 1752 pro

270 1773 414 1843 ecclesia
441 1771 599 1843 Omnium
627 1771 831 1844 Sanctorum
859 1775 992 1846 mediae
1019 1777 1130 1865 partis
1157 1778 1302 1868 ligneae,
1328 1784 1365 1851 et
1392 1780 1489 1852 valor
1515 1777 1590 1852 ei'us
1617 1781 1822 1855 aestimatur

268 1891 312 1960 ad
340 1892 457 1962 decem
484 1913 635 1980 marcas;
663 1893 747 1964 item
774 1895 918 1965 suntin
946 1894 1067 1967 eadem
1093 1897 1178 1967 villa
1203 1897 1295 1968 lanei
1321 1952 1331 1968 .
1359 1953 1367 1968 .
1395 1954 1402 1970 .

372 2009 627 2102 (tancarvilla
654 2015 718 2085 sub
745 2016 911 2104 parochia
937 2016 1227 2108 Nyegardou
1254 2019 1332 2109 sita,
1360 2021 1457 2092 cuius
1484 2022 1653 2106 haeredes
1671 2021 1823 2096 Jacobus

266 2131 540 2224 Slupowslry
567 2140 602 2204 et
629 2134 799 2208 Falislaus
827 2135 1140 2229 Ozechowsky
1166 2138 1209 2210 de
1235 2141 1342 2211 armis
1369 2139 1566 2232 Lelywa,
1593 2143 1629 2214 iu
1657 2165 1725 2234 qua
1743 2149 1824 2215 sunt

267 2259 340 2324 tres
367 2253 457 2324 lanei
485 2255 727 2346 cmethonales,
755 2257 798 2328 de
826 2258 951 2348 quibus
978 2279 1042 2348 pro
1070 2280 1175 2330 censu
1201 2265 1238 2332 et
1264 2261 1397 2332 decima
1418 2262 1626 2352 manipulari
1652 2265 1822 2354 praeben-

265 2373 329 2444 dae
366 2373 605 2465 Gracoviensi,
634 2398 721 2467 quae
758 2377 991 2450 Ozechowska
1026 2385 1189 2471 vocatur,
1218 2381 1402 2453 solvuntur
1428 2383 1578 2454 sedecim
1604 2405 1683 2456 cum
1708 2385 1824 2456 media

266 2496 412 2581 marcae.
438 2495 526 2566 Item
553 2501 635 2568 sunt
661 2498 711 2569 ibi
739 2499 807 2570 duo
835 2500 979 2590 praedia
1005 2501 1170 2575 militaria
1196 2501 1430 2591 praefatomm
1455 2501 1580 2575 Jacobi
1606 2509 1643 2576 et
1668 2505 1822 2595 Falislai,
1887 2526 1889 2535 ·

267 2622 304 2688 et
330 2622 516 2708 utrumque
543 2617 648 2690 solvit
675 2619 842 2690 decimam
869 2621 1118 2712 manipularem
1146 2621 1498 2694 ecclesianmuium
1522 2622 1725 2696 Sanctorum
1751 2647 1843 2725 meg

268 2738 347 2809 diae
374 2739 487 2828 partis
513 2738 669 2834 ligneae,
697 2746 733 2810 ot
759 2741 858 2812 valor
885 2742 959 2814 eius
987 2743 1192 2814 aestimatur
1218 2743 1263 2814 ad
1290 2764 1351 2814 sex
1377 2764 1530 2832 marcas3
1556 2745 1641 2816 item
1668 2751 1748 2816 sunt
1773 2745 1824 2816 ibi

268 2859 328 2930 alii
356 2865 506 2950 quatuor
532 2860 624 2932 lanei
652 2861 894 2952 cmethonaleS,
921 2863 1005 2934 item
1032 2885 1102 2934 una
1126 2864 1276 2935 taberna
1292 2864 1425 2936 habens
1442 2885 1556 2954 agree,
1572 2865 1654 2936 item
1674 2872 1824 2954 quatuor
1869 2874 1872 2881 “

268 2980 472 3070 ortulaniao,
499 2981 667 3052 habentes
695 3003 807 3072 agros,
835 2982 878 3053 ad
906 2983 1032 3054 milites
1060 2983 1236 3073 praefatos
1262 2984 1488 3074 pertinentes,
1506 2984 1550 3055 de
1568 2985 1693 3074 quibus
1711 2986 1822 3056 omni-

267 3102 334 3172 bus
370 3101 517 3174 solvitur
553 3107 589 3172 et
616 3101 820 3174 conducitur
846 3103 979 3174 decima
1005 3103 1231 3194 manipularis
1258 3110 1294 3175 et
1320 3104 1495 3194 canapalis
1522 3126 1586 3195 pro
1613 3105 1760 3178 ecclesia
1786 3105 1822 3176 iu
1920 3180 1924 3187 ,

267 3222 301 3293 N
309 3244 361 3316 ye
369 3223 567 3314 gardow,
595 3224 692 3294 cuius
719 3223 818 3295 valor
845 3224 1048 3296 aestimatur
1074 3223 1119 3294 ad
1146 3223 1265 3296 decem
1290 3245 1433 3296 marcas.
1535 3278 1542 3290 .

375 3344 561 3435 Gnunwn,
588 3346 671 3417 villa
689 3348 752 3418 suh
771 3346 937 3436 parochia
954 3346 997 3417 de
1014 3346 1305 3421 Dobrouoda
1332 3348 1409 3436 sita,
1427 3346 1526 3419 cuius
1544 3346 1668 3417 haeres
1687 3346 1821 3419 Johan·

270 3489 331 3539 nes
359 3467 457 3539 Felix
494 3467 537 3539 de
574 3467 797 3539 Tharnou
833 3467 876 3539 de
903 3468 1004 3539 domo
1031 3467 1233 3559 Lelywa,
1261 3469 1298 3539 iu
1324 3488 1393 3558 qua
1419 3473 1502 3539 sunt
1527 3487 1589 3538 sex
1615 3467 1709 3539 lanei
1734 3488 1824 3539 cme-

267 3588 517 3678 1110111111,-11θ
544 3587 669 3678 quibus
704 3588 851 3661 solvitur
878 3595 914 3660 et
941 3588 1146 3660 conducitur
1160 3589 1306 3660 ‘decima
1331 3588 1557 3678 manipularis
1585 3593 1620 3658 et
1646 3588 1823 3679 canapalis

267 3732 332 3801 pro
368 3710 526 3781 custodia
560 3708 776 3799 Visliciensi,
804 3716 840 3780 et
867 3710 963 3781 valor
991 3710 1065 3780 eius
1094 3711 1298 3781 aestimatur
1323 3709 1369 3779 ad
1395 3716 1530 3798 septem
1556 3729 1710 3796 marcas3
1736 3709 1820 3779 item

268 3837 324 3902 est
351 3831 399 3901 ibi
425 3829 605 3920 praedium
631 3852 737 3902 unum
764 3831 923 3920 militare,
950 3830 1034 3901 item
1062 3851 1131 3899 una
1159 3829 1341 3917 ortulania,
1368 3828 1501 3898 habens
1526 3848 1648 3917 agros,
1678 3828 1720 3897 de
1748 3828 1823 3917 qui-

267 3952 335 4023 bus
362 3951 510 4022 solvitur
537 3951 670 4023 decima
696 3950 921 4042 manipularis
948 3950 1113 4023 ecclesiae
1140 3947 1300 4021 Omnium
1327 3948 1532 4019 Sanctorum
1558 3947 1691 4018 mediae
1710 3948 1822 4037 partis

269 4073 391 4145 domus
418 4072 574 4162 ligneae,
602 4078 636 4142 et
662 4072 761 4143 valor
787 4072 860 4145 eius
888 4072 1093 4143 aestimatur
1120 4070 1165 4140 ad
1189 4090 1296 4139 unam
1322 4087 1482 4139 marcam.

376 4194 568 4281 Pressas,
596 4194 679 4264 villa
706 4194 949 4285 cognominata
974 4192 1182 4284 Pyassek
1208 4190 1356 4263 Parva
1382 4190 1446 4261 sub
1473 4189 1640 4280 parocbia
1666 4188 1710 4259 de
1737 4187 1824 4259 Ma-

267 4336 358 4407 gna
382 4314 590 4407 Pyassek
617 4314 693 4404 sita,
721 4316 818 4387 cuius
845 4314 967 4387 haeres
994 4314 1194 4405 Spithko
1220 4310 1560 4401 Melsthinsky,
1586 4310 1623 4381 iu
1650 4330 1718 4399 qua
1744 4314 1825 4388 suut

267 4438 363 4509 lanei
399 4438 649 4527 cmethonales,
677 4437 722 4508 de
753 4438 877 4527 quibus
905 4436 1053 4507 solvitur
1081 4441 1116 4507 et
1146 4434 1350 4505 conducitur
1376 4433 1510 4504 decima
1536 4430 1762 4520 manipularis
1789 4435 1827 4499 et

267 4559 446 4649 canapalis
473 4580 536 4649 pro
564 4559 766 4651 episcopatu
792 4557 1021 4649 Oracoviensi,
1050 4557 1148 4629 cuius
1175 4556 1274 4627 valor
1300 4555 1506 4627 aestimatur
1533 4552 1578 4623 ad
1604 4572 1664 4622 sex
1682 4569 1839 4639 marcas„

265 4681 360 4753 Item
396 4686 450 4751 est
485 4681 535 4751 ibi
569 4702 675 4754 uuum
712 4678 893 4771 praedium
929 4679 1097 4769 militare,
1125 4678 1168 4750 de
1195 4676 1292 4748 cuius
1319 4675 1414 4766 agris
1440 4673 1632 4746 decimatur
1659 4670 1825 4750 ecclesiae

266 4801 432 4874 Omnium
458 4801 663 4873 Sanctorum
690 4803 726 4873 in
753 4801 981 4875 Oracovia
1006 4800 1142 4872 mediae
1155 4799 1280 4890 ¹partis
1297 4797 1441 4887 ligneae,
1460 4800 1496 4867 et
1513 4793 1612 4867 valor
1629 4792 1703 4863 eius
1721 4790 1827 4870 aesti-

266 4929 389 4995 matur
416 4923 460 4994 ad
487 4922 573 4995 duas
599 4943 745 4994 marcas.

376 5042 504 5135 Lmrn,
531 5044 614 5117 villa
641 5044 704 5116 sub
731 5044 897 5136 parochia
915 5043 1079 5115 ecclesiae
1098 5041 1142 5113 de
1158 5039 1277 5132 Kyie
1301 5039 1378 5128 sita,
1404 5035 1500 5108 cuius
1524 5032 1691 5107 haeredes
1713 5032 1826 5105 Zawi-

267 5166 375 5255 scha,
401 5166 527 5237 nobilis
563 5166 606 5237 de
642 5166 743 5239 domo
780 5164 977 5269 Olobok,
1004 5170 1040 5235 et
1077 5161 1233 5253 Raphael
1259 5161 1303 5231 de
1334 5158 1439 5229 armis
1466 5156 1664 5246 Lelyua,
1692 5154 1728 5225 iu
1755 5174 1824 5244 qua

266 5292 356 5361 sunt
382 5292 455 5359 tres
482 5286 573 5359 lanei
600 5287 844 5377 cmethonales,
872 5287 956 5356 item
982 5304 1052 5355 una
1077 5283 1234 5372 taberna,
1252 5281 1385 5352 habens
1412 5298 1525 5368 agros,
1551 5276 1594 5347 de
1615 5276 1740 5367 quibus
1759 5274 1827 5346 sol·
1911 5344 1919 5359 ,

265 5410 369 5483 uitur
395 5414 430 5481 et
457 5407 660 5481 conducitur
687 5407 820 5478 decima
845 5405 1070 5497 manipularis
1098 5410 1135 5477 et
1162 5401 1337 5493 canapalis
1363 5420 1428 5490 pro
1454 5398 1661 5489 praebenda
1677 5396 1826 5476 Kielczi·

266 5530 369 5619 erasi,
398 5552 485 5619 quae
512 5536 658 5601 vocatur
684 5526 954 5615 Braechouska,
981 5526 1079 5597 cuius
1107 5525 1206 5597 valor
1241 5530 1315 5594 tres
1347 5540 1495 5592 marcae.
1538 5520 1636 5591 Item·
1663 5525 1745 5589 sunt
1777 5519 1827 5589 ibi
1908 5559 1910 5564 ·

265 5652 343 5725 duo
378 5650 522 5743 praedia
557 5649 739 5741 militaria,
774 5668 881 5722 rmum
916 5646 1104 5741 Rapbaelis
1141 5651 1176 5721 et
1210 5644 1360 5719 alterum
1394 5641 1596 5734 Zawischii,
1623 5641 1666 5713 de
1702 5639 1826 5733 quibus
