4550 6600
293 806 298 816 .
494 743 566 817 252

498 950 659 1040 episcopo
687 943 927 1031 cracoviensi,
961 947 998 1014 et
1025 940 1123 1014 valor
1149 941 1225 1012 eins
1252 937 1457 1011 aestimatur
1492 937 1652 1011 adduas
1678 957 1832 1027 mareas;
1866 937 1910 1012 de
1936 939 2050 1011 altera

497 1082 580 1143 'vero
608 1067 803 1156 medietate,
830 1064 952 1137 maian
978 1044 1151 1153 videlicet,
1177 1062 1327 1135 solvitur
1352 1065 1388 1132 el
1415 1060 1621 1133 conducitur
1647 1059 1859 1133 monasterio
1884 1066 1923 1132 et
1948 1081 2050 1131 sanc·

493 1188 728 1263 timonialibus
764 1187 799 1259 in
837 1185 1044 1276 Antiqua
1079 1182 1302 1272 Sandocz,
1337 1181 1561 1265 cuiasualor
1588 1181 1748 1253 adduas
1782 1200 1917 1253 mareas
1943 1180 2051 1253 aesti-

494 1316 619 1383 matur.
646 1310 735 1381 Item
762 1306 809 1379 ibi
838 1305 1025 1398 praedium,
1053 1304 1136 1378 item
1164 1303 1340 1393 tabernae,
1368 1302 1453 1375 item
1479 1301 1738 1374 hortulaniae..„

597 1430 818 1518 Zaconarn,
854 1426 938 1502 villa
964 1426 1027 1498 sub
1055 1425 1221 1517 parocbia
1246 1423 1290 1495 de
1325 1423 1567 1496 Lanczslro
1602 1424 1690 1513 sita,
1726 1421 1824 1497 euius
1851 1423 2052 1513 proprietas

495 1553 539 1625 ad
567 1549 844 1623 sanctimoniales
871 1546 1047 1639 praefatas
1075 1544 1237 1637 pertinet.
1263 1545 1304 1615 In
1332 1564 1401 1635 qua
1426 1564 1488 1617 sex
1514 1544 1607 1617 lanei
1633 1542 1876 1633 cmetbonales,
1902 1542 1946 1614 de
1973 1544 2053 1634 qui-

493 1676 561 1747 bus
589 1672 737 1745 solvitur
764 1676 801 1742 et
815 1668 1031 1743 ¹conducitur
1057 1667 1192 1741 decima
1217 1665 1444 1757 manipularis
1462 1669 1498 1737 et
1515 1665 1691 1755 canapalis
1717 1686 1783 1757 pro
1809 1664 2056 1737 sanctimonia-

495 1795 587 1867 libus
614 1790 927 1880 Sandeczensibus,
954 1795 990 1862 et
1017 1790 1116 1861 valor
1142 1789 1217 1861 eius
1244 1788 1450 1859 aestimator
1476 1785 1522 1858 ad
1548 1786 1701 1877 quinque
1727 1805 1881 1876 marom,
1908 1791 2055 1876 praeter

499 1924 615 1989 minen
642 1915 729 1987 duos
755 1913 884 2003 laneos,
912 1894 1106 2003 dequibus
1133 1910 1326 1983 decimatur
1343 1907 1508 1981 eeclesiae
1534 1914 1572 1980 et
1589 1907 1737 1999 plebano
1764 1906 1801 1979 iu
1826 1906 2057 1997 Lanezslro,

500 2039 596 2111 cuiuis
623 2036 722 2109 valor
748 2034 794 2107 ad
819 2054 924 2107 unam
951 2052 1169 2123 sexagenam.
1195 2032 1284 2103 item
1301 2035 1357 2105 est
1374 2030 1423 2102 ibi
1442 2028 1603 2101 scoltetia
1627 2028 1761 2101 babens
1783 2049 1887 2100 uuum
1914 2028 2056 2101 laneum

498 2160 645 2231 liberum
673 2162 709 2229 et
736 2154 968 2229 molendinum
995 2154 1192 2245 proprium,
1227 2157 1265 2224 et
1291 2150 1442 2223 decimat
1475 2155 1555 2223 octo
1589 2149 1721 2241 grossis
1761 2149 1930 2251 plebau03
1969 2148 2056 2221 item

499 2279 678 2371 praedium
706 2298 774 2349 non
801 2281 854 2347 est
880 2275 938 2365 ibi,
965 2275 1049 2345 item
1076 2272 1294 2347 hortulaniae
1319 2292 1390 2344 non
1416 2277 1507 2345 sunt

604 2399 902 2485 Mnszaowrcza,
930 2394 1014 2467 villa
1041 2394 1105 2467 sub
1132 2393 1298 2485 parocbia
1323 2392 1367 2465 de
1394 2392 1639 2480 Lanczslro
1663 2392 1742 2481 sita,
1769 2381 1869 2465 cuius
1894 2392 2057 2482 proprie-

498 2527 553 2593 tas
581 2520 625 2592 ad
653 2516 930 2590 sanctimoniales
957 2514 1212 2589 Sandeczenses
1239 2514 1400 2606 pertinet.
1426 2514 1467 2585 In
1485 2534 1555 2605 qua
1572 2520 1654 2585 suut
1676 2512 1826 2585 sedecim
1852 2511 1947 2585 lanei
1965 2533 2057 2583 eme-

499 2640 677 2731 tbonales,
713 2640 797 2711 item
824 2658 893 2711 una
928 2638 1074 2711 taberna
1107 2637 1240 2711 babens
1266 2656 1390 2728 agros,
1424 2635 1468 2708 de
1495 2634 1621 2726 quibus
1647 2632 1806 2706 omnibns
1844 2633 1995 2706 solvitur
2020 2639 2058 2705 et

363 2833 371 2846 ,
501 2762 705 2835 conducitur
731 2759 864 2833 decima
886 2758 1112 2851 manipularis
1130 2764 1167 2831 et
1184 2757 1360 2849 cauapalis
1378 2778 1443 2849 pro
1461 2756 1623 2848 episeopo
1641 2754 1873 2848 Graooviensi,
1900 2760 1939 2827 et
1956 2753 2057 2827 valor

498 2884 573 2957 eius
600 2882 807 2955 aestimatur
834 2881 879 2955 ad
906 2880 1100 2973 quindecim
1128 2899 1271 2953 marcas.
1298 2878 1386 2951 Item
1413 2876 1574 2952 scoltetia
1600 2877 1649 2951 ibi
1675 2897 1745 2955 nou
1770 2881 1836 2968 est,
1861 2876 1947 2952 ium
1974 2876 2057 2949 bor·

498 3005 651 3077 tulaniae
678 3025 746 3076 non
774 3008 864 3093 suut,
891 3002 975 3073 item
1002 3000 1220 3093 praedium...
1245 2984 1248 2998 '
1796 3062 1799 3073 .

605 3124 835 3213 Sczaanscn,
871 3122 954 3194 villa
980 3122 1045 3195 sub
1072 3121 1239 3213 parocbia
1264 3120 1308 3193 de
1334 3120 1577 3193 Lauezsko
1603 3121 1688 3210 sita,
1727 3121 1824 3193 cuius
1855 3121 2055 3212 proprietas

498 3247 543 3320 ad
570 3243 849 3318 sanctimoniales
875 3244 1037 3334 pertinet.
1064 3242 1104 3314 In
1123 3263 1194 3334 qua
1211 3248 1294 3316 sunt
1320 3247 1469 3334 quatuor
1495 3241 1586 3314 lanei
1609 3242 1854 3336 cmethoaales,
1881 3241 1968 3315 item
1986 3263 2055 3315 aua

499 3367 659 3440 scoltetia
685 3365 819 3438 habens
845 3364 932 3436 duos
959 3365 1077 3436 laneos
1104 3364 1250 3454 liberoS,
1276 3363 1320 3436 de
1347 3364 1473 3456 quibus
1499 3363 1659 3438 omnibus
1686 3363 1834 3436 solvitur
1860 3369 1898 3436 et
1925 3365 2055 3436 condu-

499 3489 590 3560 citur
617 3487 751 3559 decima
777 3484 1003 3576 manipularis
1030 3491 1066 3558 et
1093 3485 1268 3576 canapalis
1295 3506 1359 3576 pro
1386 3485 1588 3577 episcopatu
1614 3485 1854 3576 cracoviensi,
1889 3489 1928 3557 et
1953 3485 2054 3558 valor

499 3611 573 3682 eius
601 3608 645 3680 ad
673 3613 804 3699 septem
832 3626 966 3680 marcas
993 3605 1219 3696 aestimatur3
1254 3606 1419 3680 scultetos
1445 3613 1561 3680 autem
1589 3607 1724 3680 ratione
1750 3607 1925 3698 decimae,
1952 3607 2057 3680 solvit
2151 3610 2154 3615 ’

501 3731 648 3823 plebano
677 3751 740 3802 suo
767 3735 845 3812 octo
871 3749 1023 3820 grossos
1052 3729 1136 3801 item
1163 3727 1343 3820 praedium
1370 3750 1439 3802 non
1466 3734 1532 3819 est,
1558 3729 1642 3802 item
1668 3729 1836 3802 tabernae
1862 3714 1932 3802 non
1961 3734 2057 3820 sunt,

500 3854 584 3926 item
612 3850 839 3928 hortulaniae.
859 3871 928 3924 noa
956 3857 1047 3924 sunt.
1616 3857 1622 3862 ’

604 3971 923 4062 Oenotri-maozim,
950 3972 1033 4044 villa
1060 3973 1124 4044 sub
1147 3971 1312 4062 parocbia
1338 3970 1382 4044 de
1406 3971 1650 4076 Lancaslro
1677 3972 1756 4063 sita,
1782 3973 1881 4046 cuius
1898 3973 2055 4065 proprie·

501 4101 555 4165 tas
582 4093 734 4182 pertinet
761 4091 805 4162 ad
833 4091 1112 4164 sanctimoniales
1140 4091 1323 4182 praelatas.
1350 4091 1390 4164 ln
1409 4113 1478 4184 qua
1495 4098 1578 4166 suat
1593 4094 1873 4196 quatuordena
1900 4094 2055 4168 cmetbo·

500 4213 608 4301 nales,
635 4210 678 4282 de
706 4211 831 4300 quibus
858 4211 1016 4284 omuibus
1044 4211 1191 4284 solvitur
1209 4220 1245 4285 et
1262 4212 1467 4286 conducitur
1493 4205 1627 4287 decima
1651 4215 1878 4307 manipularis
1897 4221 1936 4289 et
1954 4237 2055 4288 cana-

500 4331 588 4423 palis
624 4352 687 4422 pro
715 4329 862 4402 eeclesia
896 4335 932 4402 et
957 4331 1105 4422 plebano
1142 4333 1177 4403 in
1210 4333 1472 4424 Lanczsko,
1508 4335 1606 4408 cuius
1642 4335 1740 4408 valor
1775 4336 1986 4410 aestimatur
2011 4335 2054 4410 ad

501 4459 649 4544 quatuor
677 4471 820 4542 mareas;
847 4451 931 4524 item
958 4452 1137 4544 praedium
1166 4460 1324 4545 nonest,
1351 4456 1434 4528 item
1462 4449 1622 4530 scoltetia
1648 4477 1717 4530 noa
1744 4461 1807 4549 est,
1834 4477 1948 4550 oeque
1975 4459 2056 4531 bor·

501 4574 665 4664 tulaniae,
692 4593 804 4665 neque
831 4573 1007 4646 tabernae.
1724 4637 1733 4645 .

603 4695 806 4784 Wonrczn,
833 4687 917 4766 villa
944 4695 1008 4768 sub
1035 4697 1201 4787 parocbia
1228 4697 1271 4770 de
1297 4699 1538 4772 Lanczslro
1564 4699 1643 4790 sita,
1670 4699 1769 4772 cuius
1791 4700 1997 4792 proprietas
2014 4701 2056 4774 ad

500 4815 757 4890 serenissimum
784 4815 949 4888 Poloniae
976 4837 1092 4908 regem
1119 4818 1280 4908 pertinet.
1316 4819 1356 4890 In
1383 4841 1452 4912 qna
1478 4826 1561 4892 sunt
1587 4826 1661 4893 tres
1688 4821 1780 4894 lanei
1811 4821 2055 4912 cmethonales,

501 4938 543 5010 de
571 4937 695 5028 quibus
722 4937 870 5010 solvitur
896 4943 933 5010 et
959 4937 1162 5010 conducitur
1199 4939 1333 5012 decima
1367 4939 1593 5032 manipularis
1620 4942 1860 5034 etlcanapalis
1888 4964 1959 5034 pro
1986 4945 2055 5034 epi·

502 5065 647 5149 scopata
674 5057 912 5148 cracoviensi,
948 5058 1045 5131 cuius
1072 5059 1171 5132 valor
1197 5059 1242 5132 ad
1268 5067 1341 5133 tres
1368 5081 1502 5134 mareas
1534 5063 1747 5148 aestimatur.
1791 5063 1882 5135 Item
1908 5065 1959 5136 ibi
1988 5086 2053 5136 non

499 5185 554 5252 est
580 5178 769 5271 praedium,
797 5200 865 5252 non
893 5187 947 5252 est
974 5180 1152 5272 scoltetia,
1177 5203 1247 5254 non
1273 5189 1355 5255 suat
1381 5183 1612 5274 hortulaniae,
1638 5206 1707 5256 non
1733 5161 1913 5276 ¹tabernae,
1942 5206 2052 5278 neque

500 5299 743 5373 molendinum.

603 5421 864 5514 Braunrown,
891 5423 975 5495 uilla
1001 5424 1065 5496 sab
1091 5425 1256 5513 parocbia
1282 5425 1325 5498 de
1351 5425 1593 5500 Lanczsko
1620 5418 1706 5517 sita,
1719 5429 1831 5500 -euius
1857 5430 2050 5520 proprietas

500 5539 544 5611 ad
571 5543 850 5616 sanctimoniales
878 5543 1131 5618 Sandeczenses
1158 5545 1320 5636 pertinet.
1346 5546 1387 5619 In
1406 5567 1475 5639 qua
1497 5554 1579 5620 sunt
1605 5555 1756 5640 quatuor
1782 5549 1888 5649 lanei·
1901 5552 2050 5631 cmetbo

500 5659 615 5752 uoles,
642 5661 684 5736 de
712 5665 835 5760 quibos
862 5657 1008 5743 solvitur
1035 5672 1070 5745 et
1097 5666 1303 5746 conducitur
1321 5666 1454 5757 decima
1481 5670 1709 5768 manipularis
1735 5677 1772 5748 et
1798 5671 1975 5770 cenapolis
1992 5692 2050 5772 pro
