4550 6600
1718 788 1790 867 113

348 984 657 1084 Susueoczuozs,
694 990 777 1065 villa
813 992 877 1066 sub
904 992 1070 1085 parochia
1107 976 1272 1068 ecclesiae
1308 997 1350 1068 16
1377 992 1592 1090 Lubczya
1627 998 1713 1071 alias
1748 1002 1793 1073 16

244 1110 370 1183 Wola
395 1112 730 1187 Zakliczinska
756 1116 832 1205 sita,
860 1117 957 1187 cuius
984 1118 1108 1189 haeres
1135 1116 1347 1189 Zawischins
1374 1118 1417 1189 de
1443 1119 1792 1215 1666666661-

243 1253 317 1303 666
345 1232 558 1305 cumfratre
585 1213 728 1307 Nicolao
765 1237 807 1307 16
834 1236 939 1308 armis
965 1236 1143 1309 Roszae
1178 1237 1335 1309 Albae.
1379 1238 1419 1309 Iu
1446 1261 1515 1329 qua
1549 1248 1631 1312 sunt
1657 1247 1791 1332 septem

241 1352 333 1423 lanei
360 1355 612 1444 emethonales,
648 1356 732 1427 item
760 1356 848 1428 duae
875 1358 1093 1429 hortulaniae
1119 1358 1289 1430 habentes
1316 1380 1433 1449 agroS,
1460 1360 1503 1431 16
1531 1363 1656 1451 quibus
1683 1364 1793 1433 omni-

241 1476 305 1545 bus
332 1456 774 1548 66161166616661661166
811 1477 944 1549 decima
969 1478 1194 1569 manipularis
1225 1486 1262 1549 et
1289 1480 1463 1569 canapalis
1498 1503 1562 1570 pro
1594 1482 1794 1572 praebenda

241 1593 468 1685 Wialiciensi,
506 1616 593 1685 quae
619 1602 766 1669 vocatur
792 1596 1077 1687 Widuchowska,
1114 1600 1213 1669 cuius
1238 1600 1338 1670 valor
1363 1602 1567 1671 aestimatur
1603 1602 1647 1672 ad
1674 1601 1792 1673 decem

241 1734 386 1785 marcas.
413 1715 501 1786 Item
529 1723 583 1788 661
609 1718 658 1787 111
685 1718 865 1807 praedium
892 1719 1043 1789 militare
1070 1719 1202 1790 hahens
1229 1719 1264 1789 in
1292 1740 1330 1789 66
1356 1741 1417 1791 sex
1444 1721 1571 1811 laneos,
1599 1721 1641 1791 de
1669 1722 1793 1811 quibus

243 1834 348 1905 16166
374 1834 508 1907 166166
535 1838 700 1909 ecclesiae
720 1845 756 1909 et
774 1839 922 1928 plebano
949 1840 985 1908 in
1012 1838 1409 1929 Dzyehanowicze
1435 1830 1545 1931 prope
1571 1841 1793 1932 Wyelicz·

242 1956 359 2046 kam,
387 1963 423 2027 et
449 1958 547 2029 valor
573 1960 648 2029 eius
675 1960 880 2031 aestimatur
907 1959 952 2030 ad
979 1959 1097 2030 decem
1123 1979 1268 2030 marcas.

212 2150 223 2161 ,
346 2076 631 2169 Τ666666666,
659 2080 743 2151 61116
769 2081 900 2151 161666
927 2079 1160 2169 parochialem
1188 2058 1367 2150 ecclesiam
1393 2082 1430 2150 iu
1456 2102 1494 2151 66
1521 2081 1646 2153 Sancto
1673 2080 1789 2153 Lucae

112 2254 113 2261 ,
243 2195 491 2287 Evangehstae
509 2200 667 2289 dicatam,
687 2202 783 2271 ouius
801 2199 1006 2272 16666166...
1026 2200 1292 2291 Banowsuy,
1310 2198 1500 2290 Procopius
1526 2200 1814 2293 Przybkow·¹

242 2318 333 2408 sky.
360 2319 403 2388 In
431 2340 499 2409 qua
525 2327 607 2391 sunt
632 2321 725 2391 lanei
753 2320 994 2409 cmethonales,
1022 2320 1104 2391 1166
1131 2321 1308 2409 tabernae,
1335 2322 1419 2391 item
1446 2322 1685 2411 hortulaniae;
1710 2324 1795 2394 1166

244 2439 390 2509 ecclesia
416 2446 452 2510 61
473 2441 640 2529 plebanus
668 2441 718 2512 de
733 2441 1133 2532 Dzyekanowicze
1161 2442 1268 2511 habet
1285 2442 1501 2511 666116666
1518 2464 1625 2513 6666
1651 2444 1710 2532 111,
1737 2442 1796 2533 qui

222 2614 225 2625 .
244 2558 403 2630 solvebat
420 2580 524 2631 uuam
543 2582 749 2657 sexagenum
769 2562 956 2651 annuatim,
983 2561 1044 2632 sed
1071 2560 1175 2631 hodie
1202 2562 1374 2632 violenter
1401 2563 1632 2651 pernobilem
1660 2562 1797 2633 Przib-

243 2680 433 2771 kowsky
460 2682 504 2751 ab
532 2682 676 2752 ecclesia
702 2683 872 2753 alienatus
899 2686 1016 2753 66161
1043 2682 1250 2770 6161666166,
1278 2688 1314 2752 61
1332 2689 1519 2771 propterea
1544 2684 1712 2772 plebanus
1730 2704 1794 2773 pro

244 2799 301 2870 illo
328 2800 456 2890 litigat3
485 2802 620 2872 666116
647 2808 763 2873 66166
789 2806 934 2873 vocatur
960 2800 1135 2871 Martinus
1162 2800 1408 2871 Warmnsz.

347 2921 520 3011 1166666,
547 2922 630 2992 61116
657 2922 720 2993 661
739 2922 905 3011 parochia
931 2920 1096 2991 ecclesiae
1123 2920 1167 2991 de
1192 2920 1570 3012 Dzekanowycze
1596 2922 1673 3011 sita,
1700 2922 1797 2993 cuius

244 3042 413 3112 haeredes
441 3041 633 3113 stanislaus
652 3048 688 3113 61
709 3042 887 3113 Johannes
913 3040 1306 3125 Marsalkowicze
1334 3041 1377 3112 de
1404 3040 1604 3112 Brzesze
1631 3043 1674 3113 16
1692 3043 1797 3112 armis

244 3152 434 3233 Zadora.
478 3162 518 3232 In
546 3183 615 3253 qua
641 3168 723 3235 sunt
758 3163 909 3253 quinque
947 3161 1038 3231 lanei
1065 3160 1316 3252 cmethonales,
1354 3161 1550 3251 dequibus
1589 3162 1736 3233 solvitur
1762 3168 1798 3232 61
1934 3252 1939 3261 ·

246 3283 449 3355 conducitur
485 3283 617 3355 decima
652 3283 878 3374 manipularis
916 3288 952 3356 61
979 3282 1155 3372 canapalis
1190 3304 1255 3372 pro
1281 3283 1493 3354 monasterio
1529 3282 1565 3353 in
1601 3282 1798 3373 Mogila,

237 3405 341 3476 cuius
368 3405 469 3477 valor
495 3406 539 3476 ad
566 3427 627 3476 sex
653 3425 798 3476 marcas.
837 3405 925 3490 1166
953 3405 1099 3495 quilibet
1126 3404 1170 3474 16
1196 3405 1296 3475 16666
1322 3410 1462 3475 1666166
1489 3404 1573 3475 1666
1600 3410 1636 3475 61
1663 3405 1798 3476 solvere

246 3525 412 3598 ecclesiae
448 3532 484 3596 61
510 3526 658 3616 plebano
694 3527 729 3596 iu
755 3525 1119 3596 Dzekauowicze
1155 3545 1219 3614 pro
1246 3523 1337 3595 16616
1367 3523 1542 3614 Paschae,
1577 3545 1683 3595 unum
1720 3545 1798 3594 cum

247 3647 359 3720 66116
388 3667 556 3737 grossum.
582 3647 669 3717 Item
697 3647 840 3717 suntin
867 3645 986 3716 66166
1014 3645 1096 3716 61116
1121 3645 1319 3715 661661166
1338 3651 1496 3734 quatuor,
1524 3646 1605 3715 1166
1633 3646 1799 3716 tabernae
1891 3620 1918 3723 ”,

248 3767 353 3859 1666,
383 3749 427 3838 16
453 3788 599 3858 quorum
626 3767 772 3858 quilibet
799 3765 902 3838 solvit
927 3767 1074 3855 plebano
1102 3765 1138 3834 iu
1165 3764 1566 3854 Dzyakauowicza
1603 3785 1797 3854 perunum

249 3909 418 3979 grossum:
445 3890 580 3960 6611666
607 3887 871 3959 columbationis
898 3887 1003 3958 solvit
1030 3886 1177 3976 quilibet
1207 3907 1311 3956 6666
1337 3906 1531 3957 mensuram
1559 3905 1689 3955 avenae
1716 3905 1797 3956 con-

250 4009 373 4084 166166
402 4010 576 4082 ecclesiae.

291 4227 294 4234 Ι
354 4131 533 4221 Wuunsu,
559 4112 643 4202 villa
669 4131 733 4202 sub
760 4129 926 4220 parochia
952 4129 994 4199 16
1020 4127 1359 4199 Dzekanowice
1386 4127 1473 4216 6116,
1510 4127 1607 4197 cuins
1633 4125 1802 4197 haeredes

251 4253 443 4324 Stanislaus
462 4259 498 4323 et
514 4252 691 4324 lohannes
718 4250 1096 4323 Marsalhowiczi
1123 4249 1167 4320 de
1184 4249 1290 4318 armis
1308 4248 1336 4318 Z
1346 4247 1506 4337 adora,
1534 4269 1636 4337 quam
1662 4248 1800 4319 nomine

251 4376 342 4464 regis
369 4379 499 4444 tenent.
543 4373 583 4442 Iu
612 4393 680 4462 qua
706 4379 788 4443 sunt
813 4371 971 4443 undecim
998 4371 1109 4460 lanei,
1137 4370 1180 4440 dc
1208 4369 1332 4459 quibus
1361 4369 1508 4439 solvitur
1535 4375 1571 4437 et
1598 4367 1802 4437 conducitur

252 4495 383 4566 166166
409 4493 633 4583 manipularis
662 4499 697 4563 61
723 4491 898 4582 canapalis
925 4513 988 4581 pro
1016 4490 1226 4562 monasterio
1254 4490 1289 4558 in
1308 4487 1514 4580 Mogyla,
1541 4487 1700 4557 6166166
1728 4487 1802 4556 6166

253 4615 526 4686 666116616661
553 4615 669 4684 decem
696 4633 839 4683 marcas.
866 4613 953 4683 1166
981 4617 1035 4682 661
1062 4611 1110 4681 111
1137 4631 1242 4680 6666
1269 4609 1449 4698 praedium
1475 4607 1636 4696 militare,
1663 4607 1706 4676 de
1734 4627 1800 4695 quo

253 4736 400 4807 solvitur
425 4735 559 4806 decima
584 4733 808 4823 manipularis
826 4754 890 4822 pro
909 4733 1011 4802 altari
1029 4729 1176 4802 Sanctae
1203 4729 1337 4799 Mariae
1355 4727 1611 4817 Assumptionis
1639 4727 1674 4795 in
1693 4726 1801 4796 eccle·

254 4857 304 4928 sia
329 4855 560 4946 cracoviensi,
586 4861 622 4926 61
649 4855 746 4926 66166
772 4855 847 4925 6166
874 4853 1079 4925 6661166166
1105 4851 1150 4921 61
1177 4852 1326 4942 quinque
1352 4869 1496 4919 marcas.

963 4971 1105 5045 Onnum.

356 5099 451 5170 Villa
467 5099 512 5170 in
539 5097 625 5169 colle
652 5115 758 5185 supra
783 5093 924 5166 fluvium
950 5094 1075 5165 Raba
1101 5092 1179 5181 6116,
1205 5091 1336 5161 161666
1363 5090 1399 5160 16
1426 5110 1463 5160 66
1491 5087 1669 5159 ecclesiam
1696 5107 1801 5177 paro·

256 5219 399 5291 chialem
435 5219 584 5308 hgneam
622 5215 748 5287 Sancto
784 5213 936 5287 Jobanni
972 5213 1152 5303 Baptistae
1188 5211 1370 5300 dicatam,·
1392 5209 1491 5279 cuius
1525 5208 1723 5297 proprietas
1757 5206 1802 5277 ad

256 5339 503 5412 monasterium
521 5337 787 5429 Myechoviense
814 5335 974 5426 pertinet.
1000 5333 1041 5403 ln
1060 5352 1128 5422 qua
1151 5335 1233 5402 6661
1258 5335 1390 5420 septem
1415 5326 1655 5399 tantummodo
1681 5327 1804 5396 hortu-

257 5459 368 5532 lanice
393 5461 561 5532 hahentes
588 5477 690 5548 agros
718 5457 902 5546 speciales,
938 5453 1197 5544 aequivalentes
1223 5451 1342 5540 166616,
1370 5449 1413 5520 16
1441 5449 1565 5539 quibus
1593 5447 1740 5518 solvitur
1767 5452 1804 5516 61

118 5611 119 5614 “
166 5607 167 5614 “
259 5581 460 5653 conducitur
494 5580 627 5651 decima
662 5575 888 5667 manipularis
915 5580 950 5645 et
977 5570 1151 5662 canapalis
1178 5572 1343 5642 ecclesiae
1369 5571 1406 5641 in
1434 5565 1607 5658 (lhelm,
1643 5565 1803 5638 6166166

226 5735 229 5744 ·
260 5701 331 5772 6166
358 5701 561 5773 aestimatur
587 5699 631 5770 ad
658 5705 735 5769 octo
762 5717 906 5768 marcas.
933 5693 981 5766 Et
1006 5694 1226 5784 praepositus
1242 5691 1522 5782 Myechoviensis
1536 5709 1614 5762 cum
1632 5692 1803 5759 conventu

359 5871 407 5914 Lib.
420 5869 516 5910 Benene.
529 5869 559 5908 11.
1602 5837 1638 5886 15
1698 5879 1707 5894 0
