4550 6600
1796 752 1817 822 7

265 975 328 1028 sua
353 953 565 1046 lactivitate,
603 955 675 1028 suis
703 975 840 1046 quoque
867 956 1062 1046 sumptibus
1089 956 1233 1046 pulchro
1261 977 1366 1048 opere
1391 955 1625 1046 fabricarunt,
1661 961 1698 1030 et
1724 956 1819 1030 ultra

266 1082 422 1148 caeteros
436 1077 590 1148 barones
608 1077 708 1168 regni
725 1075 901 1168 Poloniae,
920 1084 1108 1168 coeperunt
1127 1078 1286 1148 eminere.
1303 1078 1404 1150 'Erat
1420 1084 1537 1150 autem
1555 1079 1817 1168 iuspatrouatus

221 1275 225 1284 Δ
265 1197 378 1268 dictae
405 1198 570 1273 ecclesiae
597 1197 758 1269 Omnium
785 1196 988 1268 Sanctorum
1015 1219 1079 1288 per
1109 1201 1218 1270 auitos
1244 1199 1361 1296 plures
1388 1206 1425 1272 et
1450 1205 1610 1289 tempora
1634 1200 1757 1289 generi
1783 1206 1819 1270 et

265 1317 382 1391 domui
408 1319 576 1410 praelato,
603 1327 639 1390 et
665 1325 738 1390 tam
765 1319 865 1390 diviti
892 1340 993 1410 quam
1021 1320 1166 1410 pauperi
1183 1341 1288 1391 unum
1308 1326 1344 1392 et
1361 1339 1548 1410 commuue,
1575 1325 1611 1392 et
1628 1326 1709 1412 post
1725 1341 1819 1410 vero,

265 1439 357 1510 inter
384 1439 529 1512 ditiores
555 1445 591 1512 et
616 1460 787 1530 pauperes
814 1446 935 1512 coorta
971 1461 1074 1530 super
1101 1440 1194 1512 dicto
1222 1441 1297 1512 iure
1323 1446 1528 1531 patronatus
1564 1441 1754 1532 discordia,
1785 1448 1822 1512 et

268 1559 446 1650 aliquanto
473 1565 629 1652 ternpore
655 1561 842 1650 ventilata,
876 1561 1016 1632 tandem
1043 1581 1085 1632 ea
1111 1561 1309 1634 conditione
1335 1561 1473 1654 direpta
1499 1567 1568 1652 est,
1596 1569 1636 1634 ut
1661 1563 1819 1653 barones,
1959 1617 1969 1634 .

267 1681 326 1770 qui
353 1685 435 1752 tunc
454 1681 740 1770 quemadmodum
758 1687 795 1753 et
812 1682 848 1752 in
867 1682 1144 1772 praesentiarum
1162 1687 1234 1754 tam
1252 1689 1378 1773 castra,
1404 1683 1566 1754 videlicet
1578 1682 1815 1774 Melstbiu,

266 1800 469 1873 Tbarnou
496 1808 532 1873 et
558 1801 582 1873 J
586 1803 761 1876 aroslaw
789 1803 1005 1894 obtinentes,
1040 1803 1142 1874 unius
1169 1804 1281 1895 partis
1308 1805 1421 1876 dictae
1456 1804 1622 1876 ecclesiae
1656 1803 1819 1876 Omnium

264 1919 470 1994 Sanctorum
497 1924 669 2014 integram
700 1925 853 1996 habeant
886 1925 1222 2014 praesentationem,
1258 1946 1347 2016 quae
1373 1932 1457 1997 tunc
1483 1930 1519 1996 et
1544 1924 1647 1998 bodie
1674 1932 1817 1998 vocatur

260 2049 407 2116 murata.
434 2043 612 2118 Jobannes
639 2045 730 2116 enim
761 2045 1256 2135 muonicusularoovieusis,
1283 2047 1329 2118 ad
1364 2047 1476 2136 ipsam
1491 2026 1650 2120 ⁴alteram
1677 2055 1814 2138 partem

258 2165 455 2238 medietatis
482 2166 648 2238 ecclesiae
675 2165 835 2238 Omnium
862 2166 1066 2238 Sanctorum
1085 2185 1127 2238 ex
1145 2167 1425 2258 praesentatione
1442 2165 1679 2258 praefatorum
1705 2169 1813 2240 trium

261 2285 431 2359 baronum
468 2288 649 2360 institutus
685 2288 871 2378 plebanus,
909 2288 1056 2360 factivus
1083 2271 1157 2378 ipse
1184 2293 1220 2360 et
1246 2287 1420 2377 locuples,
1453 2289 1491 2360 iu
1518 2289 1610 2370 areis
1636 2287 1815 2380 praefatae

264 2407 428 2480 ecclcsiae
449 2407 609 2480 Omnium
636 2407 841 2480 Sanctorum
867 2415 940 2480 tres
967 2409 1088 2482 domos
1114 2410 1226 2482 latere
1252 2415 1388 2498 murat;
1414 2409 1560 2482 alteram
1578 2429 1662 2482 vero
1679 2416 1816 2500 partem

245 2534 300 2600 et
326 2529 545 2600 collationem
580 2529 751 2602 haberent
777 2530 836 2600 alii
863 2530 990 2600 milites
1017 2531 1127 2622 magis
1154 2536 1277 2602 tenues
1303 2537 1341 2602 et
1366 2550 1552 2622 pauperes,
1579 2530 1747 2603 haeredes
1775 2530 1818 2602 de

265 2668 409 2738 parva
435 2655 472 2720 et
497 2663 660 2740 magua
685 2649 914 2741 Pyassek,
949 2649 1128 2740 Slupow
1157 2657 1193 2722 et
1220 2649 1434 2741 Gadawa,
1470 2672 1558 2744 quae
1585 2653 1621 2724 in
1647 2652 1817 2724 hactenus

267 2774 412 2840 vocatur
438 2769 563 2859 lignea3
590 2771 634 2842 ab
662 2790 771 2861 eoque
798 2777 955 2861 ternpore
973 2763 1174 2861 idemptitas
1200 2771 1392 2860 plebanalis
1419 2772 1531 2844 dietae
1558 2771 1724 2844 ecclesiae
1750 2771 1817 2844 fuit

266 2887 437 2960 distracta
472 2896 508 2961 et
533 2889 647 2962 divisa
680 2911 790 2982 usque
820 2891 975 2962 indiam
1010 2896 1238 2980 praesentem.
1282 2891 1431 2982 Utrique
1467 2898 1582 2964 tamen
1617 2893 1755 2982 patroni
1781 2893 1818 2963 in

264 3013 412 3099 utraque
439 3014 539 3099 parte
565 3010 740 3100 plebanali
774 3030 972 3082 communes
1000 3017 1035 3082 et
1062 3010 1223 3084 confusas
1249 3011 1383 3082 habent
1409 3032 1520 3102 rocca,
1547 3019 1692 3103 propter
1718 3013 1818 3094 villas

263 3133 300 3198 et
326 3128 571 3220 haereditates,
599 3130 794 3221 exquibus
821 3131 875 3202 ius
901 3131 1082 3221 utriusque
1101 3131 1266 3202 eeclesiae
1293 3133 1490 3222 quaeritur,
1517 3133 1553 3205 iu
1572 3152 1657 3222 quas
1685 3153 1819 3205 sucees-

262 3253 392 3323 serunt
431 3249 498 3323 Est
523 3255 639 3323 autem
666 3271 757 3325 nunc
782 3252 884 3325 unius
911 3252 1022 3342 partis
1054 3251 1168 3324 dictae
1204 3252 1369 3335 ecclesiae
1406 3251 1565 3325 Omnium
1601 3252 1821 3346 Sanctorum,

238 3391 352 3461 quae
379 3377 525 3443 vocatur
559 3378 715 3463 murata,
750 3372 917 3463 plebanus
953 3372 1131 3445 Johannes
1159 3372 1202 3445 de
1230 3374 1456 3446 Tbarnow
1491 3374 1618 3445 nobilis
1644 3375 1687 3445 de
1714 3369 1816 3447 domo

263 3490 445 3583 Leliwa,
473 3494 657 3602 canonicus
684 3491 947 3583 Oracoviensis3
975 3494 1118 3574 alterius
1146 3515 1228 3567 vero
1255 3497 1376 3585 partis,
1404 3516 1493 3585 quae
1520 3500 1664 3567 vocatur
1690 3497 1814 3587 lignea,

261 3612 430 3702 plebanus
448 3619 501 3687 est
515 3615 680 3704 magister
698 3612 862 3687 Arnollbs
881 3614 924 3685 de
942 3614 1223 3708 Myrzenyecz,
1241 3616 1459 3689 decretorum
1478 3615 1610 3707 doctor,
1628 3618 1813 3688 canonicus

265 3732 514 3825 Oramviensis,
541 3736 667 3808 nobilis
694 3735 737 3809 de
764 3735 866 3819 donno
885 3790 1000 3807 .....

266 3998 502 4081 proventus
519 3999 735 4081 ccclesiae
758 3998 954 4079 Omnium
979 3996 1233 4079 Sanctorum
1257 3998 1421 4081 mediae
1449 4001 1582 4105 portia
1614 4007 1817 4088 ormano.

366 4219 667 4310 Ponsunaranu,
703 4220 787 4293 villa
813 4220 878 4291 sub
913 4220 1079 4310 parocbia
1105 4218 1149 4290 de
1175 4218 1445 4291 Modlnicza'
1478 4221 1565 4313 sita,
1600 4222 1637 4293 in
1661 4243 1735 4315 qua
1761 4228 1815 4295 est

263 4342 403 4415 unicum
438 4341 627 4433 praedium,
653 4342 785 4413 habens
822 4362 924 4432 agros
944 4316 987 4413 ¹et
1021 4347 1141 4431 prata,
1178 4342 1274 4411 cuius
1310 4342 1507 4431 proprietas
1544 4344 1637 4416 omui
1673 4344 1749 4414 iure
1776 4344 1821 4415 ad

262 4462 449 4553 plebanum
484 4460 644 4533 Omnium
671 4461 874 4535 Sanctorum
909 4462 1045 4534 mediae
1080 4462 1191 4552 partis
1226 4467 1383 4533 muratae
1419 4464 1579 4552 pertinet
1623 4464 1710 4534 Item
1738 4469 1820 4535 sunt

257 4581 313 4657 ‘ibi
338 4588 410 4655 tres
438 4583 651 4673 ortulaniac,
685 4588 721 4655 ct
747 4584 893 4675 quilibet
927 4584 1106 4655 ortulauus
1141 4584 1279 4655 laborat
1313 4604 1419 4655 unum
1447 4584 1537 4654 diem
1565 4585 1600 4654 in
1627 4585 1821 4674 septimana

261 4705 434 4795 pedester,
461 4710 497 4775 et
522 4725 627 4777 uuum
653 4703 822 4775 fertonem
848 4725 912 4794 pro
940 4725 1045 4777 censu
1071 4704 1195 4793 solvit3
1230 4705 1398 4777 decimam
1424 4711 1540 4777 autern
1566 4704 1817 4794 manipularem

263 4827 306 4897 de
333 4800 530 4899 huiusmodi
564 4826 708 4917 praedio
743 4826 829 4897 nulli
858 4825 985 4916 solvit,
1021 4826 1081 4897 scd
1114 4847 1190 4898 earn
1224 4826 1318 4899 solus
1353 4827 1502 4917 percipit
1527 4832 1564 4895 et
1589 4826 1625 4895 iu
1652 4826 1815 4898 borreum

263 4970 363 5019 suum
390 4948 531 5020 inducit.

369 5070 539 5141 Wuuuon
566 5090 709 5161 arasa,
744 5070 827 5141 villa
854 5070 917 5143 sub
952 5071 1118 5159 parocbia
1145 5070 1188 5141 de
1219 5070 1336 5141 Alba
1354 5069 1571 5139 Ecclesia
1598 5068 1684 5158 sita,
1719 5071 1816 5141 cuius

149 5184 157 5191 ’
262 5192 459 5281 proprietas
486 5192 531 5263 ad
558 5192 815 5263 serenissimum
850 5191 1014 5262 Poloniae
1046 5212 1164 5280 regern
1198 5191 1369 5280 pertinet,
1405 5192 1440 5261 in
1468 5211 1536 5279 qua
1563 5196 1645 5260 sunt
1670 5196 1818 5281 septem-

263 5312 375 5384 decim
401 5313 493 5387 lanei
511 5313 763 5403 emethonaleS,
791 5313 873 5383 item
891 5313 1039 5383 taberna
1056 5333 1134 5400 una,
1153 5312 1285 5383 habens
1303 5332 1416 5401 agros,
1444 5312 1527 5382 item
1546 5311 1720 5384 ortulania
1738 5333 1817 5402 una,

261 5454 332 5505 non
358 5433 463 5505 habet
489 5454 610 5524 agros,
646 5434 688 5505 de
716 5434 842 5527 quibus
873 5432 1031 5503 omuibus
1067 5432 1214 5503 solvitur
1240 5438 1276 5503 et
1304 5432 1508 5503 conducitur
1544 5432 1677 5503 decima
1704 5433 1814 5503 mani-

263 5554 395 5643 pularis
422 5559 457 5625 et
475 5555 650 5644 canapalis
667 5573 731 5644 pro
750 5552 910 5640 plebania
936 5553 1070 5647 mediae
1096 5554 1207 5643 partis
1233 5559 1390 5624 muratae
1416 5550 1576 5624 Omnium
1602 5552 1816 5642 Sanctorum,
1913 5589 1916 5593 ι

264 5678 302 5745 et
324 5676 422 5747 ualor
449 5677 524 5747 eius
550 5675 757 5747 aestimatur
783 5672 828 5745 ad
855 5673 1048 5766 quindecim
1074 5695 1230 5765 marcas,
1254 5676 1341 5745 item
1365 5674 1547 5765 praedium
1570 5695 1687 5747 unum.
