4550 6600
490 736 537 821 11

484 958 527 1028 de
563 957 689 1048 quibus
727 955 873 1028 solvitur
909 953 1041 1028 decima
1076 949 1302 1047 manipularis
1342 963 1377 1028 11
1416 948 1590 1047 canapalis
1638 950 1810 1030 ecclesiae
1839 951 1878 1029 in
1914 950 2045 1050 Dzye

483 1100 699 1167 rzaszna,
726 1085 763 1149 et
789 1079 887 1150 valor
915 1079 989 1149 eius
1017 1081 1221 1150 aestimatur
1247 1079 1292 1150 ad
1320 1085 1398 1151 octo
1426 1100 1570 1151 marcas.

586 1198 915 1290 Mrcrrnuowrcnu,
951 1200 1034 1272 villa
1061 1201 1124 1271 sub
1162 1201 1328 1290 parochia
1353 1201 1396 1271 de
1424 1199 1636 1273 Stradow
1667 1203 1752 1291 sita,
1792 1202 1897 1273 cuins
1924 1201 2043 1272 haeres

482 1320 609 1390 Petrus
639 1317 911 1424 GrabInshy
938 1321 981 1391 de
1009 1321 1113 1392 armis
1141 1319 1428 1412 Streparum,
1455 1323 1491 1392 in
1510 1343 1579 1412 qua
1597 1327 1679 1392 sunt
1697 1343 1759 1393 sex
1778 1323 1879 1393 lanei
1897 1322 2046 1392 emetha

483 1442 597 1530 nales,
635 1441 677 1511 dc
714 1441 838 1530 quibus
875 1441 1022 1513 solvitur
1058 1447 1094 1512 et
1129 1443 1332 1513 conducitur
1367 1443 1501 1514 decima
1536 1443 1763 1533 manipularis
1803 1449 1844 1514 et
1872 1442 2045 1531 canapalis

483 1563 649 1634 ecclcsiae
676 1563 712 1632 iu
739 1561 1078 1654 Dzyerzaszna,
1108 1569 1144 1634 11
1170 1565 1269 1634 valor
1286 1564 1361 1634 eius
1388 1565 1593 1635 aestimatur
1618 1564 1663 1634 ad
1690 1565 1850 1655 quinque
1878 1583 2023 1635 marcas.

586 1682 877 1774 Jnuunowrcza,
904 1685 988 1755 villa
1014 1685 1078 1755 sub
1106 1685 1273 1774 parochia
1300 1665 1760 1776 (11111111011111111,
1792 1687 1898 1756 cuius
1925 1685 2045 1754 haeres

482 1803 659 1876 Iohannes
688 1803 969 1896 Gzyzowslry
996 1805 1038 1876 de
1066 1807 1173 1875 armis
1200 1805 1487 1896 Polukozya,
1513 1806 1638 1896 inqua
1659 1812 1741 1878 sunt
1767 1806 1869 1876 lanei
1897 1805 2045 1876 cmetho-

485 1926 592 2015 11111,
619 1926 703 1995 1111
730 1925 917 2016 tabernae,
945 1926 1293 2016 111111111111111,
1328 1928 1411 1998 item
1440 1927 1638 2017 praedium,
1670 1927 1874 2018 dequibus
1903 1926 2045 1999 solvitur

483 2051 519 2117 et
546 2046 751 2117 conducitur
778 2045 912 2116 decima
937 2047 1164 2137 manipularis
1191 2053 1227 2118 et
1253 2047 1428 2138 canapalis
1455 2047 1620 2119 ecclesiae
1646 2048 1684 2118 in
1701 2048 2044 2139 Dzyerzaszna,

482 2175 519 2238 et
545 2168 644 2238 valor
671 2167 744 2238 eius
772 2168 976 2238 aestimatur
1003 2168 1048 2238 ad
1074 2169 1219 2258 triginta
1246 2189 1389 2240 marcas.

586 2288 885 2378 Jnuussowrczu,
920 2289 988 2358 alia
1014 2289 1097 2360 villa
1123 2291 1188 2360 sub
1215 2291 1380 2380 parochia
1415 2289 1459 2361 de
1494 2290 1799 2362 Dzerzaszna
1830 2292 1922 2380 sita,
1951 2288 2040 2359 cuins

482 2409 607 2479 haeres
633 2408 1009 2501 Moreiukowsky
1046 2410 1089 2480 de
1122 2411 1228 2481 armis
1247 2466 1361 2481 .....
1370 2467 1378 2501 ,
1411 2411 1447 2481 111
1475 2431 1544 2501 qua
1570 2418 1652 2482 sunt
1678 2411 1769 2482 lanei
1796 2409 2041 2494 cmethonales,

484 2531 526 2600 de
563 2530 686 2620 quibus
723 2529 870 2602 solvitur
906 2530 1038 2601 decima
1073 2532 1297 2622 manipularis
1337 2538 1373 2603 11
1408 2533 1584 2622 canapalis
1620 2533 1771 2623 capitulo
1809 2528 2040 2615 cracoviensi,

485 2656 521 2721 et
556 2652 654 2722 valor
690 2653 764 2724 eius
809 2653 1013 2724 aestimatur
1048 2653 1128 2724 ad.
1156 2709 1164 2724 .
1192 2709 1199 2722 .
1227 2709 1387 2744 ......,
1423 2659 1564 2744 praeter
1598 2677 1704 2725 uuum
1740 2675 1905 2745 campum
1940 2667 2040 2742 penes

483 2779 630 2844 stratam
658 2773 841 2866 publicam,
871 2795 938 2866 qua
957 2776 1028 2846 itur
1055 2775 1090 2846 11
1118 2774 1481 2865 Scarbimiriam,
1508 2776 1544 2846 iu
1562 2781 1664 2864 parte
1690 2775 1836 2847 sinistra
1863 2777 2038 2856 iacentem,

482 2894 525 2966 de
553 2916 620 2986 quo
648 2897 840 2967 decimatur
870 2897 1037 2967 ecclesiae
1065 2896 1100 2965 in
1127 2897 1429 2986 Dzyerzaszna,
1461 2902 1497 2966 et
1523 2896 1622 2967 valor
1648 2897 1801 2967 decimae
1836 2895 2039 2967 aestimatur

483 3017 526 3087 ad
542 3037 602 3088 sex
616 3038 759 3088 marcas.
787 3017 875 3087 Item
903 3021 956 3088 est
970 3017 1018 3090 ibi
1036 3016 1217 3105 praedium
1235 3016 1405 3106 militare,
1432 3017 1475 3087 de
1502 3018 1599 3088 cuius
1626 3019 1719 3107 agris
1739 3018 1890 3089 solvitur
1904 3014 2040 3087 decima,

1204 3135 1320 3208 Gonu.

585 3258 689 3349 Villa,
715 3257 848 3329 habens
875 3257 1054 3329 111111111
1074 3257 1308 3349 parochialem
1326 3259 1475 3349 ligneam
1494 3259 1530 3331 in
1549 3280 1596 3351 11,
1624 3259 1752 3332 Sancto
1770 3258 2036 3333 Bartholomaeo

484 3380 654 3471 Apostolo
682 3378 841 3470 dicatam,
868 3380 965 3451 cuius
992 3380 1161 3451 haeredes
1180 3436 1295 3451 .....

1159 3502 1370 3574 Juuruuuo.

586 3622 698 3717 Villa,
725 3624 857 3697 habens
885 3622 1062 3696 ecclesiam
1084 3624 1317 3715 parochialem
1337 3626 1372 3695 in
1392 3646 1439 3716 11,
1465 3623 1580 3715 lapide
1609 3625 1741 3715 quadro
1760 3626 1841 3698 albo
1859 3627 2035 3702 muratam,

483 3754 519 3819 11
546 3746 691 3820 Sanctae
718 3748 854 3820 Mariae
881 3746 1021 3838 Virgini
1056 3746 1327 3837 gloriosissimae
1354 3753 1391 3818 et
1418 3746 1545 3817 Sancto
1572 3746 1716 3817 Nicolao
1744 3747 1915 3837 dicatam,
1943 3741 2033 3814 cuius

482 3870 607 3941 haeres
625 3872 790 3942 Nicolaus
809 3870 928 3941 Roza
955 3870 998 3940 de
1026 3870 1487 3961 Dworzyschowicze
1513 3874 1550 3938 et
1569 3868 1733 3938 Nicolaus
1759 3862 2035 3948 Zakrzowsky

483 3990 525 4059 de
553 3991 654 4061 domo
680 3992 849 4079 Rosae3
877 3993 912 4060 in
940 4010 1009 4079 qua
1035 3996 1117 4061 sunt
1143 3990 1235 4060 lanei
1263 3989 1506 4077 cmethonales,
1533 3990 1615 4058 item
1643 3990 1819 4079 tabernae,
1847 3990 1934 4060 item
1961 3985 2036 4054 hor·

482 4109 645 4199 tulaniae,
673 4109 715 4178 de
744 4110 868 4198 quibus
906 4110 1065 4180 omnibus
1092 4109 1242 4180 solvitur
1276 4116 1311 4179 et
1345 4107 1548 4178 conducitur
1582 4109 1716 4179 decima
1750 4106 1978 4200 manipularis
2003 4102 2036 4168 et

396 4248 400 4254 ·
484 4228 658 4318 canapalis
685 4248 749 4318 pro
775 4230 1010 4299 mansionaria
1027 4228 1270 4318 Jemyelnensi.
1296 4228 1383 4297 Item
1402 4228 1451 4298 ibi
1470 4234 1524 4298 est
1540 4230 1719 4319 praedium
1745 4252 1850 4300 unum
1880 4228 2035 4305 militare,

482 4348 525 4420 de
552 4350 648 4419 cuius
676 4349 780 4418 etiam
808 4349 902 4437 agris
930 4349 1077 4419 solvitur
1102 4348 1236 4419 decima
1258 4348 1485 4437 manipularis
1512 4349 1622 4419 eidem
1649 4350 1916 4439 mansionariae,
1944 4342 2035 4416 cuius

483 4470 635 4540 decimae
672 4470 770 4540 valor
807 4468 1012 4539 aestimatur
1042 4469 1087 4539 ad
1114 4469 1232 4540 decem
1267 4488 1412 4539 marcas.
1452 4469 1540 4539 Item
1576 4471 1795 4559 praepositus
1831 4476 1867 4541 et
1895 4462 2034 4541 ecclesia

480 4590 638 4680 praefata
665 4591 772 4662 hahet
799 4590 960 4680 proprios
988 4610 1090 4679 agros
1118 4595 1154 4659 et
1179 4595 1283 4679 prata
1308 4610 1372 4679 pro
1401 4610 1463 4660 suo
1489 4612 1556 4660 usu
1583 4596 1618 4660 et
1643 4593 1862 4661 necessitate.

584 4712 942 4801 Bonzrscuowrozn,
970 4705 1054 4781 villa
1073 4711 1137 4781 sub
1156 4711 1322 4800 parochia
1348 4711 1514 4782 ecclesiae
1533 4711 1576 4781 de
1594 4710 1617 4782 J
1622 4712 1806 4801 emyelno
1834 4713 1914 4801 sita,
1941 4704 2032 4778 cuius

482 4831 649 4903 haeredes
681 4832 868 4905 Zawissius
895 4838 931 4902 et
958 4830 1124 4904 Nicolaus
1152 4831 1195 4902 de
1223 4832 1324 4903 domo
1360 4832 1558 4922 Roszae,
1594 4833 1726 4922 inqua
1763 4838 1845 4903 sunt
1879 4825 2031 4903 undecim

480 4950 572 5022 lanei
599 4954 849 5043 cmethonales,
877 4952 966 5023 duae
993 4953 1177 5043 tabernae,
1212 4953 1381 5025 habentes
1408 4973 1529 5043 agros,
1566 4957 1602 5023 et
1627 4954 1848 5024 hortulaniae
1876 4958 2030 5045 quatuor,

481 5071 524 5142 de
551 5074 676 5163 quibus
704 5075 861 5145 omnibus
889 5072 1037 5144 solvitur
1065 5073 1199 5144 decima
1224 5073 1452 5163 manipularis
1470 5079 1507 5143 et
1526 5073 1703 5163 canapalis
1722 5094 1786 5163 pro
1804 5064 2032 5145 mansionaria

481 5192 723 5284 Jemyelnensi,
750 5196 847 5266 cuius
865 5194 965 5267 valor
991 5194 1198 5265 aestimatur
1223 5195 1267 5265 ad
1294 5194 1557 5284 quatuordecim
1583 5204 1726 5265 marcas.
1760 5195 1848 5266 Item
1877 5199 1960 5267 sunt
1984 5182 2031 5257 ibi

482 5312 550 5382 duo
577 5314 730 5404 praedia,
758 5314 801 5385 de
828 5317 952 5409 quibus
980 5314 1091 5386 eidem
1118 5316 1374 5387 mansionariae
1401 5316 1601 5386 decimatur.

585 5434 763 5504 Zounwrn
790 5458 959 5525 1101110,
989 5436 1071 5507 villa
1097 5438 1162 5508 sub
1180 5437 1346 5527 parochia
1372 5438 1414 5508 de
1440 5436 1464 5508 J
1473 5456 1535 5509 11
1544 5437 1680 5527 yelno
1707 5437 1792 5528 sita,
1819 5438 1917 5509 cuius
1944 5430 2029 5506 iden

481 5551 605 5622 haeres
632 5553 797 5625 Nicolaus
823 5555 986 5645 Rosza,
1013 5557 1049 5626 in
1077 5579 1146 5647 qua
1173 5563 1255 5627 sunt
1280 5557 1372 5627 lanei
1398 5558 1641 5647 cmethonales,
1667 5558 1710 5628 de
1738 5559 1862 5648 quibus
1889 5556 2030 5629 solvitur

481 5680 517 5749 et
544 5673 748 5745 conducitur
775 5675 908 5746 decIma
935 5676 1159 5765 manipularis
1188 5682 1223 5748 et
1241 5678 1415 5767 canapalis
1440 5700 1506 5779 110
1533 5680 1740 5750 scholastria
1762 5680 1797 5749 in
1816 5680 1839 5750 J
1844 5677 2029 5773 emyeluo.
