4550 6600
1735 818 1808 895 519
1919 836 1924 843 ’

253 1002 351 1077 lanei
387 1003 639 1096 cmethonales,
680 1005 763 1078 item
799 1007 967 1083 tahemae
1003 1015 1077 1083 tres
1112 1011 1283 1088 habentes
1319 1036 1440 1110 agros,
1477 1018 1560 1094 item
1596 1017 1817 1101 hortulaniae

255 1128 373 1217 duae,
401 1129 570 1199 habentes
598 1129 704 1200 ctiam
730 1150 851 1220 agros,
888 1138 925 1203 et
951 1132 994 1204 de
1022 1134 1181 1206 omnibus
1208 1137 1354 1208 solvitur
1389 1146 1425 1211 et
1451 1142 1656 1217 conducitur
1682 1148 1818 1223 decima

254 1248 489 1339 manipularis
525 1255 562 1320 et
589 1250 765 1340 canapalis
794 1272 858 1341 pro
884 1256 1095 1326 monasterio
1124 1256 1454 1351 Szeczcchovyensi,
1485 1268 1521 1335 et
1547 1265 1645 1337 valor
1671 1268 1745 1341 eius
1773 1228 1819 1343 ad
1910 1286 1914 1298 ·

257 1371 387 1461 viginti
427 1371 578 1461 quinque
613 1392 758 1442 marcas.
798 1374 887 1444 Item
924 1380 978 1447 cst
1013 1377 1193 1466 praedium
1229 1380 1279 1451 ibi
1306 1383 1524 1475 coenobiale,
1560 1386 1603 1457 de
1630 1384 1696 1479 duo
1732 1390 1819 1462 nulli

258 1492 369 1563 solvit
396 1492 583 1581 decimam,
609 1492 765 1564 sedeam
792 1515 856 1583 pro
875 1516 912 1566 se
938 1498 1095 1588 percipit.
1135 1498 1223 1572 Item
1251 1507 1331 1572 sunt
1356 1503 1406 1574 ibi
1432 1506 1523 1596 agri,
1549 1507 1609 1579 sed
1628 1511 1729 1599 pauci
1755 1532 1818 1602 per

250 1614 498 1685 limitationem
533 1614 637 1685 villae
673 1614 934 1705 Odanchow
970 1620 1144 1711 adempti,
1184 1622 1226 1693 de
1262 1624 1387 1712 quibus
1423 1624 1557 1697 decima
1591 1631 1816 1722 manipularis

251 1736 405 1807 solvitur
431 1735 608 1807 custodiae
635 1735 916 1809 Sandomiriensi.
1620 1828 1626 1841 ἢ

359 1856 532 1946 Manow,
560 1857 647 1928 villa
675 1858 739 1929 sub
765 1843 933 1948 parochia
959 1860 1002 1931 (16
1021 1860 1357 1935 Skarzeschow
1384 1866 1468 1957 sita,
1497 1868 1593 1940 cuius
1620 1872 1816 1961 proprietas

258 1980 306 2049 ad
333 1978 604 2049 illustrissimum
630 1978 797 2083 Poloniae
833 1984 1140 2072 regempertinct.
1184 1984 1225 2055 In
1253 2004 1321 2075 qua
1348 1992 1430 2058 sunt
1466 1989 1697 2080 quadraginta
1723 1992 1816 2065 lanei

257 2100 513 2189 cmethonales,
548 2100 633 2171 item
669 2102 850 2172 tabemae'
867 2122 928 2173 6611
955 2104 1123 2175 habentes
1160 2126 1281 2195 agros,
1312 2107 1396 2178 item
1422 2109 1641 2183 hortulaniae
1668 2118 1816 2203 quatuor

257 2223 429 2293 hahentes
456 2242 577 2311 agros,
613 2222 808 2311 dequibus
835 2224 995 2295 omnibus
1022 2226 1170 2296 solvitur
1206 2234 1242 2297 et
1269 2228 1472 2301 conducitur
1500 2230 1631 2303 decima
1657 2234 1815 2324 manipu-

253 2344 342 2415 laris
368 2347 405 2414 et
431 2343 626 2433 campalis,
652 2344 830 2415 custodiae
858 2343 1149 2435 Sandomiriensi‚
1176 2348 1273 2419 cuius
1300 2349 1397 2421 valor
1425 2350 1469 2422 ad
1496 2352 1643 2441 triginta
1669 2374 1813 2426 661666.

254 2466 346 2537 1166
382 2470 438 2536 661
472 2465 522 2535 ibi
549 2462 729 2554 praedium
755 2466 894 2537 unicum
920 2467 1073 2557 regium,
1108 2468 1152 2539 de
1181 2468 1277 2540 cuius
1304 2470 1399 2560 agris
1431 2471 1623 2543 decimatur
1649 2475 1815 2547 ecclesiae

258 2590 293 2658 in
312 2588 449 2663 xNova
474 2586 652 2657 Radom.
865 2676 868 2682 Ι

362 2708 627 2797 Manowrncz,
655 2708 739 2779 villa
764 2709 878 2799 regis,
910 2710 974 2781 suh
999 2711 1167 2799 parochia
1194 2711 1237 2782 de
1264 2700 1624 2786 Sakarzeschow
1652 2716 1728 2786 sita.
1752 2716 1814 2788 ·In

259 2851 329 2920 qua
354 2833 437 2900 sunt
461 2828 578 2899 decem
605 2828 697 2899 lanei
724 2830 977 2919 cmethonales,
1005 2830 1196 2921 dequibus
1223 2832 1371 2904 solvitur
1398 2841 1432 2905 et
1447 2834 1653 2907 conducitur
1681 2836 1815 2909 decima

259 2951 486 3041 manipularis
512 2954 549 3020 et
565 2950 741 3039 canapalis
767 2972 832 3041 pro
858 2950 1016 3023 custodia
1043 2951 1332 3043 Sandomiriensi‚
1359 2954 1456 3026 cuius
1483 2956 1581 3027 valor
1608 2958 1815 3029 aestimatur

259 3074 305 3142 ad
331 3072 450 3143 decem
480 3090 634 3159 marcas,
670 3072 754 3142 item
790 3073 937 3144 taberna
972 3094 1043 3144 una
1068 3074 1201 3146 hahens
1229 3096 1350 3165 agroS,
1386 3096 1428 3147 err
1456 3078 1550 3167 agris
1577 3078 1813 3167 praedialibus

256 3194 423 3283 largitos,
455 3192 498 3264 de
525 3193 652 3282 quibus
679 3193 872 3295 decimatur
906 3186 1100 3284 manipulo,
1136 3196 1242 3266 etiam
1278 3197 1314 3266 in
1342 3196 1467 3268 Nova
1502 3197 1679 3270 Radom.
1724 3199 1814 3271 Item

254 3317 313 3388 est'
346 3317 396 3388 ihi
433 3335 540 3387 unum
575 3315 755 3405 praedium
790 3317 943 3406 regium,
980 3316 1023 3386 de
1051 3337 1119 3406 quo
1147 3316 1190 3387 (16
1217 3337 1285 3388 uno
1313 3337 1453 3408 campo,
1488 3339 1550 3390 seu
1576 3340 1661 3410 agro
1688 3341 1810 3391 versus

180 3449 184 3452 ’
253 3439 403 3528 Radom,
430 3438 623 3510 decimatur
640 3437 807 3507 ecclesiae
834 3438 869 3507 in
896 3437 1011 3509 Nova
1036 3437 1203 3527 hadom,
1230 3438 1370 3510 (1661116
1397 3443 1513 3511 autem
1549 3441 1680 3531 campis
1706 3462 1807 3532 prae·

253 3562 321 3650 dii,
350 3561 454 3632 datur
480 3559 661 3630 custodiae
688 3557 961 3631 Sandomiriensi
976 3561 1023 3630 *in
1047 3557 1272 3655 goaptbwom.

934 3677 1130 3751 Grunnius.

359 3803 454 3874 Villa
480 3802 613 3873 habens
640 3801 819 3889 ecclesiam
837 3801 1072 3891 parochialem
1089 3802 1240 3890 ligneam
1257 3801 1360 3889 1666,
1388 3799 1495 3872 Sauct
1515 3856 1522 3870 .
1542 3855 1549 3870 .
1568 3855 1575 3871 .
1595 3807 1602 3870 ζ
1621 3856 1628 3870 .
1648 3802 1808 3891 dicatam,

253 3925 300 3996 ad
340 3924 612 3996 illustrissimum
647 3922 813 3994 Poloniae
849 3942 967 4012 regem
1002 3922 1190 4012 pertinens.
1231 3921 1270 3991 ln
1299 3943 1367 4011 qua
1404 3929 1485 3992 sunt
1511 3923 1611 3993 multi
1639 3923 1751 4012 campi
1777 3930 1814 3994 et

254 4045 359 4116 multi
385 4045 586 4115 cmethones
612 4049 648 4122 et
666 4041 788 4130 coloni,
817 4063 964 4132 quorum
990 4044 1067 4132 agri
1094 4043 1130 4112 in
1148 4042 1281 4131 laneos,
1309 4042 1386 4133 plus
1406 4044 1496 4114 enim
1516 4045 1716 4115 venatoriae
1736 4045 1815 4134 arti,

256 4187 364 4257 quam
399 4165 558 4256 agrariae
594 4165 751 4235 culturae
787 4169 909 4234 extant
944 4161 1071 4254 dediti,
1107 4183 1177 4234 non
1214 4169 1295 4233 sunt
1330 4163 1506 4255 distincti3
1537 4165 1621 4235 item
1648 4165 1816 4237 tabernae

253 4287 386 4358 multae
413 4287 582 4358 hahentes
610 4306 730 4375 agros,
758 4286 841 4355 item
868 4284 1047 4355 hortulani
1073 4285 1179 4355 etiam
1206 4285 1306 4356 multi
1333 4285 1502 4357 habentes
1530 4262 1643 4376 agros,
1671 4287 1714 4357 de
1742 4287 1817 4376 qui-

255 4411 323 4480 bus
351 4408 509 4479 omnibus
528 4407 659 4496 absque
677 4405 920 4494 diminutione,
948 4404 1080 4476 decima
1098 4405 1325 4495 manipularis
1344 4411 1379 4476 et
1397 4407 1582 4496 6611666116,
1610 4407 1759 4478 soluitur
1780 4413 1818 4478 et

255 4529 461 4601 conducitur
494 4547 560 4618 pro
594 4525 753 4598 custodia
787 4527 1079 4616 Sandomiriensi‚
1116 4527 1214 4598 cuius
1250 4528 1347 4598 valor
1384 4529 1589 4599 aestimatur
1624 4527 1669 4598 ad
1688 4527 1813 4617 viginti

255 4658 408 4740 quatuor
434 4669 578 4720 marcas.
621 4649 708 4720 1166
741 4655 795 4719 661
820 4649 870 4719 ibi
896 4669 1002 4719 unum
1037 4647 1219 4737 praedium
1246 4648 1381 4738 regale,
1418 4647 1461 4718 de
1489 4649 1586 4719 cuius
1623 4647 1717 4737 agris
1745 4647 1813 4719 sol-

145 4791 154 4798 ·
253 4773 352 4844 uitur
379 4771 512 4842 decima
529 4769 755 4859 manipularis
773 4768 939 4839 ecclesiae
958 4768 994 4838 in
1013 4765 1235 4866 Gpedlna.
1255 4811 1258 4816 ·
1276 4768 1363 4837 Item
1381 4763 1463 4838 sunt
1481 4767 1530 4838 ibi
1548 4768 1625 4857 agri
1652 4773 1687 4837 et
1705 4771 1817 4856 prata,

255 4893 303 4963 ad
328 4892 513 4982 plebanum
540 4891 766 4980 pertinentes,
792 4909 857 4979 pro
884 4909 948 4960 suo
974 4909 1040 4960 usu
1068 4895 1104 4958 et
1130 4887 1347 4959 necessitate.

360 5011 555 5100 0111666,
581 5011 748 5082 1111661111
766 5009 1004 5099 parochiade
1023 5007 1083 5100 Gy
1095 5010 1145 5079 ed
1158 5008 1169 5078 l
1180 5030 1235 5079 na
1262 5009 1338 5098 sita,
1366 5009 1463 5080 cuius
1481 5008 1605 5079 haeres
1624 5007 1818 5079 Stanislaus

256 5133 607 5222 Panthlrowsky
634 5133 677 5202 de
695 5131 800 5202 armis
828 5130 1094 5220 cygnorum.
1137 5129 1745 5220 1661166661166616661116116166,
1772 5127 1816 5200 (16

258 5255 384 5345 quihus
411 5253 560 5326 solvitur
586 5260 623 5324 et
641 5253 862 5341 conducitur,
890 5252 1023 5322 decima
1049 5252 1275 5342 manipularis
1306 5257 1342 5323 et
1360 5250 1533 5340 canapalis
1552 5250 1817 5340 praepositurae
1902 5344 1904 5348 ι

257 5375 544 5462 Sandomiriensi‚
563 5375 661 5445 cuius
686 5374 785 5445 valor
802 5374 848 5444 ad
865 5373 952 5443 duas
970 5391 1105 5443 marcas
1123 5373 1338 5444 aestimatur.
1365 5373 1454 5444 Item
1473 5375 1554 5441 sunt
1571 5370 1620 5442 ibi
1639 5371 1816 5460 tahcmae‚

258 5498 343 5568 item
369 5495 610 5584 hortulaniae3
636 5495 720 5566 item
756 5501 811 5564 est
835 5495 886 5565 ibi
912 5493 1093 5582 praedium
1129 5493 1281 5564 militare
1307 5513 1431 5580 unum,
1458 5492 1501 5562 (16
1529 5510 1596 5580 quo
1624 5477 1827 5562 decimatur

257 5618 422 5689 ecclesiae
450 5618 486 5688 in
514 5615 744 5708 Gyedlna,
771 5621 815 5700 et,
832 5615 931 5687 valor
960 5668 1101 5685 ......
1731 5621 1735 5628 “

362 5736 580 5827 Gzowrczn,
605 5738 690 5808 villa
716 5737 780 5809 sub
807 5735 974 5826 parochia
999 5735 1043 5807 de
1070 5733 1282 5826 Gyedlna
1309 5735 1395 5824 sita,
1423 5735 1522 5806 cuius
1549 5733 1744 5826 proprietas
1772 5731 1817 5804 ad

362 5905 522 5948 massueto
539 5905 571 5946 11.
731 5950 734 5965 ⁴
848 5907 857 5916 ·
1609 5883 1644 5932 67
