4550 6600
1701 799 1774 872 235

222 987 432 1069 Saudecensi
469 1006 555 1061 ase
581 989 727 1063 lundata
761 992 1079 1069 archidiaconatum
1107 1017 1236 1070 novum
1263 998 1557 1092 Sandeczensem,
1583 1009 1621 1074 et
1646 1005 1781 1097 aliquas

223 1108 374 1181 decimas
409 1116 446 1183 et
481 1117 670 1203 proventus
707 1114 873 1187 ecclesiae
909 1116 952 1188 de
987 1117 1311 1211 Podgrodzye,
1338 1121 1449 1193 eidem
1485 1125 1780 1199 archidiaconatui

222 1230 344 1301 univit.
379 1230 526 1322 Aliquos
562 1254 698 1325 quoque
734 1236 896 1308 ecclesias
923 1238 1141 1327 parochiales
1167 1261 1212 1311 ex
1237 1242 1519 1314 archidiaconatu
1546 1244 1779 1339 Oracoviensi,

220 1351 263 1422 de
290 1372 460 1425 consensu
487 1354 617 1427 domini
642 1355 780 1427 Derslai
807 1358 851 1429 de
877 1358 1130 1450 Borzynow
1156 1366 1241 1432 tune
1266 1362 1502 1435 archidiaconi
1528 1364 1777 1458 cracoviensis,

220 1472 355 1563 aliquas
381 1494 465 1547 vero
493 1494 536 1547 ex
562 1477 807 1567 praepositura
841 1476 1059 1569 Visliciensi,
1094 1480 1147 1552 de'
1173 1502 1345 1554 consensu
1378 1485 1520 1574 speciali
1555 1486 1696 1559 Derslai
1733 1489 1777 1560 de

220 1592 615 1685 Krzyzanovicze
650 1602 734 1669 tunc
759 1599 950 1690 praepositi
977 1600 1212 1692 Visliciensis,
1240 1622 1328 1694 quae
1355 1624 1477 1677 versus
1505 1606 1648 1698 Alpes
1675 1609 1795 1681 Polo·.

219 1714 311 1785 niam
339 1721 377 1787 et
401 1714 618 1807 Huugariam
645 1718 928 1791 disterminantes
954 1720 1053 1812 sitae,
1079 1728 1247 1795 remotam
1274 1724 1451 1797 habebant
1476 1732 1513 1799 et
1538 1729 1583 1799 ab
1602 1729 1775 1802 archidia-

222 1839 350 1908 conatu
387 1836 624 1929 cracoviensi,
664 1843 700 1909 et
734 1860 757 1910 a
795 1842 1038 1931 praepositura
1077 1843 1294 1934 Vislicieusi,
1330 1845 1524 1937 elongatam
1565 1848 1778 1940 distantiam,

221 1956 333 2029 eidem
360 1958 596 2032 archidiaconi
623 1958 853 2033 Sandeczensi
879 1963 1052 2053 annexuit,
1079 1969 1120 2035 ut
1146 1985 1234 2036 onus
1260 1966 1297 2037 iu
1323 1966 1441 2058 plures
1468 1970 1645 2060 partitum,
1663 1971 1776 2042 levius

219 2076 303 2148 lerri
338 2084 376 2151 et
409 2079 545 2169 portari
580 2087 709 2173 posset.
749 2080 887 2154 Primus
923 2088 1039 2156 autem
1065 2084 1220 2155 eiusdem
1246 2086 1410 2159 ecclesiae
1437 2088 1684 2162 Sandeczeusis
1711 2090 1778 2163 luit

218 2196 398 2271 lohannes
423 2198 594 2273 Johannis
621 2199 664 2272 de
691 2201 1040 2296 Wyelyepolye,
1066 2203 1171 2277 homo
1196 2206 1325 2278 nobilis
1351 2208 1395 2279 de
1421 2209 1523 2281 domo
1550 2209 1776 2301 Antiquo·
1915 2302 1919 2308 p

221 2338 315 2390 rnm
342 2320 596 2413 Equorum3
623 2324 794 2395 secundus
821 2342 910 2415 vero
939 2323 1006 2397 luit
1032 2326 1200 2417 magister
1225 2326 1403 2400 lohannes
1431 2329 1606 2420 Stopka
1631 2331 1675 2402 de
1701 2332 1777 2403 Po-

220 2440 407 2529 snauia3
433 2442 559 2515 tertius
585 2442 677 2515 luit.
705 2496 712 2513 .
740 2498 748 2514 .
775 2444 818 2516 de
845 2444 1124 2537 Bothurzyn,
1152 2446 1207 2516 vir
1232 2446 1360 2519 nobilis
1378 2447 1421 2519 de
1439 2448 1541 2521 domo
1568 2448 1775 2541 czewuya

221 2560 387 2633 Continet
413 2568 529 2635 autem
556 2564 857 2659 archidiaconatus
875 2565 1123 2670 Sandeczensis
1142 2589 1211 2638 non
1229 2588 1358 2659 paucas
1376 2568 1539 2641 ecclesias
1557 2571 1775 2661 parochiales

219 2682 283 2753 sibi
310 2702 476 2774 annexas,
504 2704 592 2775 quae
620 2685 803 2775 specialem
830 2686 1151 2760 archidiaconatum
1177 2688 1412 2779 requirebant,
1440 2690 1533 2779 quod
1559 2690 1712 2780 prudens
1739 2695 1777 2762 et

218 2802 326 2875 solers
352 2803 513 2895 pontifex
537 2804 708 2898 Sbiguens
735 2806 1032 2897 animadvertens,
1059 2828 1127 2878 uon
1154 2807 1327 2879 immerito
1354 2809 1494 2899 plagam
1519 2810 1613 2880 illam
1631 2811 1774 2900 speciali

143 2948 146 2957 ·
220 2924 503 2999 archidiaconatu
529 2926 564 2997 iu
593 2946 655 2998 suo
681 2926 885 3018 pontificatu
904 2928 1051 2999 ornavit.
1077 2927 1131 2998 Ne
1149 2932 1263 2999 auam
1282 2930 1326 3000 de
1344 2929 1499 3001 ecclesiis
1516 2931 1773 3021 parochialibus

219 3044 308 3117 dicto
343 3046 644 3122 archidiaconatui
678 3047 909 3121 Sandeczensi
945 3069 1008 3139 per
1042 3046 1238 3140 praefatum
1273 3048 1461 3139 Sbigneum
1497 3050 1708 3122 cardinalem
1735 3056 1773 3121 et
1820 3032 1831 3043 ⁰

219 3168 417 3259 episcopum
444 3167 707 3242 cracoviensem
734 3170 908 3259 subiectis,
934 3169 1042 3241 unitis
1069 3174 1106 3241 et
1130 3168 1372 3260 incorporatis,
1395 3170 1513 3260 aliqua
1538 3170 1710 3243 dubitatio
1736 3172 1773 3242 iu

218 3294 395 3381 posterum
423 3291 535 3382 possit
560 3291 616 3364 vel
643 3290 818 3366 cavillatio
845 3290 1014 3382 suboriri,
1042 3311 1101 3363 eas
1127 3295 1165 3363 et
1190 3290 1381 3384 quamlibet
1407 3312 1527 3363 earum
1554 3313 1597 3363 ex
1623 3292 1773 3382 nomine,

220 3433 293 3484 cum
324 3432 447 3484 earum
481 3414 707 3505 proventibus
742 3419 779 3486 et
813 3413 1014 3486 introitibus
1046 3412 1220 3485 universis
1255 3412 1501 3484 describendas
1528 3413 1711 3504 duximus,
1737 3419 1775 3484 et

221 3532 448 3608 describimus
474 3535 685 3626 singillatim.

321 3655 664 3729 Sandeczensis
700 3657 922 3747 ecclesia,
949 3657 986 3727 in
1021 3656 1161 3727 titulum
1197 3654 1345 3727 &natae
1371 3654 1620 3744 Margarethae
1646 3655 1772 3744 dicata,

222 3799 304 3868 qnae
332 3777 506 3870 quondam
533 3777 600 3850 luit
624 3777 842 3869 parochialis,
869 3782 906 3849 et
923 3778 959 3848 in
977 3777 1158 3850 ecclesiam
1176 3775 1393 3864 collegiatam
1411 3775 1584 3845 translata
1602 3781 1665 3845 est.
1683 3776 1772 3845 ltem

222 3899 363 3971 ecclesia
399 3898 517 3972 Sancti
549 3898 672 3973 Jacobi
699 3899 908 3991 parochialis
934 3900 970 3970 in
997 3895 1328 3987 Podagrodzye
1355 3895 1467 3966 eidem
1493 3880 1659 3966 ecclesiae
1686 3893 1772 3965 San-

222 4019 396 4111 deczensi,
431 4026 469 4092 et
503 4021 710 4112 praesertim
745 4019 1042 4092 archidiaconatui
1077 4017 1306 4090 Sandeczensi
1341 4017 1584 4106 incorporata,
1610 4015 1710 4087 unita
1735 4021 1773 4086 et

221 4141 437 4233 inviscerata,
465 4141 755 4234 descriptionibus
782 4163 852 4215 non
879 4140 1032 4232 indiget3
1058 4139 1141 4211 dum
1167 4138 1259 4210 enim
1276 4137 1440 4209 ecclesias
1459 4137 1659 4227 collegiatae
1677 4136 1773 4207 dioe-
1834 4197 1840 4213 ,

222 4265 305 4336 cesis
330 4261 574 4338 Gracovieusis
601 4262 880 4336 describebamus
907 4281 984 4334 cum
1011 4261 1083 4334 suis
1109 4259 1354 4352 proventibus,
1381 4257 1594 4332 sufficienter
1619 4278 1683 4348 per
1708 4277 1772 4328 nos

222 4384 414 4480 descriptae
440 4391 531 4478 sunt,
557 4405 634 4459 cnm
661 4405 781 4457 earum
807 4384 1043 4476 proventibus,
1070 4387 1106 4454 et
1131 4400 1305 4473 expresse.

803 4505 980 4589 Aurrom
1006 4504 1190 4577 Sarnaca.

320 4629 513 4721 Oppidum,
540 4629 713 4721 quondam
748 4627 865 4700 nobile
901 4632 938 4699 et
963 4625 1126 4718 frequens
1162 4624 1297 4696 civibus
1323 4628 1360 4695 et
1385 4621 1655 4710 mercatoribus,
1681 4639 1774 4690 nunc

224 4773 302 4825 vero
329 4753 426 4826 vicus
453 4750 625 4842 ignobilis,
651 4751 784 4823 habeus
810 4750 848 4822 in
874 4769 912 4822 se
939 4749 1118 4820 ecclesiam
1144 4745 1380 4837 parochialem
1398 4747 1580 4832 muratam,
1598 4761 1642 4811 ex
1660 4740 1771 4811 latere

224 4878 257 4945 et
280 4873 396 4966 lapide
422 4873 636 4964 fabricatam,
663 4871 816 4944 Sancto.
840 4925 848 4941 .
876 4926 883 4942 .
911 4925 918 4940 .
946 4869 1105 4960 dicatam,
1133 4868 1231 4939 cuius
1256 4867 1519 4956 iuspatronatus
1543 4868 1583 4933 et
1608 4881 1772 4952 praesen·

224 4995 315 5066 tandi
350 4994 396 5066 ad
431 4993 707 5067 sanctimoniales
743 4993 786 5065 de
822 4992 1019 5083 antiqua
1046 4989 1252 5062 Sandecz
1278 4986 1448 5078 pertinet,
1476 4983 1574 5055 cuins
1600 4983 1770 5074 plebanus

224 5115 403 5189 modernus
431 5121 507 5188 est.
534 5172 541 5186 .
569 5171 577 5187 .
605 5137 630 5186 .:
657 5115 802 5187 ecclesia
827 5119 945 5186 autem
970 5110 1128 5204 praelata
1154 5129 1219 5201 pro
1245 5107 1419 5181 suadete
1445 5105 1554 5177 habet
1579 5160 1587 5175 .
1615 5159 1622 5174 .
1650 5159 1657 5174 .
1683 5102 1772 5173 Item

224 5234 402 5309 ineodem
438 5237 565 5329 oppido
601 5241 683 5309 sunt
718 5236 811 5308 lanei
839 5234 1088 5327 oppidanorum
1116 5232 1194 5324 plus
1221 5249 1325 5322 qnam
1351 5228 1550 5317 sexaginta,
1576 5225 1620 5296 de
1647 5223 1773 5314 quibus

225 5357 382 5448 oppidani
417 5358 558 5432 solvunt
592 5377 657 5450 pro
684 5357 835 5448 decima,
860 5376 904 5428 ex
931 5359 1033 5447 pacto
1060 5359 1097 5426 et
1122 5351 1280 5441 foedere,
1307 5347 1523 5440 episcopatui
1550 5344 1783 5445 cracoviensi

226 5479 318 5551 annis
344 5479 489 5572 singulis
525 5480 708 5572 sexaginta
733 5499 885 5570 marcas,
912 5479 982 5550 nen
1010 5476 1151 5548 solvunt
1177 5473 1346 5570 decimam
1375 5467 1598 5559 canapalem;
1624 5467 1708 5537 item
1734 5465 1772 5535 in

226 5597 338 5672 eodem
364 5600 491 5693 oppido
519 5605 574 5677 est
599 5600 847 5674 monasterium
873 5603 1058 5688 muratum,
1084 5597 1121 5668 in
1147 5597 1316 5672 honorem
1342 5591 1489 5668 Sanctam
1516 5587 1709 5676 Trinitatis,
1735 5585 1804 5703 ἰιιΧ

229 5739 291 5811 quo
316 5729 567 5802 consueverunt
593 5727 687 5804 stare
713 5721 880 5806 moniales
915 5720 1096 5828 sexaginta
1121 5717 1197 5808 Deo
1224 5715 1379 5813 dicatae,
1412 5713 1498 5791 item
1523 5707 1775 5790 monasterium
