4550 6600
617 962 798 1033 Nos'zelr
825 982 917 1033 nona
943 982 1026 1033 area
1052 963 1125 1034 sive
1152 962 1275 1034 domus
1300 982 1404 1035 unsrn
1431 981 1591 1033 marcam.

615 1082 785 1155 Matthias
812 1082 992 1155 Nastka
1018 1084 1150 1155 decima
1175 1104 1258 1155 area
1282 1104 1387 1155 marn
1412 1102 1572 1155 marcam.

620 1203 909 1275 Bartholomaeus
936 1204 1076 1275 Stoch
1102 1204 1285 1275 undecima
1312 1224 1396 1275 area
1421 1204 1527 1275 solvit
1552 1222 1656 1275 onam
1680 1194 1841 1274 marcam.
1949 1294 1954 1301 Ι

618 1323 885 1415 Byernasth
911 1324 1114 1396 duodecima
1153 1325 1275 1396 domus
1301 1326 1375 1395 sire
1401 1343 1484 1394 area
1510 1344 1614 1394 unam
1650 1344 1727 1395 cum
1753 1322 1870 1395 media
1905 1342 2061 1394 marcam.

565 1432 568 1439 ⁴
618 1444 796 1517 lohannes
822 1444 1083 1536 Ossyeczek
1110 1444 1300 1517 tredecima
1326 1464 1410 1517 area
1434 1466 1543 1515 unam.
1564 1464 1724 1516 marcam.

621 1566 831 1656 Regulka
858 1566 1115 1656 quartadecima
1142 1566 1264 1637 domus
1290 1585 1394 1637 uuam
1421 1584 1581 1636 marcam.

616 1686 878 1776 Quintauocima
903 1707 993 1776 arca,
1021 1688 1171 1777 quinque
1196 1706 1338 1775 grossos
1364 1690 1402 1756 et
1428 1707 1533 1756 unum
1548 1686 1652 1757 'diem
1678 1687 1715 1755 in
1741 1686 1943 1775 septimana

617 1808 856 1881 Sextadecima
883 1808 1032 1902 quinque
1057 1826 1200 1902 grossos
1226 1812 1263 1878 et
1288 1826 1394 1878 unum
1421 1806 1513 1878 diem
1538 1807 1575 1877 in
1602 1806 1805 1897 septimana.

619 1932 762 2002 Decima
788 1932 936 2021 septima
954 1986 1094 2003 ......

617 2052 760 2122 Decima
786 2058 910 2125 octava
936 2074 1019 2125 area
1046 2054 1151 2125 solvit
1169 2108 1330 2126 .......

626 2172 817 2245 Balneator
843 2174 975 2246 decima
1001 2196 1093 2247 nona
1119 2174 1241 2247 domus
1268 2148 1373 2247 solvit
1399 2182 1435 2246 et
1461 2174 1504 2247 de
1530 2177 1696 2265 taberna,
1732 2182 1768 2246 et
1795 2174 1838 2245 de
1865 2172 2065 2244 hortulanis

513 2296 588 2362 tres
614 2292 786 2384 fertones,
814 2301 849 2365 et
868 2296 1011 2385 siugulis
1030 2298 1232 2387 septimanis
1250 2298 1384 2369 duabus
1402 2297 1561 2387 plebano,
1588 2296 1729 2367 vicariis
1756 2300 1792 2367 et
1819 2316 1939 2366 eornm
1965 2292 2063 2365 iami-

516 2410 660 2483 liaribus
682 2402 724 2485 'et
751 2416 967 2487 scholaribus
994 2418 1123 2507 absque
1150 2419 1264 2507 pretio
1291 2418 1451 2490 balneum
1477 2438 1675 2508 procurare.
1895 2404 1902 2415 ’
2047 2408 2055 2417 ’

619 2534 706 2605 Item
734 2526 851 2607 omnes
879 2542 1042 2609 tenentur
1077 2539 1281 2611 falcastrare
1316 2561 1419 2611 unum
1447 2539 1538 2610 diem
1571 2544 1709 2628 pratum
1736 2538 1895 2627 plebani,
1931 2543 1969 2606 et
1993 2543 2065 2606 mm

514 2656 765 2748 tabernatores‚
792 2678 894 2749 quam
912 2680 1031 2731 eorum
1049 2660 1209 2751 inquilini
1233 2666 1398 2732 rastrare.
1426 2661 1513 2731 Item
1532 2660 1679 2750 quilibet
1694 2660 1910 2747 tabernator,
1927 2662 2065 2728 tenetur

513 2778 655 2868 proprio
681 2799 785 2851 curru
811 2781 1009 2854 adducere...
1032 2780 1134 2873 loeni,
1153 2782 1234 2853 dum
1254 2784 1361 2853 estin
1379 2780 1532 2853 Brodlo
1550 2780 1717 2851 autduas
1735 2780 1899 2868 cassulas,
1926 2778 2063 2869 quando

377 2876 381 2897 ’
514 2902 584 2970 non
611 2905 666 2978 est
692 2901 728 2971 in
755 2902 916 2975 Brodlo.
943 2904 1030 2975 Item
1053 2904 1185 2975 habent
1210 2896 1406 2975 libertatem
1435 2902 1614 2973 scindendi
1631 2902 1668 2972 in
1687 2901 1803 2991 sylvis,
1829 2900 1976 2987 rubetis,
2002 2920 2065 2990 pro

514 3040 578 3091 sua
603 3024 810 3094 necessitate
846 3024 1117 3114 episcopalibus,
1154 3030 1190 3095 et
1225 3024 1270 3096 ob
1297 3046 1372 3095 enm
1408 3024 1605 3095 libertatem
1638 3027 1803 3094 tenemur
1836 3022 1969 3093 molere
2004 3041 2067 3091 sna
2157 3086 2159 3091 .

462 3242 463 3247 Ἰ
512 3142 687 3215 frumenta
713 3150 749 3215 et
774 3144 898 3215 brasea
924 3146 959 3215 in
986 3144 1193 3216 molendinis
1219 3144 1491 3234 episcopalibus,
1518 3164 1586 3234 qua
1621 3144 1752 3215 violata
1785 3164 1855 3213 uon
1890 3147 2063 3213 tenentur.

514 3263 601 3335 Item
625 3284 743 3336 ornnes
769 3264 935 3337 tabernae
963 3270 999 3338 ct
1025 3266 1244 3338 bnrtulauiae
1270 3266 1487 3358 plebanaleS,
1523 3270 1687 3337 tenentur
1714 3264 1758 3336 ad
1771 3264 1872 3336 'dnos
1891 3262 2066 3359 pownbaq

514 3407 578 3476 pro
606 3383 767 3476 episcopo
795 3384 1024 3459 Gracovieusi.
1072 3388 1161 3458 Item
1197 3388 1437 3479 Lyasznya
1471 3393 1526 3458 est
1559 3387 1739 3477 praedium
1770 3393 1852 3477 post
1884 3386 2062 3457 Vislam

514 3509 578 3578 snb
614 3507 779 3596 parochia
814 3507 856 3578 de
886 3507 1257 3598 Wawrzinczicze,
1284 3510 1381 3580 cuius
1408 3509 1605 3598 proprietas
1636 3507 1681 3578 ad
1708 3507 1956 3578 monasterinm
1986 3506 2067 3577 Sne·

513 3628 764 3700 czechoviense
796 3630 962 3720 pertinet,
989 3629 1032 3701 de
1060 3651 1128 3720 qno
1161 3638 1197 3700 et
1227 3631 1302 3701 eins
1329 3629 1424 3719 agris
1451 3629 1597 3699 solvitur
1623 3629 1757 3700 decima
1781 3628 2007 3718 manipularis
2034 3633 2069 3698 et

513 3749 677 3822 ecclesiae
704 3751 740 3822 in
767 3749 1126 3841 Wawrzinczicze,
1154 3758 1191 3823 et
1217 3752 1316 3823 valor
1342 3751 1417 3821 eins
1444 3749 1489 3820 ad
1508 3805 1649 3819 ......

615 3871 942 3963 Wrcnnuowuczn,
960 3873 1042 3944 villa
1061 3877 1097 3944 et
1113 3873 1240 3944 fundus
1259 3872 1423 3943 ecclesiae
1441 3877 1478 3942 et
1496 3871 1634 3961 plebani
1653 3872 1689 3942 iu
1707 3870 2065 3958 Wawrzinczicze,

514 3993 612 4064 cuius
638 3993 801 4064 universa
827 3995 1024 4084 proprietas
1050 3995 1094 4064 ad
1117 3995 1312 4084 praefatum
1338 3993 1523 4084 plebanum
1549 3993 1712 4082 pertinet,
1739 3994 1804 4064 sub
1829 3993 1997 4082 parocbia
2023 3991 2065 4062 de

514 4113 906 4185 Wawrzinczicze
934 4115 1011 4185 sita.
1056 4115 1096 4184 Iu
1124 4134 1192 4204 qua
1219 4120 1301 4185 sunt
1337 4135 1397 4186 sex
1424 4114 1516 4185 lanei
1552 4114 1806 4203 cmetbonales‚
1840 4119 1914 4184 tres
1949 4113 2065 4185 colunt

456 4259 460 4266 ·
514 4233 714 4305 cmethones
740 4239 776 4304 et
800 4233 946 4323 quilibet
972 4235 1077 4305 solvit
1101 4235 1249 4324 plebano
1275 4256 1339 4325 pro
1357 4255 1471 4306 ‘censu
1498 4235 1584 4306 duas
1610 4255 1764 4325 marcas,
1791 4235 1880 4306 dnos
1906 4255 2066 4326 capones,

514 4375 631 4428 caseos
667 4375 751 4426 vero
786 4360 823 4425 et
855 4375 921 4426 ova
956 4375 1024 4426 non
1061 4356 1201 4426 solvunt
1211 4368 1231 4446 ,⁹
1254 4357 1342 4427 alios
1377 4379 1461 4427 vero
1497 4363 1571 4427 tres
1597 4353 1791 4447 plebanus,
1827 4357 2064 4428 cmetlronibns

515 4477 660 4565 amotis;
687 4475 730 4546 de
757 4475 915 4547 omnibus
949 4481 1065 4546 tamen
1094 4497 1155 4548 sex
1182 4477 1291 4549 laneis
1318 4478 1450 4567 absque
1485 4477 1714 4549 diminutione
1751 4477 1898 4548 soluitur
1924 4480 1962 4547 ct
1987 4497 2065 4548 con·

513 4598 652 4669 ducitur
678 4598 811 4669 decima
838 4598 1063 4688 manipularis
1081 4604 1117 4670 ct
1135 4599 1310 4689 casopolis
1327 4590 1393 4690 pro
1411 4599 1540 4678 vicaria
1567 4599 1788 4688 praebendae
1815 4597 2064 4686 Gracoviensis,

514 4739 601 4809 qnae
629 4719 962 4810 Wowrzynyeczska
988 4719 1193 4810 appellatur.
1228 4721 1317 4791 Item
1344 4719 1491 4809 quilibet
1516 4719 1656 4791 laborat
1682 4719 1773 4790 dnos
1795 4717 1870 4790 dies
1897 4720 1935 4789 in
1961 4719 2066 4808 septi·

512 4861 636 4926 mana,
663 4842 805 4931 proprio
834 4861 938 4912 curru
966 4847 1027 4912 aut
1052 4847 1181 4912 aratro.

616 4959 855 5052 Znonuunrr,
890 4962 973 5033 villa
1000 4963 1064 5035 sub
1099 4962 1265 5054 parocbia
1300 4964 1466 5035 ecclesiae
1503 4964 1554 5035 de·
1572 4962 1964 5035 Wanrzinczicze
1990 4963 2064 5050 sita,

513 5064 610 5155 cuius
645 5084 843 5173 proprietas
875 5084 919 5154 ad
946 5085 1193 5156 monasterium
1229 5085 1562 5177 Syeczyechoviense
1597 5085 1758 5174 pertinet.
1805 5084 1845 5154 In
1882 5103 1952 5173 qna
1986 5087 2066 5154 sunt

372 5260 377 5274 .
512 5204 604 5276 lanei
632 5204 874 5295 cmcthonalcs,
899 5205 945 5276 ‘de
973 5206 1098 5296 quibus
1125 5206 1284 5277 omnibus
1320 5207 1468 5278 solvitur
1494 5213 1532 5277 et
1558 5207 1763 5277 conducitur
1797 5205 1933 5276 decima
1958 5203 2065 5274 mani-

513 5325 646 5415 pularis
664 5331 702 5396 et
720 5325 893 5416 canapalis
913 5327 1077 5398 ecclesiae
1095 5327 1242 5398 Sanctae
1260 5327 1395 5398 Mariae
1414 5327 1643 5418 Magdalcnae
1661 5328 1697 5398 in
1715 5325 2065 5412 Wanrzinczicze,

514 5449 551 5516 et
576 5445 674 5516 valor
700 5448 774 5518 eius
801 5448 1004 5519 aestimatur
1031 5448 1074 5519 ad
1102 5449 1225 5538 viginti
1253 5455 1403 5539 quatuor
1437 5469 1581 5520 marcas.
1617 5449 1705 5520 Item
1732 5453 1787 5524 cst
1812 5447 1860 5524 ibi
1887 5445 2064 5543 praedium

513 5565 729 5656 coenobiale,
757 5569 848 5672 quod
876 5569 962 5652 nulli
990 5569 1050 5648 dat
1078 5569 1262 5660 decimam,
1290 5571 1351 5641 sed
1378 5591 1454 5641 earu
1481 5591 1545 5660 pro
1574 5592 1611 5642 sc
1638 5569 1739 5644 tollit.
