4550 6600
520 763 591 843 ils

515 982 553 1048 et
579 975 677 1047 valor
704 972 850 1045 eiusad
877 971 994 1047 decem
1020 990 1156 1047 marcas
1183 970 1397 1042 aestimatur.
1441 967 1530 1041 Item
1557 973 1611 1040 est
1647 968 1697 1040 ihi
1731 965 1912 1059 praedium
1949 986 2063 1057 unum,

514 1096 558 1169 de
585 1096 681 1167 cuius
708 1094 802 1185 agris
829 1092 1021 1167 decimatur
1047 1091 1213 1165 ecclesiae
1239 1092 1276 1165 iu
1301 1110 1446 1182 parva
1476 1089 1753 1161 Kazimirza.

619 1216 945 1305 Mmonaaovmczn,
973 1213 1056 1285 villa
1073 1212 1138 1285 snb
1161 1212 1326 1303 parochia
1352 1232 1525 1303 parvae
1555 1210 1840 1300 Kazimirza‚
1867 1210 1964 1281 curius
1982 1210 2064 1281 hae-

514 1358 571 1411 res
598 1336 772 1409 Henriens
808 1336 851 1407 de
879 1334 980 1407 domo
1016 1334 1368 1407 Biberscbthin.
1411 1333 1453 1404 In
1480 1353 1549 1422 qua
1574 1331 1668 1403 lanei
1693 1331 1947 1417 amethonales,
1983 1332 2065 1401 item

513 1459 732 1532 hortulaniae
758 1456 927 1528 hahentes
953 1474 1067 1545 agros,
1095 1454 1138 1526 de
1166 1455 1290 1545 quibus
1318 1454 1465 1557 soluitur
1491 1454 1625 1525 decima
1650 1453 1876 1543 manipularis
1901 1472 1966 1542 pro
1994 1452 2066 1541 epi-

513 1600 618 1671 scopo
646 1578 875 1668 Gracoviensi
902 1576 999 1649 cuius
1026 1576 1125 1647 valor
1152 1577 1355 1649 aestimatur
1381 1575 1426 1647 sd
1445 1629 1585 1645 ......
1612 1574 1700 1645 Item
1718 1579 1773 1645 est
1799 1572 1981 1663 praedium
2008 1573 2065 1662 ibi,

512 1702 555 1773 dc
582 1701 679 1773 cuius
705 1700 800 1790 agris
826 1698 1017 1771 decimatur
1044 1696 1211 1769 ecclesiae
1235 1702 1273 1769 et
1299 1697 1374 1769 eius
1400 1696 1549 1785 plebano
1576 1696 1612 1767 in
1638 1715 1767 1785 parva
1798 1694 2048 1766 Kazimirza
2082 1747 2087 1757 ι

615 1818 916 1908 Sanorrnscum‚
951 1818 1035 1891 villa
1061 1818 1124 1889 suh
1152 1815 1272 1894 eadem
1301 1818 1483 1909 parochia,
1519 1817 1617 1889 cuius
1651 1817 1777 1889 haeres
1802 1815 1956 1888 Jacobns
1983 1814 2063 1886 Ko-

513 1942 718 2033 czyusky
745 1940 788 2012 de
815 1940 925 2013 armis
949 1936 1141 2031 Grubye.
1185 1938 1226 2011 In
1253 1959 1322 2029 qna
1348 1945 1430 2012 sunt
1464 1938 1556 2009 lanei
1582 1936 1834 2026 cmethonules,
1870 1936 1914 2008 de
1942 1936 2067 2026 quihus

513 2063 661 2135 solvitur
688 2062 821 2133 decima
846 2060 1081 2151 manipularis.

615 2182 939 2271 Zsmuanowrczm
965 2180 1048 2252 villa
1074 2180 1140 2253 suh
1167 2180 1333 2271 parochia
1359 2200 1533 2271 parrae
1564 2178 1830 2251 Kazimirza
1856 2178 1938 2270 sita,
1965 2180 2064 2251 cuius

383 2318 390 2335 ’
513 2303 682 2375 haeredes
697 2303 740 2374 de
755 2303 861 2374 arnus
875 2302 1041 2392 Strepe
1055 2300 1195 2371 Pruss
1204 2323 1236 2391 y.
1254 2301 1295 2372 ln
1310 2322 1379 2391 qua
1392 2307 1474 2373 sunt
1487 2300 1623 2391 aliquae
1637 2300 1864 2391 hortulaniau,
1883 2300 2064 2390 dequibus

513 2426 672 2497 omuibus
700 2424 848 2496 solvitur
874 2422 1008 2496 decima
1033 2422 1260 2512 manipularis
1286 2422 1452 2495 ecclesiae
1478 2423 1515 2493 in
1541 2436 1686 2512 parva
1717 2421 2006 2511 Kazimirza‚
2032 2428 2066 2491 et

513 2546 612 2617 valor
639 2544 714 2618 eius
741 2544 944 2619 aestimatur
970 2542 1014 2615 ad
1034 2597 1173 2613 ......

616 2665 874 2755 Mnouomczn,
900 2664 984 2737 villa
1010 2664 1074 2737 sub
1101 2664 1268 2755 parochia
1294 2663 1414 2736 eadem
1441 2663 1484 2737 de
1510 2662 1795 2754 Karimirau‚
1823 2665 1921 2735 cuius
1942 2664 2064 2734 haeres

469 2850 472 2861 .
512 2784 673 2859 Andreas
699 2784 886 2878 Pyandz
895 2784 1106 2876 yczowsk
1115 2807 1148 2876 y.
1192 2784 1234 2855 Iu
1261 2804 1330 2875 qua
1356 2789 1437 2856 sunt
1462 2784 1555 2857 lanei
1581 2784 1832 2875 cmethonales,
1868 2784 2064 2875 dequibus

512 2906 660 2979 solvitur
686 2912 724 2979 ei
750 2907 956 2979 conducitur
982 2906 1116 2979 decima
1142 2906 1368 2995 manipularis
1404 2905 1569 2977 ecclesiae
1595 2906 1788 2996 parochiali
1813 2907 1850 2977 in
1869 2958 2063 2977 ........

510 3030 599 3101 Ibem
626 3034 681 3101 est
715 3029 764 3100 ibi
799 3028 981 3118 praedium
1015 3048 1140 3117 unum,
1175 3028 1260 3099 item
1296 3048 1420 3099 novem
1455 3028 1637 3117 tabernae,
1674 3028 1870 3119 dequibus
1905 3029 2062 3101 omnibns
2106 3078 2110 3088 ·

518 3149 708 3221 decimatur
735 3148 901 3221 ecclesiae
929 3149 965 3221 in
991 3168 1137 3239 parva
1167 3148 1443 3221 Kuzimirza.
1506 3200 1511 3208 ·

615 3268 819 3362 Zacarow,
846 3269 930 3342 villa
947 3268 1151 3344 subendam
1168 3270 1343 3360 parochia,
1371 3272 1469 3343 cuins
1486 3271 1611 3343 haeres
1629 3269 1824 3344 stanislaus
1843 3270 2062 3365 Vyedzsky

514 3389 557 3462 de
584 3392 691 3462 armis
726 3391 949 3482 Druzyna
994 3391 1035 3466 In
1063 3412 1132 3481 qua
1158 3397 1240 3463 suut
1274 3391 1367 3464 lanei
1397 3391 1649 3483 emethonales,
1684 3393 1881 3482 dequibus
1916 3393 2062 3465 solvitur

511 3510 644 3583 decima
678 3512 904 3602 manipularis
939 3534 1003 3603 pro
1039 3512 1239 3604 praeposito
1266 3512 1493 3603 Vyslicieusi‚
1522 3514 1620 3586 cuius
1656 3513 1754 3585 valor
1789 3515 1996 3586 aestimatur
2021 3513 2063 3584 ad

517 3685 629 3703 .....
655 3633 744 3704 Item
770 3638 825 3706 est
850 3633 900 3706 ihi
926 3632 1117 3724 praedium,
1145 3632 1188 3706 de
1215 3653 1283 3722 qno
1310 3633 1502 3706 decimatur
1529 3633 1696 3706 ecclesiae
1721 3634 1759 3706 in
1786 3632 1951 3706 Ghelm.

1213 3754 1367 3826 Boauro,

613 3875 709 3948 Villa
734 3875 868 3948 hahens
884 3876 922 3948 in
939 3896 976 3949 se
994 3873 1176 3948 ecclesiam
1201 3874 1436 3964 parochialem
1462 3874 1622 3966 ligneam,
1649 3874 1776 3948 Sancto
1803 3875 1953 3966 Aegidio
1972 3874 2064 3948 dica·

510 4001 600 4088 lam,
636 3998 733 4069 cuins
759 3997 883 4068 haeres
909 4017 973 4087 pro
1001 4017 1071 4068 una
1096 4000 1197 4087 parte
1227 3995 1331 4069 villae
1357 3995 1521 4067 Nicolans
1548 3996 1639 4088 Rey
1677 3997 1850 4068 dedomo
1876 3995 1980 4080 Osa
2027 3997 2065 4067 ln

511 4140 580 4208 qna
607 4124 690 4190 sunt
717 4119 867 4208 quinque
893 4118 985 4190 lanai
1012 4117 1266 4205 cmethouales3
1303 4137 1367 4206 pro
1394 4118 1507 4189 altera
1532 4138 1615 4189 vero
1651 4122 1751 4208 parte
1778 4118 1900 4208 villae,
1940 4119 2063 4189 haeres

511 4239 670 4311 Konva
705 4238 747 4310 de
784 4239 889 4311 armis
925 4238 1215 4330 streperem,
1249 4241 1382 4328 inqua
1416 4244 1518 4328 parte
1544 4259 1634 4312 unus
1668 4238 1790 4310 laneus
1827 4239 2064 4328 amethonalis3

510 4381 575 4451 pro
592 4365 692 4451 paria
711 4380 793 4432 vero
811 4360 927 4450 tertia,
953 4360 1077 4432 haeres
1096 4359 1291 4433 Slanislans
1310 4359 1649 4452 Thanczynsky
1675 4359 1839 4432 dedomo
1865 4360 2063 4452 Bippen-

509 4483 648 4572 nium,
675 4482 711 4552 in
739 4501 807 4571 quo
825 4487 907 4554 sunl
925 4481 992 4553 duo
1018 4481 1111 4554 lanei
1129 4481 1373 4572 cmelhonales,
1399 4482 1483 4552 ibem
1509 4482 1656 4554 lahama
1673 4481 1805 4554 habens
1831 4503 1950 4572 agros,
1979 4484 2061 4554 item

509 4603 698 4693 hortulani,
726 4602 769 4673 de
797 4603 921 4692 quibus
948 4603 1107 4674 omnihus
1135 4603 1284 4674 solvitur
1310 4602 1506 4673 decima...
1524 4601 1614 4674 item
1641 4609 1724 4674 suni
1749 4603 1799 4674 ibi
1826 4603 1895 4674 duo
1923 4604 2064 4694 praedia

509 4724 685 4814 mihtaria,
713 4723 756 4794 de
775 4744 921 4814 quorum
940 4723 1034 4814 agris
1053 4723 1244 4796 decimatur
1261 4723 1409 4812 plebano
1427 4722 1556 4795 ibidem
1573 4723 1609 4794 iu
1636 4723 1783 4794 Bobiu
1794 4744 1823 4796 o.
1849 4723 1939 4796 Ibem
1955 4725 2064 4796 habel

508 4845 559 4916 ihi
585 4845 730 4918 eeclesia
756 4849 792 4916 el
818 4844 986 4934 plebanus
1012 4844 1173 4934 proprios
1199 4864 1302 4934 agros
1329 4850 1366 4919 eh
1391 4849 1503 4934 prata,
1530 4863 1594 4934 pro
1613 4865 1675 4916 suo
1703 4865 1768 4916 usu
1786 4850 1823 4917 et
1840 4847 2064 4930 necessitate,

613 4965 968 5055 Wonwanowrczn,
1005 4965 1088 5038 villa
1114 4965 1179 5038 sub
1205 4964 1371 5054 parochia
1397 4964 1441 5036 de
1473 4965 1651 5036 Bobiuo
1687 4965 1776 5055 sila,
1811 4952 1908 5038 ouius
1936 4967 2060 5038 haeres
2161 4957 2162 4964 '

509 5085 704 5182 Slanislaus
732 5085 1070 5178 Thanczynsky
1104 5085 1291 5176 praefatus.
1334 5084 1376 5156 In
1403 5105 1471 5176 qua
1497 5089 1578 5156 sunt
1604 5091 1754 5175 quatuor
1789 5085 1882 5159 lanei
1909 5089 2060 5159 cmetho·

509 5208 615 5298 nales,
644 5209 729 5279 item
756 5207 844 5278 duae
870 5207 1046 5297 tabernac,
1073 5207 1157 5277 item
1184 5205 1273 5277 duae
1291 5207 1510 5284 hortulanise
1536 5206 1707 5278 habentes
1734 5226 1848 5296 agros,
1875 5207 2059 5298 dequibus

507 5329 668 5434 omnihus
697 5327 845 5402 solvitur
883 5327 1016 5402 decima
1041 5327 1268 5418 manipularis
1298 5333 1336 5401 et
1362 5326 1538 5417 canapahs
1573 5327 1725 5417 capitulo
1752 5326 1994 5420 cracoviensi,
2027 5333 2060 5399 et

449 5535 451 5540 Ι
505 5449 608 5532 palor
634 5449 709 5521 eius
736 5450 943 5522 aestimatur
976 5447 1021 5520 ad
1048 5454 1126 5522 octo
1153 5469 1297 5525 marcas.
1340 5447 1430 5530 Item
1456 5453 1512 5520 est
1546 5448 1596 5520 ibi
1621 5469 1728 5520 unum
1763 5448 1946 5539 praedium
1972 5449 2058 5522 mili-

506 5572 601 5657 tare,
633 5568 680 5668 de
706 5570 804 5644 cuins
830 5570 925 5660 agris
953 5569 1101 5642 solvitur
1127 5569 1260 5642 meina
1293 5569 1519 5660 manipularis
1554 5567 1702 5658 plebano
1729 5590 1793 5642 suo
1827 5574 1865 5642 et
1891 5571 2055 5643 ecclcsiae

507 5688 544 5784 in
570 5688 766 5781 Bobino‚
792 5695 829 5762 eb
854 5689 952 5764 valor
979 5690 1053 5762 eius
1081 5691 1126 5763 ad
1153 5695 1302 5781 quatuor
1328 5709 1464 5763 marcas
1491 5689 1705 5774 aestimatur.
