4550 6600
1695 753 1769 824 375

212 984 276 1057 pro
303 961 384 1035 dote
412 962 519 1035 hahet
543 960 725 1055 lapideam.
751 962 842 1035 Item
868 961 905 1033 in
932 961 1053 1035 eadem
1079 961 1165 1035 villa
1189 983 1259 1035 uon
1285 966 1341 1036 est
1357 963 1514 1054 aberra,
1532 982 1651 1054 neque
1667 981 1769 1053 prae·

214 1083 474 1177 diurnxaliquod
501 1083 663 1174 militare,
690 1104 802 1175 neque
829 1082 1072 1157 molendinum.
1556 1160 1559 1167 ,

315 1204 479 1295 Karou,
507 1205 590 1277 villa
627 1204 691 1278 auh
728 1205 893 1297 parochia
928 1206 1094 1279 ecclesiae
1128 1205 1172 1277 de
1198 1205 1488 1278 Dohrowoda
1510 1207 1592 1279 sita.
1631 1206 1673 1279 In
1700 1228 1769 1299 qua

214 1330 293 1403 sunt
327 1326 420 1399 lanei
457 1327 707 1419 emethonales,
734 1326 777 1399 de
815 1328 939 1418 quihus
975 1326 1134 1401 omnibus
1171 1328 1318 1401 solvitur
1344 1332 1382 1401 et
1407 1327 1610 1401 conducitur
1636 1328 1769 1401 decime
1824 1416 1829 1426 Ι

212 1448 437 1540 manipularis
465 1452 501 1520 et
527 1448 704 1539 canapalis
730 1449 895 1522 ecclcsiae
923 1450 959 1521 in
985 1450 1287 1541 Do-hrowoda,
1314 1455 1350 1543 et
1376 1450 1476 1523 valor
1501 1450 1575 1522 eicis
1603 1451 1765 1523 aestima·

213 1576 269 1645 tur
296 1570 341 1642 ad
367 1573 447 1647 octo
475 1590 628 1659 marcas3
655 1570 754 1643 cuius
781 1570 949 1647 haeredes
968 1576 1049 1644 sunt
1065 1572 1242 1645 Martinus
1259 1571 1567 1664 Zborowszky
1594 1572 1639 1644 de
1656 1572 1763 1644 armis

213 1691 506 1783 Accipitrum
525 1746 533 1761 .
552 1746 586 1763 ..
617 1692 705 1765 Item
732 1693 768 1764 in
795 1692 915 1765 eedem
941 1694 1024 1767 villa
1051 1700 1133 1766 sunt
1160 1693 1304 1785 praedia
1330 1694 1511 1784 militaria,
1538 1693 1622 1767 item
1647 1695 1765 1769 taher-

215 1835 288 1913 nae,
315 1813 401 1887 item
428 1812 656 1885 hortulaniae.

314 1932 537 2025 Gnoczuow,
565 1934 647 2007 villa
673 1934 737 2007 suh
756 1935 921 2026 parochia
939 1934 982 2007 de
999 1935 1288 2009 Dobrowoda
1314 1938 1390 2028 sita,
1409 1938 1506 2010 cuius
1523 1938 1647 2009 haeres
1666 1958 1767 2027 prae-

213 2056 303 2129 latus
331 2056 507 2129 Martinus
534 2056 846 2149 Zhorouszky
873 2057 917 2129 de
945 2056 1046 2129 domo
1073 2056 1377 2150 Accipitrum.
1404 2051 1447 2131 [n
1472 2080 1541 2150 qua
1567 2064 1649 2131 sunt
1674 2060 1766 2131 lanei

214 2177 455 2267 cmethonales,
482 2177 525 2250 dc
553 2178 678 2270 quihus
706 2179 853 2251 solvitur
880 2178 1014 2251 decima
1040 2180 1267 2270 manipularis
1293 2186 1331 2252 et
1355 2182 1530 2271 canapalis
1547 2180 1711 2253 ecclesiae
1729 2181 1766 2251 in
1819 2229 1823 2236 ·

212 2298 510 2390 Dobrowoda,
539 2305 575 2372 et
601 2290 699 2373 valor
725 2300 800 2373 eius
828 2300 1033 2373 aestimatur
1051 2300 1095 2373 ed
1114 2304 1193 2373 octo
1210 2321 1354 2374 marcas.
1380 2302 1469 2373 Item
1488 2302 1525 2373 in
1541 2300 1664 2373 cadom
1681 2301 1764 2374 villa

213 2420 402 2511 praedium,
430 2421 512 2494 item
540 2422 717 2513 tabernae,
744 2422 828 2495 item
855 2422 1130 2495 hortulaniae..

751 2640 753 2648 ’
899 2649 1079 2723 Zacoscz.

313 2784 410 2859 Villa
443 2786 593 2864 hahens.
608 2788 645 2859 in
680 2808 717 2861 se
749 2788 929 2861 ecclesiam
964 2790 1222 2880 parochialem,
1249 2790 1376 2863 Sancto
1402 2788 1556 2863 Iohanni
1582 2790 1765 2881 Baptistae

213 2907 379 2999 dicatam,
406 2912 442 2981 et
477 2928 520 2981 ex
546 2928 645 2981 muro
672 2906 894 3000 fabricatam,
922 2928 1024 3002 quam
1050 2897 1279 2983 hrudasse-et
1304 2910 1444 2984 dotasse
1471 2911 1641 2983 asseritur
1668 2912 1766 2983 Heu-

213 3030 318 3103 ricum
346 3029 469 3103 ducem
495 3030 829 3131 Smuomriensem,
856 3031 953 3105 cuius
989 3028 1185 3123 proprietas
1221 3032 1267 3103 ad
1302 3032 1560 3104 serenissImum
1596 3030 1761 3105 Poloniae

211 3172 324 3244 regem
352 3141 525 3244 pertinet,
552 3152 649 3227 cuius
668 3174 768 3247 ,nunc
793 3157 910 3230 rector
937 3158 991 3227 est
1016 3153 1194 3227 Iohannes
1220 3152 1466 3245 Woyschik
1493 3160 1610 3225 custos
1637 3138 1778 3227 Graec·¹
1924 3242 1931 3251 ,
2026 3128 2032 3143 ’

213 3275 337 3348 aiensis
367 3275 410 3348 de
438 3274 545 3348 armis
571 3275 795 3369 Powalya.
822 3276 862 3348 In
891 3296 959 3367 qua
985 3280 1066 3348 sunt
1093 3281 1171 3349 octo
1190 3275 1282 3348 lanei
1301 3275 1544 3367 emethonales,
1562 3276 1646 3350 item
1665 3299 1765 3369 prae-

214 3397 304 3473 dium
340 3397 477 3488 regium
504 3397 637 3470 hahens
664 3417 768 3489 agros
795 3397 947 3488 amplos,
975 3398 1059 3470 item
1085 3399 1233 3470 taberna
1258 3418 1345 3488 una,
1373 3399 1504 3470 hahens
1532 3420 1654 3490 agros,
1682 3401 1767 3471 item

211 3519 427 3593 hortulaniae
454 3519 543 3592 duae
569 3520 736 3611 speciales
764 3541 785 3593 a
811 3519 930 3612 laneis,
957 3521 1126 3593 habentes
1153 3541 1267 3612 agros,
1294 3519 1338 3593 de
1365 3520 1491 3612 quihus
1519 3522 1677 3594 omnibus
1697 3498 1765 3594 sol-

213 3643 303 3714 vitur
328 3647 369 3715 et
394 3641 598 3716 conducitur
624 3641 758 3714 decima
783 3643 1009 3733 manipularis
1028 3647 1065 3715 et
1082 3643 1257 3732 canapalis
1275 3663 1340 3733 pro
1359 3642 1504 3714 ecclesia
1522 3643 1558 3713 in
1577 3643 1764 3734 Zagorcz,

212 3771 246 3836 et
270 3765 369 3838 valor
395 3765 469 3836 eius
496 3764 702 3836 aestimatur
729 3763 773 3836 ad
800 3763 996 3854 quindecim
1032 3785 1175 3836 marcas.
1215 3765 1303 3836 Item
1330 3763 1499 3855 plebanus
1526 3763 1633 3836 habet
1659 3786 1763 3855 agros

213 3886 403 3977 praedialas
439 3886 485 3958 ad
512 3885 580 3958 duo
607 3891 644 3960 et
669 3886 740 3958 tria
766 3885 895 3976 stadia3
922 3886 1004 3958 item
1032 3887 1138 3959 hahet
1164 3891 1303 3978 pratum
1329 3886 1476 3976 honum,
1504 3868 1596 3958 circa
1622 3885 1764 3958 fluvium

215 4008 357 4101 Nyda,
384 4013 421 4080 et
455 4008 554 4080 iuxta
588 4013 690 4100 prata
725 4009 840 4099 regia,
876 4007 961 4080 item
993 4009 1226 4082 molendinum
1258 4014 1313 4081 est
1339 4007 1388 4080 ihi
1416 4028 1522 4080 unum
1548 4008 1701 4099 regium,
1728 4009 1765 4081 iu

213 4129 346 4202 flumine
375 4130 511 4222 Nyda,
539 4129 602 4202 sed
627 4151 696 4204 nou
722 4130 830 4202 hahet
857 4151 969 4221 agros.

313 4253 575 4343 Sznoruuunr,
603 4253 685 4323 villa
711 4253 776 4326 suh
803 4253 968 4344 parochia
995 4252 1162 4326 ecclesiae
1180 4252 1223 4324 de
1240 4252 1445 4343 Zagoscz
1471 4252 1550 4343 sita,
1568 4253 1666 4326 cuius
1685 4274 1765 4342 pro·
1818 4252 1821 4257 ’

214 4375 341 4464 prietas
379 4372 423 4446 ad
459 4373 716 4446 serenissimum
752 4373 916 4446 Poloniae
953 4395 1071 4464 regem
1097 4375 1259 4466 pertinet.
1298 4374 1339 4446 Iu
1367 4395 1435 4465 qua
1462 4379 1544 4445 sunt
1570 4373 1764 4463 quindecim

214 4495 301 4568 lanei
336 4495 590 4585 cmethonales,
625 4496 710 4568 item
745 4495 925 4587 praedium
962 4497 1095 4587 regium
1130 4518 1199 4568 uon
1235 4501 1290 4569 est
1320 4497 1386 4585 ihi,
1413 4496 1497 4567 item
1523 4495 1669 4566 taberna
1695 4516 1764 4566 una

216 4616 341 4689 hahens
379 4638 501 4708 agree,
538 4617 621 4689 item
658 4617 877 4690 hortulaniae
913 4639 982 4690 non
1018 4622 1116 4707 suut,
1144 4617 1187 4688 de
1218 4617 1343 4708 quihus
1370 4616 1529 4688 omnihus
1556 4610 1702 4688 solvitur
1728 4622 1764 4688 et

215 4739 413 4812 conducitur
449 4739 583 4810 decima
618 4739 844 4831 manipularis
881 4744 918 4812 ct
944 4739 1117 4831 canapalis
1155 4761 1219 4830 pro
1246 4738 1392 4811 ecclesia
1417 4739 1454 4809 in
1480 4736 1539 4808 Za
1546 4759 1702 4828 goscz,
1730 4742 1770 4809 et·
1878 4824 1882 4829 ⁴

218 4860 312 4932 valor
337 4861 413 4934 eius
439 4861 644 4933 aestimatur
671 4861 716 4933 ad
743 4860 947 4952 quindecim,
974 4861 1159 4952 aliquando
1186 4861 1230 4932 ad
1257 4860 1382 4950 viginti
1407 4879 1552 4930 marcas.
1578 4858 1666 4931 Item
1691 4860 1764 4951 ple·

217 4981 320 5054 banus
355 4982 463 5056 habet
498 4983 547 5055 ibi
582 5005 688 5054 unum
725 4982 861 5056 laneum
896 4983 1062 5073 liberum,
1090 5003 1154 5074 pro
1190 4981 1333 5073 praedio
1360 5001 1441 5070 suo,
1468 4999 1545 5052 cum
1572 4982 1700 5073 pratia,
1727 4987 1764 5055 et

217 5124 318 5176 rmum
343 5125 476 5196 arvum,
504 5105 590 5178 alias
617 5128 755 5202 aymam
781 5103 986 5185 foecundum
1013 5109 1049 5178 et
1075 5103 1235 5195 amplum.

316 5226 498 5319 Wruuar,
525 5227 609 5300 villa
635 5228 699 5301 suh
726 5228 894 5319 parochia
921 5225 1086 5302 ecclesiae
1113 5225 1156 5298 de
1183 5225 1386 5318 Zagoscz
1413 5226 1490 5317 sita,
1513 5225 1611 5298 cuius
1628 5227 1764 5317 propri-

220 5351 292 5420 etas
327 5349 371 5423 ad
407 5351 665 5424 serenissimum
701 5350 866 5424 Poloniae
901 5369 1019 5440 regem
1055 5349 1214 5440 pertinet
1253 5349 1293 5420 In
1322 5369 1391 5440 qua
1417 5343 1512 5420 suut
1526 5347 1643 5420 decem
1671 5348 1764 5421 lanei

218 5471 463 5564 emethonales;
502 5473 583 5545 item
619 5472 799 5564 praedium
826 5472 962 5562 regium
989 5493 1058 5544 uon
1085 5477 1138 5544 est
1165 5472 1201 5542 in
1229 5471 1350 5544 eadem
1377 5471 1479 5561 villa,
1506 5471 1589 5542 item
1616 5471 1763 5549 taberna

218 5589 343 5666 hahens
369 5615 482 5686 agroue,
509 5597 593 5667 item
620 5595 818 5666 hortularia
844 5615 914 5666 unc
941 5595 1072 5666 hahens
1099 5615 1223 5685 agros,
1250 5594 1293 5665 de
1320 5595 1446 5685 quihus
1473 5593 1631 5665 omnihus
1659 5594 1762 5664 solvi-

218 5715 272 5784 tur
297 5719 332 5788 et
357 5717 559 5790 conducitur
586 5717 719 5790 decium
744 5716 969 5808 manipularis
997 5715 1033 5790 et
1060 5716 1235 5809 canapalis
1262 5737 1326 5810 pro
1347 5715 1500 5799 ecclesia
1517 5716 1554 5793 in
1572 5714 1761 5813 Zagoscz,
