4550 6600
491 703 539 772 62

487 908 683 1000 proprietas
719 907 764 978 ad
791 887 1048 980 serenissimum
1085 905 1250 979 Poloniae
1284 927 1403 997 regem
1437 906 1609 996 pertinet,
1645 907 1680 977 in
1708 927 1779 998 qua
1806 909 1891 977 sunt
1924 905 2033 978 deoem
2149 870 2150 965 ἶ

487 1029 579 1099 lanei
605 1027 850 1116 cmethonales;
877 1027 962 1099 item
989 1047 1098 1118 prope
1125 1027 1254 1098 dictam
1280 1027 1398 1098 villam
1424 1031 1479 1098 est
1504 1027 1661 1115 taberna,
1687 1026 1732 1097 ad
1757 1025 1954 1117 praelatam
1976 1027 2032 1098 vil·

486 1149 556 1219 lam
584 1148 947 1239 Troyanowicze
983 1148 1181 1239 pertinens,
1220 1147 1257 1218 in
1285 1151 1398 1218 strata
1422 1147 1577 1236 publica,
1613 1147 1727 1218 eundo
1761 1147 1801 1217 in
1828 1145 2032 1218 Szlralam

488 1270 564 1357 sita,
590 1273 714 1340 vocata
740 1267 966 1359 Kuthlow,
993 1268 1124 1339 babens
1152 1287 1255 1358 agros
1283 1267 1459 1356 speciales.
1503 1267 1591 1337 Item
1617 1267 1654 1338 in
1679 1267 1838 1339 vicinatu
1864 1266 2033 1357 praelatae
2149 1232 2150 1305 l

372 1443 376 1458 .
487 1391 653 1461 tabernae
680 1395 762 1460 sunt
779 1390 866 1460 certi
885 1389 961 1479 agri
978 1389 1082 1460 villae
1104 1387 1281 1478 praefatae
1308 1387 1688 1478 Troyanowicze,
1714 1387 1758 1458 de
1787 1387 1917 1478 quibus
1934 1387 2032 1460 omui·

486 1511 552 1581 bus
579 1511 653 1580 sine
681 1510 908 1581 diminutione
935 1509 1084 1582 solvitur
1109 1515 1146 1581 et
1172 1508 1377 1582 conducitur
1403 1507 1537 1580 decima
1562 1508 1788 1598 manipularis
1808 1513 1847 1579 et
1865 1508 2031 1597 canapalis

486 1651 551 1722 pro
578 1631 709 1702 vicaria
735 1631 953 1721 praebendae
981 1629 1229 1719 Gracoviensis,
1257 1649 1345 1720 qnae
1371 1633 1517 1700 vocatur
1542 1627 1854 1718 Racziborowska,
1882 1632 1920 1699 et
1944 1627 2031 1698 valor

487 1752 561 1824 eins
588 1751 793 1824 aestImatur
819 1752 864 1822 ad
891 1757 969 1823 octo
996 1771 1141 1822 marcas.
1173 1751 1261 1822 Item
1287 1754 1344 1821 est
1369 1750 1419 1821 ibi
1444 1749 1625 1838 praedium
1651 1749 1791 1820 unicum
1818 1749 1971 1838 regium,
1995 1747 2033 1818 de

487 1873 584 1944 ouius
612 1874 705 1964 agris
732 1873 880 1944 solvitur
906 1872 1039 1944 decime
1057 1871 1283 1961 manipularis
1306 1890 1370 1960 pro
1389 1869 1493 1940 altari
1510 1869 1630 1941 Sancti
1648 1869 1822 1941 Vladislai
1840 1869 1878 1940 in
1896 1867 2032 1941 ecclesia

487 1991 717 2083 Gracoviensi,
745 1999 782 2064 et
807 1994 907 2065 valor
934 1993 1009 2063 eius
1036 1993 1244 2063 aestimatur
1269 1991 1315 2062 ad
1341 1995 1491 2082 quatuor
1517 2011 1662 2063 marcas.

590 2113 959 2203 Pszrsnsnswnczs,
995 2113 1079 2185 villa
1115 2113 1180 2184 snb
1206 2112 1373 2202 parocbia
1407 2111 1450 2183 de
1476 2108 1510 2183 G
1518 2111 1786 2202 yebolthow
1817 2114 1907 2201 sita,
1944 2109 2031 2182 cuius

486 2235 610 2306 haeres
639 2231 831 2305 Stanislaus
858 2232 1169 2325 Oraczowsky
1204 2233 1247 2305 de
1274 2233 1380 2303 armIs
1416 2232 1711 2324 Srzenyawa,
1746 2238 1783 2304 et
1810 2234 1874 2305 alii
1899 2231 2031 2318 nobiles,

486 2355 523 2425 in
551 2375 619 2445 qna
646 2359 728 2426 sunt
755 2353 934 2425 duodecim
960 2353 1146 2442 hortulani,
1173 2354 1342 2425 babentes
1369 2373 1472 2443 agros
1490 2353 1668 2443 speciales,
1694 2354 1779 2425 item
1806 2355 1900 2426 dnae
1925 2353 2031 2424 taber·

487 2495 562 2565 nae,
589 2475 757 2546 babentes
785 2495 888 2566 agros
916 2476 1021 2547 etiam
1049 2474 1227 2565 speciales,
1254 2473 1297 2545 de
1325 2473 1449 2564 quibus
1476 2474 1635 2545 omnibns
1662 2479 1700 2546 et
1724 2475 1904 2547 nonnullis
1930 2471 2031 2564 pecie

486 2596 552 2667 bns
578 2615 741 2687 agrorum
775 2595 1060 2686 cmethonalium‚
1098 2596 1157 2688 qui
1188 2597 1357 2666 vocantur
1381 2591 1491 2689 accep,
1526 2613 1588 2665 seu
1606 2593 1856 2692 praymyarlcy,
1894 2593 2030 2666 solvitur
2151 2644 2152 2667 i

487 2717 619 2788 decima
645 2717 871 2809 manipularis
899 2722 935 2790 et
953 2737 1016 2808 per
1035 2716 1120 2790 duas
1147 2716 1325 2789 iuncturas
1354 2713 1530 2805 canapalis
1557 2715 1707 2786 vicariae
1730 2715 1775 2786 ad
1795 2713 2030 2807 praebendam,

487 2859 575 2929 quae
602 2845 749 2910 vocatur
774 2839 1055 2928 Raciborowska,
1083 2837 1265 2929 spectanti,
1292 2841 1328 2907 et
1345 2836 1444 2908 valor
1470 2835 1544 2907 eius
1570 2837 1777 2908 aestimatur
1793 2837 1841 2909 ad
1858 2843 1933 2908 tres
1949 2851 2030 2906 mar-

486 2979 554 3030 cas.
580 2959 668 3030 Item
696 2963 782 3057 sunt,
802 2960 851 3030 ibi
878 2959 946 3030 duo
973 2957 1118 3048 praedia
1143 2956 1330 3044 militaria3
1355 2957 1440 3027 item
1467 2955 1575 3046 aliqui
1601 2957 1694 3028 lanei
1720 2958 1967 3044 cmethonales,
1992 2953 2029 3024 de

487 3080 611 3169 quibus
639 3078 773 3148 decima
800 3078 903 3149 datur
921 3077 1086 3148 ecclesiae
1114 3082 1151 3148 et
1176 3076 1325 3166 plebano
1351 3077 1389 3146 in
1416 3073 1734 3168 Giebolthow,
1761 3069 1922 3172 exceptis
1937 3094 2028 3169 prae

485 3197 566 3269 latis
593 3197 765 3288 peciebus,
793 3198 878 3267 alias
905 3194 1005 3291 ur'wy,
1034 3196 1077 3267 de
1104 3197 1230 3288 quibus
1257 3195 1449 3268 decimatur
1474 3218 1539 3286 pro
1565 3197 1697 3269 vicaria
1723 3199 1893 3290 praelata

590 3317 786 3408 Owcznur,
813 3318 897 3388 villa
916 3319 979 3389 sub
998 3318 1165 3408 parochia
1191 3317 1233 3389 de
1261 3316 1569 3409 Gycboltbow
1594 3321 1673 3411 sita,
1701 3328 1871 3412 qnantum
1889 3320 1933 3393 ed
1949 3316 2029 3390 mili·

486 3444 541 3509 tes
576 3438 613 3508 in
640 3458 682 3509 ea
708 3438 918 3529 residentes,
955 3442 1121 3529 quantum
1156 3459 1240 3509 vero
1276 3438 1321 3509 ad
1347 3440 1565 3530 cmethones,
1600 3442 1753 3532 pertinet
1787 3444 1833 3514 ad
1859 3439 2028 3515 ecclesian

487 3558 720 3649 parochialem
747 3559 783 3630 in
818 3559 1091 3651 Korzkyew,
1128 3560 1165 3631 in
1192 3580 1261 3650 qua
1295 3565 1377 3631 sunt
1411 3560 1579 3633 haeredes
1614 3561 1775 3634 Hanko
1811 3570 1850 3635 et
1876 3562 2027 3650 Woye-
2151 3543 2153 3611 ἱ

487 3679 645 3751 wodka
671 3680 713 3752 de
741 3681 842 3753 domo
870 3679 1061 3773 Ostoya,
1089 3682 1124 3753 in
1153 3702 1221 3773 qua
1247 3685 1328 3753 sunt
1354 3702 1414 3753 sex
1441 3682 1534 3753 lanei
1561 3683 1813 3775 cmethonales,
1842 3686 1927 3757 item
1954 3697 2028 3771 qna·
2072 3697 2079 3712 ·

487 3805 568 3873 tuor
594 3802 830 3892 hortulaniae,
866 3802 1035 3875 habentes
1062 3824 1184 3893 agros3
1220 3802 1303 3875 item
1330 3824 1489 3894 campus,
1517 3802 1562 3876 ad
1589 3804 1656 3876 duo
1684 3804 1798 3876 stadia
1823 3805 2027 3885 aestimatus

486 3922 590 3991 villae
626 3922 759 3993 vicinae
795 3922 956 3995 videlieet
991 3924 1420 4015 Przybislawyoze,
1456 3946 1478 3995 a
1513 3924 1597 3996 villa
1632 3923 1853 4018 Owczary
1894 3924 2028 4017 propter

486 4038 760 4110 interiectionem
786 4042 950 4131 mulieris,
978 4043 1155 4114 incudem
1178 4064 1299 4133 campo
1318 4044 1460 4133 occisae,
1488 4044 1694 4135 abstractns3
1721 4046 1765 4117 de
1783 4048 1910 4137 quibus
1928 4036 2028 4116 omni-

486 4156 552 4227 bus
579 4156 726 4227 solvitur
753 4163 789 4227 et
815 4159 1017 4232 conducitur
1043 4160 1176 4233 decima
1193 4162 1421 4253 manipularis
1439 4169 1476 4235 et
1493 4167 1670 4256 canapalis
1696 4188 1761 4257 pro
1787 4168 1921 4239 maaria
1936 4179 2028 4255 prae-

487 4276 620 4348 bendae
647 4275 894 4369 Cracoviensis,
922 4300 1009 4371 quae
1028 4287 1173 4354 vocatur
1190 4282 1441 4373 Krzeslawska,
1468 4290 1505 4357 et
1530 4288 1631 4358 valor
1657 4290 1732 4361 eius
1759 4289 1965 4361 aestimatur
1988 4276 2028 4352 ad
2152 4365 2153 4378 χ

487 4396 574 4469 duas
601 4417 744 4473 marcas.
771 4398 858 4469 Item
886 4405 967 4471 sunt
985 4400 1034 4472 ibi
1052 4401 1120 4473 duo
1148 4403 1292 4492 praedIa
1309 4404 1482 4496 militaria,
1510 4407 1696 4499 dequibus
1719 4402 2027 4483 decimaturcccle·
2152 4383 2153 4422 ²

486 4518 558 4591 siae
585 4519 621 4590 in
648 4517 970 4611 Gyebolthou,
997 4524 1033 4593 et
1058 4522 1157 4593 valor
1182 4523 1257 4595 eius
1284 4526 1488 4599 aestimatur
1514 4529 1559 4599 ad
1585 4528 1671 4601 duas
1697 4550 1842 4603 marcas.

1170 4643 1361 4718 Snnsrow.

590 4760 693 4853 Villa,
719 4760 852 4833 habens
878 4762 1114 4854 parochialem
1141 4764 1319 4837 ecclesiam
1346 4767 1495 4858 ligneam
1523 4770 1559 4840 in
1586 4792 1633 4861 se,
1662 4770 1809 4843 Sanctae
1826 4768 2027 4845 Caluennae

486 4882 614 4973 virgini
640 4882 813 4974 gloriosae
840 4882 1002 4974 dicatam,
1030 4885 1126 4957 cuius
1157 4886 1325 4958 haeredes
1352 4886 1508 4979 Spythelr
1534 4890 1712 4963 lohannes
1738 4899 1776 4964 et
1800 4890 1968 4979 lacobus,
1994 4885 2027 4954 in

486 5022 554 5094 qna
580 5008 661 5075 sunt
687 5003 812 5095 viginti
839 5004 931 5076 lanei
958 5006 1210 5097 cmethonales,
1246 5007 1330 5079 item
1355 5028 1426 5080 una
1451 5011 1616 5102 taberna,
1643 5011 1774 5085 habens
1801 5034 1922 5105 agros,
1948 5011 2026 5081 item

485 5124 712 5215 hortulaniae,
738 5124 821 5197 item
838 5126 908 5197 tria
925 5125 1130 5217 molendino,
1159 5128 1323 5202 habentia
1349 5150 1461 5220 agros,
1489 5130 1675 5223 dequibus
1703 5136 1860 5207 omnibus
1887 5131 2027 5207 solvitur
2153 5139 2154 5150 ¹

486 5248 522 5315 et
549 5244 751 5317 conducitur
777 5245 910 5318 decima
935 5246 1161 5339 manipularis
1188 5270 1252 5339 pro
1278 5251 1521 5323 mansionariis
1547 5250 1845 5345 Oracoviensibus,
1872 5262 1910 5328 et
1934 5250 2025 5327 valor
2153 5327 2154 5336 ἵ

486 5362 561 5433 eins
588 5364 793 5436 aestimatur
819 5367 864 5438 ad
892 5367 1087 5457 quindecim
1113 5389 1258 5442 marcas.
1292 5371 1381 5443 Item
1408 5376 1490 5443 sunt
1514 5372 1565 5445 ibi
1592 5378 1740 5464 quatuor
1765 5376 1910 5467 praedia
1934 5367 2025 5446 nobi-

485 5481 579 5571 lium,
607 5482 649 5553 de
677 5503 821 5572 quornm
849 5488 943 5577 agris
972 5488 1121 5560 solvitur
1147 5489 1280 5562 decima
1296 5490 1523 5584 manipularis
1549 5494 1714 5568 ecclesiae
1739 5496 1777 5568 in
1803 5497 2025 5589 Sanspon·

485 5601 573 5676 Item
601 5602 799 5678 cmethones
826 5607 966 5681 solvunt
991 5608 1138 5701 plebano
1166 5609 1329 5705 nanctae,
1355 5614 1398 5692 de
1416 5612 1571 5706 quolibet
1587 5615 1689 5691 laneo
1716 5638 1819 5691 unam
1836 5628 2025 5693 mensurum
