4550 6600
506 751 580 830 alo
707 806 718 811 -

608 960 947 1034 Unrascrrowrczr
949 1012 1386 1029 ........

610 1080 853 1161 Ranawrucz
879 1080 1087 1157 Hucronrs
1135 1134 1155 1155 ..
1320 1134 1327 1150 .
1382 1134 1389 1151 .

608 1202 852 1277 Rsmswrncz
878 1200 1091 1274 Puczuorrs
1092 1254 1319 1271 .....
1343 1260 1345 1265 .
1374 1256 1380 1271 .

607 1323 850 1401 Ranrwrscz
876 1322 1104 1395 Pszoucrrn.

1048 1564 1287 1639 Knaszmczn
1314 1562 1515 1637 Jnnossrrr.

607 1689 702 1761 Villa
727 1690 859 1760 habens
886 1688 922 1758 in
950 1708 987 1759 se
1014 1686 1192 1758 ecclesiam
1219 1687 1463 1777 parochialem,
1490 1685 1617 1759 Sancto
1637 1740 1751 1757 .....
1771 1686 1937 1775 dicatum,
1965 1688 2054 1759 cuius

503 1810 627 1897 haeres
653 1809 677 1882 J
684 1811 865 1883 erowslr'
875 1832 898 1901 y
926 1809 969 1881 de
996 1809 1102 1879 armis
1129 1808 1421 1881 Rawitarum.
1447 1808 1487 1879 In
1507 1829 1576 1899 qua
1594 1813 1675 1881 sunt
1692 1808 1783 1879 lanei
1810 1808 2053 1897 emethonales,

504 1932 546 2003 de
574 1933 698 2023 quihus
725 1932 876 2003 solvitur
899 1931 1032 2003 decima
1051 1984 1165 2000 .....
1246 1930 1334 2003 Item
1363 1929 1543 2021 praedium
1570 1938 1625 2003 est
1651 1930 1699 2002 ihi
1727 1930 1890 2020 militare,
1920 1928 1965 2001 de
1992 1950 2052 2019 quo

504 2054 695 2125 decimatur
722 2054 886 2125 ecclesiae
913 2054 949 2123 in
975 2051 1272 2123 Krasznicza.
1317 2053 1405 2125 Item
1432 2052 1599 2143 plebanus
1627 2052 1733 2125 hahet
1768 2052 1817 2124 ibi
1844 2072 1956 2143 agros
1982 2072 2055 2141 pro-

503 2175 608 2265 prios,
635 2196 702 2265 pro
726 2196 788 2246 suo
816 2174 960 2265 praedio
987 2180 1022 2246 et
1048 2174 1265 2245 necessitate.

509 2375 514 2382 ,
609 2294 860 2386 Ossmourczn‚
900 2296 985 2367 villa
1011 2296 1075 2367 sub
1104 2296 1269 2385 parochia
1295 2296 1339 2366 de
1365 2294 1654 2367 Krasznicza
1681 2297 1767 2385 sita,
1805 2296 1908 2367 euius
1936 2294 2052 2366 haeres

503 2415 667 2488 Nicolaus
694 2418 737 2488 de
764 2416 1064 2506 Prewidluyh
1073 2439 1114 2505 y,
1143 2416 1246 2487 iudex
1274 2416 1495 2497 Lubliuensis
1522 2417 1648 2515 nobilis
1667 2417 1710 2488 de
1729 2418 1835 2511 armis
1865 2416 2052 2486 Buncza

390 2547 394 2555 '
503 2537 544 2609 Iu
571 2560 640 2629 qua
666 2543 746 2611 suut
772 2539 897 2628 viginti
924 2542 1057 2628 septem
1092 2537 1185 2609 lanei
1222 2540 1484 2629 cmethoneleS,
1510 2538 1553 2609 de
1581 2540 1705 2633 quihus
1740 2538 1894 2619 solvitur
1928 2538 2052 2609 decima
2099 2568 2101 2573 ¹

503 2659 738 2748 manipularis,
766 2658 923 2729 sednon
950 2658 1138 2748 cenapolis,
1166 2678 1229 2747 pro
1258 2658 1541 2730 archidiaconatu
1558 2658 1773 2748 Lublinensi,
1801 2665 1838 2729 et
1867 2658 1970 2730 valor
1986 2658 2052 2729 eius

504 2780 708 2851 aestimatur
734 2779 779 2851 ad
806 2779 1001 2870 quindecim
1027 2759 1172 2851 marcas.
1217 2780 1305 2851 Item
1332 2781 1500 2853 tabernae
1528 2781 1687 2871 quinque,
1715 2781 1797 2851 item
1826 2780 2051 2867 hortulaniac,

501 2901 586 2971 item
612 2900 855 2991 molendinum,
882 2901 944 2973 sed
970 2921 1041 2973 uon
1067 2902 1198 2973 hahent
1224 2921 1337 2989 agros.
1364 2901 1453 2973 Item
1478 2907 1532 2973 est
1558 2902 1606 2973 ibi
1634 2902 1814 2992 praedium
1841 2922 1953 2973 unum
1972 2900 2049 2971 mili-

501 3026 579 3093 tare
604 3023 741 3113 honum,
769 3023 852 3095 item
879 3023 1040 3095 scoltetia
1066 3022 1198 3094 hahens
1227 3028 1377 3112 quatuor
1402 3022 1521 3095 laneos
1540 3030 1576 3095 et
1594 3044 1696 3094 unam
1715 3024 1902 3095 tabernam
1929 3023 2049 3093 haben·

500 3148 572 3213 tem
599 3162 716 3234 agros,
742 3142 785 3215 de
812 3144 937 3234 quihus
965 3144 1123 3216 omnihus
1153 3142 1311 3232 solvitur,
1340 3142 1474 3215 decima
1499 3144 1724 3234 manipularis
1752 3150 1789 3215 et
1816 3144 2047 3243 cauepalisiu

501 3261 786 3336 Krasznicza
811 3263 835 3336 J
844 3265 1055 3356 arosslry,
1083 3271 1119 3337 et
1146 3264 1245 3338 valor
1272 3265 1346 3337 eius
1374 3266 1578 3338 aestimatur
1601 3266 1649 3339 ad
1677 3272 1828 3358 quatuor
1854 3286 2001 3338 marcas.

609 3505 912 3582 Srszuzowrozr.
972 3563 1226 3581 .....

607 3628 821 3702 Mnnruow.

607 3751 741 3823 Bsnrn
767 3752 894 3851 Bucar.
968 3808 1222 3824 .....

605 3871 886 3946 Brsrnzrczuu.

606 3993 739 4066 Bssru
765 3994 947 4067 Mnsrmr.

604 4114 903 4188 Prenwruunrrrr
904 4171 1224 4186 ......

1099 4342 1428 4416 ‘Anrnnowrczu
1473 4415 1479 4428 ,

603 4481 698 4553 Villa
723 4482 855 4556 habens
882 4483 1061 4554 ecclesiam
1088 4482 1323 4574 parochialem
1350 4483 1385 4554 in
1413 4503 1451 4553 se
1477 4482 1637 4574 ligneam,
1665 4481 1772 4554 Sauct
1789 4537 1934 4554 ......
1962 4483 2043 4555 dicu-

498 4610 581 4695 tam,
609 4606 706 4676 cuius
734 4606 856 4676 haeres
882 4604 1060 4676 Johannes
1088 4601 1574 4695 Clymunthowsky‘de
1601 4603 1703 4676 domo
1732 4604 2043 4696 Bippenuiunr.

498 4726 539 4797 Iu
567 4748 636 4816 qua
662 4732 744 4799 suut
769 4727 861 4799 lanei
887 4727 1133 4816 emethouales,
1162 4726 1204 4797 de
1232 4725 1357 4816 quibus
1385 4726 1543 4797 omnibus
1564 4726 1711 4798 solvitur
1738 4727 1872 4797 decima
1898 4728 2042 4816 manipu-

498 4847 581 4919 laris
609 4855 645 4920 et
672 4850 848 4939 canapalis
875 4870 938 4939 pro
957 4903 1097 4918 ......
1134 4847 1223 4920 Item
1250 4847 1396 4918 ecclesia
1423 4854 1459 4918 et
1486 4849 1655 4937 plebanus
1682 4848 1789 4919 habet
1815 4849 1865 4919 ihi
1893 4849 2041 4939 proprios

498 4991 603 5061 agros
637 4971 784 5062 liberos,
819 4992 883 5062 pro
911 4992 973 5044 suo
1008 4992 1074 5044 usu
1101 4974 1137 5042 et
1162 4969 1390 5059 necessitate,
1426 4989 1556 5060 pascua
1592 4975 1627 5042 et
1654 4953 1841 5042 sectionem
1880 4971 2040 5076 lignorum

498 5091 617 5164 libera
1976 5071 1985 5089 ’

601 5213 785 5286 Szmruow
811 5213 960 5287 Jacoau
1028 5269 1036 5284 .
1090 5270 1097 5286 .
1152 5269 1159 5286 .
1213 5267 1220 5286 .

601 5335 910 5409 Domrnow...
964 5393 971 5408 .
1025 5393 1033 5408 .
1087 5392 1094 5408 .
1151 5392 1220 5408 ..

600 5454 763 5529 Wrncrn
789 5477 921 5530 roure.
1089 5515 1097 5530 .
1151 5513 1159 5529 .
1213 5513 1220 5529 .

988 5649 993 5654 .
1182 5578 1362 5652 Gunuow.

598 5697 693 5770 Villa
720 5701 851 5772 habens
879 5703 914 5772 in
942 5723 979 5773 se
1006 5701 1186 5774 ecclesiam
1223 5701 1458 5792 parochialem
1494 5703 1663 5794 ligneam,
1700 5703 1827 5775 Sancto
1857 5705 2035 5778 Adalherta
2145 5779 2146 5782 ,
