4550 6600
523 746 597 818 164

377 948 381 953 ’
521 947 814 1035 Pleschowsky
840 946 978 1033 brzeg,
1010 942 1264 1037 cmusnbaercs
1299 939 1479 1013 Vernerus
1506 940 1549 1011 de
1575 939 1920 1031 Sledzeyowyczc
1955 937 2059 1011 dictus

430 1112 436 1119 -
520 1067 772 1159 Wyerzynlr
800 1065 841 1135 de
869 1064 970 1135 domo
990 1117 1184 1133 ........
1210 1063 1343 1134 habens
1378 1082 1482 1151 agros
1509 1061 1661 1151 amplos,
1697 1060 1892 1150 dequibus
1920 1058 2061 1131 decimat

521 1166 738 1281 praebendae
775 1184 953 1275 praefatae
988 1184 1344 1275 Rzemyandzyczska.
1378 1182 1469 1253 Item
1495 1186 1549 1253 est
1574 1181 1625 1251 ibi
1650 1180 1721 1251 alia
1745 1179 1913 1267 taberna,
1940 1178 2062 1251 habens

521 1331 642 1399 agros,
679 1308 776 1378 cuius
801 1306 997 1397 proprietas
1029 1305 1181 1394 pertinet
1207 1303 1252 1374 ad
1278 1303 1463 1392 plebanum
1490 1307 1526 1373 et
1552 1301 1732 1373 ecclesiam
1757 1300 1793 1371 in
1820 1299 2064 1390 Pleschon,

522 1431 565 1501 de
584 1430 680 1500 ouius
699 1428 792 1517 agris
820 1426 924 1497 solvit
950 1424 1116 1495 decimam
1134 1424 1292 1513 plebano.
1319 1423 1408 1493 Item
1427 1441 1568 1494 censum
1586 1476 1594 1490 .
1613 1476 1621 1491 .
1640 1420 1781 1492 ..Item
1802 1420 1903 1493 dicta
1929 1420 2066 1501 ecclesIa

521 1552 557 1623 in
583 1548 822 1620 Pleschow
847 1546 955 1617 habet
981 1545 1030 1617 ibi
1056 1544 1218 1636 proprios
1254 1564 1357 1634 agros
1391 1542 1521 1615 liberos
1547 1548 1584 1614 et
1610 1546 1729 1633 prata,
1764 1562 1829 1632 pro
1856 1560 1921 1611 suo
1948 1546 2066 1612 usuct

519 1670 737 1743 necessitate.

622 1787 925 1875 Kazusmwrozu,
954 1786 1037 1857 villa
1064 1786 1127 1857 sub
1155 1785 1321 1875 parochia
1347 1785 1390 1856 de
1412 1784 1621 1864 Pleschow
1647 1771 1724 1873 sita,
1751 1782 1849 1853 cuius
1875 1782 2065 1871 proprietas

521 1910 566 1983 ad
592 1906 840 1981 monasterium
865 1906 1133 1997 Myechovionse
1159 1907 1320 1996 pertinet.
1346 1906 1387 1976 In
1404 1926 1482 1995 >qua
1508 1904 1687 1975 duodecim
1713 1903 1805 1975 111111
1831 1902 2068 1993 cnecnonales,

521 2032 603 2103 item
631 2050 701 2099 una
727 2029 874 2099 taberna
909 2027 1042 2097 habens
1069 2048 1192 2117 agros,
1229 2028 1313 2097 item
1340 2031 1473 2115 septem
1508 2024 1728 2098 hortulaniac
1765 2024 1938 2095 habentes
1965 2042 2068 2112 agros,

517 2152 600 2221 item
627 2149 867 2221 molendinum
894 2146 1095 2217 influmine
1122 2146 1492 2236 Dlubnyababens
1528 2167 1649 2235 agros,
1684 2144 1880 2234 dequibus
1917 2143 2067 2215 omnibns

522 2271 670 2343 solvitur
697 2275 733 2340 et
760 2268 963 2339 conducitur
999 2267 1132 2339 decima
1168 2267 1396 2359 manipularis
1423 2272 1459 2337 et
1485 2266 1660 2356 canapalis
1695 2264 1917 2355 praebendae
1953 2262 2069 2335 Gracc

520 2390 642 2479 riensi,
671 2408 760 2479 quae
795 2394 940 2459 vocatur
974 2386 1238 2478 Krzeslawska,
1275 2389 1371 2460 cuins
1397 2388 1496 2460 valor
1523 2387 1726 2458 aestimatur
1764 2383 1810 2455 ad
1835 2385 1986 2475 triginta
2010 2405 2065 2455 sex

521 2529 667 2581 marcas.
693 2510 782 2581 Item
810 2514 864 2581 est
890 2508 939 2579 ibi
965 2508 1146 2597 praedium
1165 2509 1333 2599 optimum
1360 2508 1569 2598 coenobiale,
1595 2508 1639 2579 de
1658 2506 1754 2580 euius
1772 2506 1866 2595 agris
1883 2527 1956 2577 non
1973 2505 2069 2576 solvit

523 2630 627 2702 alicui
654 2630 842 2717 decimam,
879 2629 940 2700 sed
967 2650 1043 2699 eam
1070 2650 1133 2719 pro
1162 2651 1199 2702 se
1226 2630 1319 2701 tollit
1346 2635 1382 2701 et
1408 2630 1444 2699 in
1470 2629 1634 2701 horreum
1669 2648 1769 2699 suum
1804 2625 1950 2697 inducit
1989 2625 2069 2696 Itan

523 2771 642 2823 omnes
670 2751 868 2822 cmethones
896 2750 1034 2822 solvunt
1060 2751 1207 2840 plebano
1234 2747 1386 2821 1111111111
1387 2804 1496 2819 .....

627 2870 823 2961 Lunocza,
842 2872 925 2943 villa
942 2872 1144 2943 monasterii
1163 2871 1476 2943 sanctimonialium
1493 2870 1537 2943 de
1553 2868 1872 2961 Zwierzyniecz,
1891 2868 1958 2940 sub
1975 2886 2068 2959 paro
2089 2903 2092 2908 >

524 2991 605 3063 chia
630 2991 798 3063 eeclesiae
824 2992 867 3063 de
893 2991 1143 3063 Pleschow.
1166 3046 1174 3061 .
1201 3046 1208 3061 .
1236 3047 1244 3062 .
1354 3062 1362 3069 .

1145 3112 1458 3185 Nrurononrcza.

631 3234 726 3306 Villa
751 3233 883 3305 habens
910 3233 946 3304 in
973 3253 1010 3304 se
1037 3233 1271 3324 parochialem
1298 3235 1478 3306 ecclesiam
1505 3239 1677 3306 muratam
1703 3234 1740 3304 in
1766 3234 1936 3307 honorem
1963 3234 2070 3305 decen

523 3358 667 3442 millium
695 3355 843 3425 militurn
870 3353 1076 3426 Sanctorum
1104 3353 1262 3443 dicatam,
1290 3356 1387 3425 cuius
1413 3356 1609 3446 proprietas
1628 3357 1673 3427 ad
1690 3356 1953 3427 serenissimum
1978 3355 2071 3426 Polo·

523 3478 603 3549 niae
629 3497 746 3566 regem
773 3475 934 3564 pertinet.
961 3475 1001 3544 In
1021 3495 1089 3564 qua
1107 3481 1189 3546 sunt
1211 3475 1337 3565 viginti
1353 3478 1520 3549 tabernae
1546 3479 1714 3550 babentes
1741 3498 1855 3568 agros,
1882 3475 1928 3547 de
1956 3476 2070 3567 quibus

524 3599 682 3672 omnibus
710 3595 859 3666 solvitur
887 3600 922 3666 et
949 3595 1154 3668 conducitur
1180 3597 1315 3668 decima
1339 3599 1565 3688 manipularis
1591 3603 1628 3670 ot
1654 3599 1831 3688 canapalis
1858 3597 2024 3668 ecclesiae
2040 3600 2071 3665 et

523 3720 597 3790 eius
624 3719 772 3808 plebano
799 3717 836 3788 in
863 3714 1196 3810 Nyepolomyeze,
1222 3724 1258 3790 et
1275 3719 1373 3790 valor
1392 3720 1466 3790 eius
1484 3720 1529 3790 ad
1556 3720 1674 3791 decem
1700 3739 1834 3790 marcas
1862 3719 2069 3790 aestimatm.

521 3839 610 3910 Item
638 3839 744 3910 habet
771 3839 819 3910 ibi
846 3839 1013 3928 plebanus
1041 3845 1078 3911 et
1104 3841 1250 3912 ecclesia
1277 3840 1363 3912 duas
1389 3838 1500 3911 eiwon
1526 3846 1562 3912 et
1587 3861 1693 3912 unum
1728 3845 1884 3930 pratum,
1921 3860 1987 3930 pro
2014 3857 2069 3908 sno

524 3960 667 4059 praedio
695 3965 731 4029 ct
757 3961 974 4030 necessitate.
1009 3961 1097 4031 Item
1124 3963 1292 4051 plebanus
1319 3967 1355 4034 et
1380 3961 1526 4034 ecclesia
1551 3962 1658 4033 habet
1682 3961 1719 4030 in
1746 3962 1868 4051 zuppis
1895 3961 2069 4032 Boohnen-

521 4080 618 4178 sibus
645 4099 709 4168 pro
738 4079 949 4168 quibuslibet
977 4086 1126 4169 quatuor
1152 4083 1365 4172 temporibus
1383 4103 1489 4154 unum
1506 4082 1656 4172 lapidem
1683 4083 1766 4172 sepi,
1793 4084 1899 4154 unum
1925 4081 2069 4171 lapidem

524 4218 633 4287 cerac,
661 4218 765 4268 unam
792 4219 989 4269 mensuram
1017 4201 1098 4272 salis
1126 4202 1268 4293 minuti,
1295 4209 1331 4274 et
1357 4226 1463 4274 unum
1489 4204 1724 4275 centenarium
1751 4203 1794 4274 de
1820 4204 1955 4274 maiori.
1988 4203 2071 4274 Item

523 4320 598 4410 ipse
625 4317 792 4408 plebanus
819 4319 926 4390 babet
952 4320 988 4390 in
1015 4323 1230 4412 proprietate
1263 4344 1326 4394 sna
1351 4347 1456 4396 unam
1486 4326 1669 4397 tabernam
1700 4324 1830 4396 ibidem
1856 4325 1892 4396 in
1918 4325 2069 4418 Nyepo

523 4439 714 4530 Iomyczo,
743 4459 831 4528 quae
849 4460 913 4528 pro
933 4461 1038 4512 censu
1065 4443 1171 4514 solvit
1197 4445 1264 4516 sibi
1291 4447 1468 4517 annuatim
1486 4467 1550 4536 per
1567 4445 1714 4516 mediam
1744 4445 1891 4520 alteram
1916 4436 2069 4532 marcam,

524 4558 617 4632 diem
643 4565 761 4630 autem
787 4581 857 4630 non
883 4560 1030 4634 laborat.
1066 4563 1155 4634 Item
1182 4565 1288 4636 habet
1314 4589 1420 4638 unum
1447 4567 1688 4659 hortulanum,
1718 4568 1783 4660 nui
1809 4567 1950 4640 laborat
1973 4542 2071 4638 unam

524 4679 616 4752 diem
642 4681 678 4750 iu
706 4680 908 4770 septimana,
937 4682 1041 4754 solvit
1068 4690 1184 4756 autem
1211 4707 1274 4776 pro
1290 4709 1408 4760 censu
1426 4743 1568 4758 ......

630 4800 893 4892 Mscznnozru,
921 4801 1004 4874 villa
1031 4807 1094 4878 sub
1113 4788 1278 4897 parochia
1304 4808 1346 4880 de
1373 4809 1746 4902 Nycpolomycze
1773 4809 1858 4902 sita,
1877 4810 1977 4882 cuius
1993 4828 2068 4900 pro·

524 4919 657 5014 prietes
684 4922 729 4992 ad
755 4925 1004 4994 monasterium
1030 4919 1300 5018 Myec'hoviense
1327 4931 1489 5020 pertinet.
1533 4931 1574 5002 In
1602 4953 1671 5022 qua
1698 4936 1779 5002 sunt
1805 4931 1898 5002 lanei
1925 4930 2071 5002 111111111-

524 5043 629 5133 nelca,
649 5042 691 5113 de
711 5044 835 5133 quibus
855 5043 1001 5116 solvitur
1020 5053 1056 5118 et
1075 5049 1280 5122 conducitur
1298 5051 1430 5123 decima
1447 5052 1672 5144 manipularis
1691 5057 1726 5124 et
1743 5052 1918 5143 canapalis
1936 5073 1999 5144 pro

628 5163 792 5256 Wonrn,
830 5165 913 5252 villa
941 5167 1004 5238 sub
1031 5171 1196 5258 parochia
1223 5172 1266 5243 de
1293 5172 1668 5265 Nyepolomycze
1705 5173 1792 5263 sita,
1829 5174 1927 5246 cuins
1953 5175 2070 5246 haeres

526 5284 734 5356 Bothurz
743 5286 860 5377 ynsk
869 5309 891 5378 y
920 5286 962 5358 de
990 5289 1096 5360 armis
1116 5344 1123 5360 .
1143 5345 1150 5360 .
1169 5345 1203 5361 ..
1229 5291 1271 5362 In
1299 5315 1367 5384 qua
1385 5300 1466 5365 sunt
1492 5293 1584 5365 lanei
1611 5294 1854 5384 emethonales,
1881 5294 1925 5366 dc
1952 5294 2070 5386 quibus

526 5404 674 5476 solvitur
701 5411 737 5478 et
764 5407 968 5479 conducitur
996 5409 1128 5482 decima
1155 5413 1380 5502 manipularis
1407 5421 1444 5486 et
1470 5415 1645 5506 canapalis
1671 5436 1735 5506 pro
1762 5414 1923 5506 episcopo
1951 5414 2070 5487 Gracc

525 5523 646 5614 densi,
674 5526 770 5597 cuius
798 5528 896 5600 valor
922 5531 1126 5603 aestimatur
1154 5533 1198 5604 ad
1218 5587 1332 5604 .....
1359 5533 1457 5629 Item
1475 5535 1524 5606 ibi
1550 5536 1733 5625 praedium
1759 5558 1883 5628 unum,
1909 5536 1952 5609 dc
1979 5535 2069 5608 cuins

526 5642 621 5736 agris
649 5644 841 5722 decimatur
867 5651 1034 5727 ecclesiae
1060 5659 1097 5728 et
1123 5654 1272 5749 plebano
1298 5656 1335 5730 in
1361 5656 1743 5750 Nyepolomycze.
