4550 6600
1687 774 1759 843 129

881 973 1071 1047 Poaronn.

307 1094 400 1167 Villa
425 1095 558 1167 habens
584 1094 765 1167 ecclesiam
791 1096 1026 1186 parochialem
1052 1096 1202 1185 ligneam
1229 1096 1409 1191 pulchram
1434 1094 1597 1171 Omnium
1614 1100 1759 1173 Sancto-

213 1238 290 1307 rum,
316 1216 411 1287 euius
429 1216 555 1288 haeres
573 1217 695 1287 unicus
713 1214 891 1289 Jehannes
909 1216 1257 1307 Paschlrewsky
1284 1219 1326 1289 de
1345 1220 1450 1290 armis
1467 1218 1759 1314 Plomyenye
1857 1196 1863 1205 Χ

212 1339 246 1409 ln
272 1358 336 1428 qua
362 1338 443 1407 olim
470 1342 571 1408 erant
590 1327 670 1409 =tres
697 1338 824 1427 curiae,
850 1339 954 1410 hodie
981 1346 1099 1411 tamen
1126 1340 1162 1408 in
1181 1360 1285 1410 unam
1303 1340 1488 1429 redactae,
1515 1342 1622 1414 habet
1639 1345 1758 1415 taber·

212 1481 283 1535 nam
309 1464 344 1530 et
370 1458 583 1548 hortulanus,
611 1458 653 1529 de
681 1480 750 1549 qua
775 1460 953 1531 totavilla
971 1460 1075 1531 datur
1094 1460 1402 1550 decimaplebano.
1428 1460 1575 1533 Patroni
1592 1464 1756 1554 eiusdem,

211 1581 332 1671 primus
367 1578 609 1669 principaliter
643 1578 820 1651 lohannes
857 1579 1205 1672 Paschhowslry
1239 1582 1347 1653 habet
1374 1583 1461 1654 duas
1487 1564 1589 1655 voces
1615 1586 1757 1675 primae,
1856 1590 1865 1605 ‘

211 1722 303 1772 unam
339 1700 382 1771 de
418 1700 539 1771 eadem
573 1694 809 1793 Pebyodi,
838 1706 873 1771 et
900 1702 1047 1773 alteram
1083 1702 1756 1794 dePasehlrowlraetTreb013

210 1822 368 1895 secundus
405 1826 574 1912 patronus
610 1820 789 1893 Johannes
825 1821 1122 1913 Russoezsky
1149 1823 1192 1893 de
1219 1822 1242 1893 J
1251 1825 1603 1915 aschkewycze3
1629 1827 1756 1907 tertius

211 1943 358 2015 dominus
376 1940 541 2014 Nicolaus
559 1926 584 2013 J
591 1943 734 2042 orden
759 1942 801 2015 de
830 1940 1202 2035 Gnyazdowyeze3
1229 1950 1375 2033 quartus
1393 1944 1576 2017 danussius
1595 1946 1757 2019 Strzala

210 2070 241 2135 et
264 2064 320 2134 alii
345 2064 517 2135 haeredes
545 2062 587 2135 de
614 2062 843 2154 Banczyn;
871 2064 1012 2153 quintus
1030 2064 1209 2135 Johannes
1228 2070 1264 2135 et
1282 2064 1446 2137 Nicolaus
1465 2064 1755 2159 Strzalowye

208 2184 353 2277 germani
371 2184 416 2256 de
435 2184 779 2275 Sossnowycze3
807 2191 926 2256 sextus
957 2184 1140 2275 Philippus
1162 2184 1376 2257 Burkath
1404 2186 1446 2257 de
1474 2187 1755 2278 Brzezynka.
1822 2187 1825 2192 “

208 2306 285 2378 Post
319 2328 467 2397 quorum
503 2308 654 2378 omnium
691 2306 804 2377 curias
831 2307 938 2378 habet
963 2306 1132 2397 plebanus
1161 2307 1329 2379 decimam
1356 2314 1392 2378 et
1418 2310 1693 2397 posthabendas
1719 2316 1756 2381 et
1826 2284 1831 2289 ⁴

207 2428 414 2500 hortulanias
441 2448 569 2505 eorum.
596 2427 708 2498 Valor
733 2426 885 2499 decimae
913 2427 949 2499 in
976 2426 1194 2519 Pobyodr
1219 2430 1326 2500 trium
1352 2450 1561 2521 marcarum,
1588 2437 1624 2501 el
1650 2452 1755 2521 pecu-

207 2549 331 2621 niarum
358 2570 483 2621 novem
508 2534 652 2643 grossos
670 2530 817 2638 ¹solvunt
844 2549 1031 2621 hortulani.
1058 2550 1099 2620 In
1126 2550 1442 2622 Pasehlrewka
1468 2552 1628 2623 similiter
1646 2553 1754 2623 trium

206 2692 412 2757 marcarum,
440 2675 475 2742 et
500 2669 629 2743 ibidem
656 2669 742 2742 dant
768 2671 967 2741 emethones
994 2671 1160 2760 pecunias
1187 2677 1224 2741 el
1251 2671 1424 2761 siliginem
1450 2693 1533 2753 oum
1556 2694 1675 2745 avena.
1712 2674 1763 2770 ln

206 2790 226 2861 J
234 2792 444 2863 aschkow
453 2810 563 2883 ycze
598 2790 731 2861 decima
766 2793 874 2863 totius
912 2790 1016 2862 villae
1052 2797 1131 2862 oete
1167 2812 1383 2882 marearum,
1418 2814 1458 2863 ae
1492 2799 1566 2865 tres
1600 2792 1755 2865 fertones
1885 2808 1893 2820 ·

205 2914 423 3003 pecuniarum
452 2913 592 2984 solvunt
619 2912 761 2983 incolae.
788 2911 829 2983 In
857 2912 1056 2983 Trzebol
1083 2912 1193 2983 totius
1220 2913 1324 2983 villae
1351 2912 1484 2985 decima
1509 2935 1633 2985 novem
1660 2936 1753 2986 mar·
1799 2906 1801 2912 ’

207 3054 332 3125 aarum,
369 3054 412 3105 ac
447 3040 521 3105 tres
555 3033 711 3105 fertones
745 3032 969 3122 pecuniarum
1006 3032 1147 3103 solvunt
1182 3032 1359 3105 haeredes.
1403 3032 1444 3103 In
1480 3033 1754 3124 Brzezynka
1893 3030 1897 3037 ’
1964 3005 1968 3015 f

206 3154 329 3227 decima
362 3157 468 3227 unius
503 3175 640 3226 marcae
668 3174 744 3225 cum
771 3153 903 3243 media,
931 3174 972 3224 ae
999 3153 1179 3224 duodecim
1206 3154 1319 3243 grossi
1344 3154 1566 3243 pecuniarum
1594 3154 1636 3225 de
1664 3176 1753 3226 cme-

205 3276 370 3368 ibonibus,
401 3277 460 3368 qui
487 3276 626 3349 solvunt
653 3274 818 3347 decimam
844 3274 1095 3365 manipularem
1121 3275 1253 3347 vicario
1271 3273 1491 3364 praebendae
1511 3273 1751 3348 Graeoviensis
1878 3319 1884 3328 -

205 3397 432 3487 Bodzowslra3
459 3398 555 3469 cuius
582 3397 682 3469 valor
708 3397 810 3467 unius
837 3417 983 3468 marcae.
1019 3396 1061 3466 ln
1087 3397 1302 3486 Banczyn
1330 3395 1462 3466 decima
1489 3396 1635 3468 duarum
1662 3399 1754 3468 curi-

205 3539 314 3609 arum,
341 3518 442 3592 valor
468 3519 572 3590 unius
599 3538 677 3590 cum
703 3518 818 3590 media
843 3538 999 3608 marcae,
1027 3525 1063 3588 et
1089 3517 1218 3588 ibidem
1246 3517 1385 3589 solvunt
1411 3517 1544 3588 incolae
1571 3519 1752 3609 siliginem,

205 3659 339 3712 arenam
376 3645 414 3710 et
447 3640 612 3730 pecunias
649 3639 693 3710 ad
728 3639 841 3710 minus
868 3659 992 3710 novem
1019 3659 1167 3728 marcae,
1194 3639 1310 3710 omnia
1336 3645 1478 3728 praeter
1504 3639 1681 3709 decimam.
1708 3640 1750 3710 ln
1866 3659 1871 3666 ·

205 3759 526 3852 Sossnowycze
560 3767 640 3851 post
677 3761 807 3832 curiam
843 3759 1016 3831 Johannis
1050 3759 1203 3830 Senioris
1241 3757 1429 3829 Strzala
1464 3759 1557 3829 tellit
1591 3760 1750 3831 minister

204 3881 360 3954 ecclesiae
398 3903 463 3973 pro
499 3882 651 3972 salario,
673 3887 709 3952 et
744 3887 824 3972 post
860 3881 989 3951 curiam
1016 3887 1053 3951 et
1080 3886 1241 3980 araturas
1267 3879 1403 3950 Nicolai
1430 3885 1467 3950 et
1493 3879 1649 3950 Janussii
1675 3881 1750 3950 eius

203 4001 275 4092 lilii,
301 4003 398 4076 tollit
433 4003 621 4094 plebanus;
658 4003 755 4074 cuius
790 4002 888 4074 valor
924 4001 1069 4072 duarum
1096 4022 1309 4088 marearum3
1335 4006 1371 4070 et
1396 4000 1526 4071 ibidem
1553 4001 1751 4071 emethones

204 4143 322 4216 omnes,
349 4124 492 4196 solvunt
518 4125 692 4214 pecunias,
720 4123 905 4214 siliginem,
933 4131 1077 4194 avenam
1105 4143 1170 4212 pro
1196 4121 1411 4212 missalihuS,
1440 4122 1570 4193 valoris
1598 4122 1761 4212 quinque·

204 4264 408 4337 marearum,
444 4251 479 4317 et
513 4246 602 4316 istae
637 4245 739 4316 villae
775 4250 856 4315 sunt
891 4245 954 4315 sub
990 4243 1157 4334 parochia
1192 4243 1344 4313 eiusdem
1381 4243 1554 4313 eeclesiae.
1594 4244 1682 4312 ltem
1713 4243 1750 4312 in

205 4363 598 4459 Sezyborowyeze,
626 4367 690 4437 sub
716 4366 883 4456 parochia
908 4365 1230 4454 Kesezyelecz,
1257 4363 1750 4453 retroProsehowyoze,

204 4487 293 4558 euius
328 4488 454 4559 haeres
488 4485 698 4575 Wlodelr3
735 4485 837 4556 datur
875 4485 1008 4556 decima
1043 4491 1123 4574 post
1156 4485 1353 4574 praedieles
1389 4505 1492 4574 agros
1528 4485 1676 4573 plebano
1713 4485 1749 4552 in

204 4603 422 4699 Pebyedr,
449 4607 547 4678 valor
574 4607 688 4677 decem
716 4601 934 4696 florenorum,
963 4605 1024 4678 sed
1051 4607 1178 4677 dieitur
1196 4627 1271 4676 esse
1289 4605 1420 4676 melior.
1447 4605 1534 4674 Item
1553 4605 1588 4672 in
1608 4601 1750 4693 Gnya-

204 4729 437 4820 zdowycze
472 4732 552 4819 post
587 4733 699 4798 certos
734 4748 837 4817 egros
873 4727 1106 4798 emelhonales
1143 4727 1276 4796 decima
1311 4725 1440 4795 valoris
1474 4730 1623 4814 quatuor
1655 4745 1746 4793 mar·

204 4867 312 4922 carum
350 4850 455 4921 datur
491 4848 536 4920 ad
570 4848 800 4938 Pobyodr,
828 4849 924 4920 euius
962 4848 1086 4918 haeres
1122 4849 1281 4933 dominus
1316 4845 1339 4916 J
1349 4844 1510 4935 ordan,
1538 4851 1573 4914 ee
1600 4850 1654 4915 est
1681 4845 1745 4915 suh

203 4971 363 5058 parochia
397 4969 782 5060 Prosehowyeze,
809 4970 916 5041 habet
943 4974 978 5040 et
1005 4970 1040 5038 in
1066 4967 1173 5039 hundo
1200 4968 1317 5056 plures
1344 4965 1559 5056 specificatas
1586 4966 1747 5054 decimae,

203 5091 343 5164 sedeas
370 5113 440 5164 uon
467 5092 560 5182 capit
585 5090 630 5162 ad
656 5110 831 5180 praesens.
857 5088 955 5160 Haeo
981 5089 1178 5178 conscripta
1205 5092 1286 5159 sunt
1310 5088 1403 5158 bena
1428 5087 1496 5158 fide
1522 5092 1560 5156 et
1576 5086 1748 5157 veraciter

203 5230 242 5282 ex
267 5219 364 5284 certa
389 5211 543 5284 scientia.

865 5329 1073 5402 Karmana

298 5454 396 5527 Villa
411 5453 646 5545 parochialem
673 5451 852 5524 eeclesiam
869 5452 1019 5541 hgneam
1046 5449 1173 5521 Sancto
1200 5447 1344 5518 Nicolao
1372 5444 1571 5518 Confessam·
1597 5446 1748 5518 dicatam

202 5573 328 5646 habens
355 5575 446 5646 inse
464 5575 581 5664 sitam,
610 5573 706 5644 euius
724 5571 893 5644 haeredes
911 5569 1104 5660 Johannes,
1130 5569 1271 5640 Marcus
1290 5566 1462 5657 Georgius
1489 5573 1526 5638 et
1542 5566 1750 5656 Katholdus,
1771 5599 1773 5607 ·

203 5695 330 5767 nobiles
358 5693 401 5766 de
426 5695 532 5766 armis
559 5693 769 5784 Szarzya.
809 5691 850 5762 Iu
876 5713 944 5784 qua
972 5696 1054 5762 sunt
1079 5691 1171 5761 lanei
1198 5688 1444 5779 emethonales,
1461 5688 1555 5759 item
1572 5688 1748 5777 tabernae,

299 5861 350 5906 Lib.
363 5863 460 5904 Bmlle.
477 5862 508 5906 Π.
1545 5838 1580 5884 Η
