4550 6600
1682 762 1757 836 239
1818 829 1823 840 .

210 974 374 1047 etubam
399 986 549 1057 arenae;
585 966 668 1039 item
694 966 800 1041 habet
830 964 998 1058 plebanus
1024 973 1061 1039 et
1074 965 1233 1059 ¹ecclesia
1267 968 1428 1061 proprios
1463 988 1568 1059 agros
1595 972 1631 1039 et
1656 973 1759 1063 prata

210 1096 244 1161 et
269 1090 418 1183 sylvam,
445 1110 510 1181 pro
536 1110 600 1163 suo
627 1110 694 1163 usu
719 1095 756 1161 et
782 1090 998 1163 necessitate.

253 1214 255 1219 ’
896 1209 1064 1285 Ozcuou.

316 1329 491 1422 Oppidum
525 1332 658 1403 habens
693 1332 730 1402 in
765 1352 803 1403 se
829 1332 1062 1421 parochialem
1098 1332 1279 1404 ecelesiam
1313 1337 1504 1423 muratam,
1539 1336 1577 1405 et
1609 1330 1757 1409 sannae

208 1448 341 1525 Mariae
376 1434 565 1525 Natiuitati
601 1452 768 1544 dicatam,
804 1454 904 1549 cuius
927 1454 1124 1545 proprietas
1151 1459 1189 1542 et
1214 1452 1403 1527 dominium
1428 1453 1474 1525 ad
1501 1453 1757 1525 serenissimum

207 1572 368 1673 Poloniae
395 1594 512 1665 regern
538 1574 711 1665 pertinet,
746 1574 843 1647 cuius
878 1581 994 1646 rector
1020 1580 1056 1647 et
1081 1574 1250 1665 plebanus
1276 1575 1390 1647 Lucas
1416 1573 1460 1646 de
1486 1552 1783 1665 wyeliczka'

207 1694 247 1766 de
272 1694 455 1769 nobilitate
480 1695 513 1767 D
528 1718 700 1787 ruzzyn
711 1715 741 1767 a
767 1695 809 1767 In
828 1716 895 1786 quo
913 1696 1059 1769 ecclesia
1076 1716 1140 1786 per
1157 1697 1250 1788 ciues
1268 1702 1440 1769 eteorum
1458 1703 1617 1787 sumptus
1642 1696 1758 1787 lapide

206 1816 281 1889 elbo
307 1822 462 1908 murata,
490 1822 527 1887 et
552 1818 598 1889 ab
625 1816 771 1889 duania
798 1818 949 1907 civibus,
986 1818 1045 1907 qui
1072 1818 1122 1889 ibi
1148 1818 1273 1907 priscis
1300 1823 1338 1898 et
1363 1818 1516 1908 antiquis
1541 1818 1756 1909 temporibus

205 1937 463 2029 inhabitabant,
489 1936 857 2030 Woyskyerche,
884 1937 921 2010 id
948 1943 1002 2010 est
1035 1938 1115 2011 alba
1149 1938 1295 2011 ecclesia
1328 1945 1546 2029 nuncupata
1572 1938 1670 2014 euius
1696 1958 1758 2028 pa·

205 2058 295 2131 troni
322 2063 360 2133 et
386 2059 589 2133 collatores:
626 2060 867 2133 serenissimus
906 2058 1071 2131 Poloniae
1102 2078 1184 2149 rex,
1219 2058 1397 2132 iohannes
1423 2058 1756 2151 Melsthynsky

119 2221 125 2232 ·
208 2179 379 2253 dedomo
406 2186 442 2253 et
467 2178 599 2253 familia
625 2180 825 2273 Lelywa,
852 2181 1034 2272 episcopus
1061 2180 1303 2256 Crotoniensis
1337 2181 1474 2253 ratione
1491 2181 1594 2253 villae
1620 2180 1757 2269 Ruda,

205 2299 381 2373 iohannes
407 2300 1118 2393 Philipou·skydearmisSaarna,
1145 2301 1346 2375 etJacobns
1373 2301 1687 2373 deDruszkou
1712 2301 1757 2373 de

205 2423 305 2495 armis
331 2421 535 2495 Nouina.
570 2421 659 2495 Item
686 2422 722 2493 in
749 2422 870 2495 eodem
905 2422 1033 2513 oppido
1069 2428 1152 2495 sunt
1177 2423 1254 2513 agri
1289 2422 1406 2513 muti,
1441 2422 1539 2497 uarie
1573 2428 1612 2493 et
1641 2422 1678 2493 in
1704 2422 1757 2491 di·

205 2542 310 2615 rersis
345 2542 432 2615 locis
467 2543 614 2633 exculti,
650 2549 686 2615 et
712 2565 781 2616 uon
817 2544 853 2615 in
880 2544 999 2615 lancos
1026 2544 1272 2634 dimensurati,
1311 2544 1509 2635 exquibus
1545 2543 1694 2615 solvitur
1719 2547 1756 2613 et

126 2692 133 2697 ·
204 2664 350 2754 propriis
380 2666 541 2738 curribus
575 2648 778 2739 conducitur
805 2665 938 2737 decima
972 2665 1199 2757 manipularis
1226 2671 1263 2737 et
1288 2666 1483 2756 canapalis,
1519 2665 1625 2736 etiam
1651 2670 1688 2737 et
1713 2664 1757 2735 de

203 2784 329 2876 hortis,
357 2806 421 2877 per
448 2786 638 2877 oppidanos
665 2787 844 2861 seminatis
870 2785 1029 2877 frugibus
1056 2786 1328 2878 canapestribus,
1355 2786 1520 2859 ecclesiae
1546 2791 1583 2857 et
1608 2784 1756 2875 plebano

204 2905 237 2979 in
262 2905 461 2997 Ozobou,
497 2914 534 2981 et
559 2908 657 2981 valor
693 2907 847 2981 decimae
882 2908 1087 2981 aestimatur
1122 2907 1169 2980 ad
1194 2900 1448 2999 quinquaginta
1481 2927 1624 2981 marcas.
1667 2904 1756 2977 Item

204 3032 254 3099 est
278 3028 328 3100 ibi
355 3029 537 3119 praedium
563 3029 693 3101 bonum
719 3028 919 3119 plebauale,
945 3030 981 3101 in
1000 3050 1068 3119 quo
1092 3034 1148 3133 est
1173 3029 1366 3119 pomerium
1392 3028 1578 3118 optimum,
1604 3032 1641 3099 et
1666 3026 1757 3098 dnae
1811 3086 1815 3093 .

205 3148 373 3257 piscinae,
401 3155 438 3223 et
465 3148 697 3241 quadraginta
714 3149 867 3223 alvearia
885 3170 1010 3241 apnm;
1036 3151 1120 3221 item
1137 3150 1247 3223 habet
1271 3149 1440 3240 plebanus
1457 3148 1599 3221 hortum
1624 3147 1757 3219 humuli

204 3270 326 3344 bonum
353 3276 391 3344 et
418 3270 666 3362 sufficientem
692 3272 776 3344 item
804 3271 911 3344 habet
936 3292 1001 3363 pro
1028 3271 1109 3346 dote
1127 3290 1191 3344 sua
1208 3276 1245 3344 et
1262 3291 1366 3363 agros
1392 3268 1623 3362 cnfidenter,
1649 3269 1756 3342 liher-
1879 3256 1885 3267 ’

205 3398 289 3466 tatas
314 3414 380 3485 per
406 3393 590 3468 Elisabeth
616 3393 818 3484 Hungariaa
837 3400 874 3466 et
890 3393 1055 3466 Poloniae
1081 3395 1239 3485 reginam
1261 3413 1416 3466 sororem
1441 3413 1643 3484 germanam
1661 3391 1757 3464 Gasi-

205 3514 278 3586 miri
312 3515 456 3588 secundi
491 3514 656 3588 Poloniae
691 3515 804 3606 regis3
840 3517 923 3587 item
954 3516 1061 3588 habet
1087 3521 1124 3586 et
1150 3515 1237 3588 duos
1271 3516 1394 3587 hortos
1429 3514 1684 3586 ecclesiasticos
1711 3512 1756 3585 ad

207 3637 446 3710 necemitatem
473 3657 570 3709 suam
598 3633 826 3727 sufficientes,
861 3637 946 3708 item
972 3637 1080 3710 babet
1106 3635 1274 3727 plebanus
1304 3635 1594 3709 columbationem
1620 3635 1657 3706 in
1682 3639 1759 3705 tota

205 3757 381 3850 parochia,
418 3778 507 3849 quae
534 3777 572 3832 se
598 3757 756 3830 extendit
781 3757 826 3828 ad
853 3757 1004 3848 quinque
1038 3777 1176 3828 marcas
1210 3777 1288 3828 cum
1314 3756 1449 3828 duobus
1469 3743 1636 3846 'grossis;
1670 3755 1754 3826 item

206 3876 305 3950 habet
339 3879 510 3970 plebanus
546 3890 687 3950 censum
713 3878 757 3950 dc
783 3878 897 3950 hortis
933 3857 1110 3968 civilibus,
1144 3882 1218 3950 tres
1252 3895 1388 3950 marcas
1418 3897 1482 3966 pro
1508 3875 1598 3948 testo
1634 3874 1752 3946 Sancti
1834 3963 1839 3973 .

204 3995 360 4091 Martini,
397 3999 503 4072 etde
530 4019 641 4071 arena
667 3999 917 4090 quinquaginta
950 4019 1131 4071 mensuras
1158 3996 1408 4071 Ozchorienses
1443 3995 1637 4086 confertas3
1663 3997 1746 4068 item

205 4118 303 4192 babet
328 4141 471 4194 censum
495 4121 602 4194 trium
630 4141 707 4192 cum
733 4119 846 4194 media
872 4139 1065 4192 marcarum
1092 4125 1130 4191 et
1155 4139 1262 4192 unum
1286 4118 1457 4191 fertonem
1483 4120 1597 4191 minus
1622 4118 1751 4190 medie·
1834 4129 1837 4133 ’

205 4245 293 4332 tate,
328 4241 501 4314 incertis
537 4242 694 4314 domibus
727 4247 764 4312 et
791 4241 900 4330 areis;
936 4243 1017 4314 item
1055 4241 1196 4332 quidam
1230 4241 1407 4314 hortulani
1442 4241 1485 4313 de
1513 4242 1619 4314 certis
1654 4241 1750 4330 agris

205 4360 336 4449 solvunt
363 4361 528 4436 ecclesiae
554 4362 713 4436 undecim
740 4361 872 4434 talenta
898 4382 999 4435 cerae
1025 4383 1089 4454 pro
1116 4363 1274 4454 quolibet
1300 4384 1411 4452 anno;
1437 4363 1522 4434 item
1547 4362 1590 4434 de
1608 4361 1751 4434 denario

208 4475 321 4556 Sancti
346 4484 445 4558 Petri
463 4484 590 4558 cedunt
608 4489 741 4576 septem
758 4482 912 4556 fertones
938 4505 1003 4574 pro
1021 4484 1179 4575 plebano,
1205 4484 1319 4557 soluto
1345 4484 1529 4558 collectore
1555 4483 1763 4575 apostolico,

207 4605 258 4677 oui
283 4605 389 4679 solvit
414 4605 560 4680 ecclesia
585 4625 650 4696 pro
676 4605 752 4678 iure
779 4605 969 4697 apostolico
997 4611 1076 4678 octo
1103 4611 1244 4680 scottos.

303 4727 474 4818 Juuxow,
500 4727 673 4800 unasub
701 4727 868 4818 parochia
894 4727 937 4800 de
964 4727 1156 4802 Ozchow
1181 4729 1264 4819 sita,
1291 4729 1388 4800 cuius
1411 4726 1536 4800 haeres
1552 4724 1754 4819 Nanayho

209 4846 329 4922 nobilia
356 4849 400 4922 de
426 4848 651 4940 Antiquis
678 4847 832 4940 Equis.
858 4847 899 4920 Iu
927 4869 996 4940 qua
1013 4855 1098 4922 sunt
1122 4871 1247 4924 uorem
1273 4849 1366 4920 lanei
1392 4845 1644 4939 emethonales,
1671 4846 1754 4920 item

208 4966 438 5061 hortulaniae,
473 4969 517 5042 de
545 4969 669 5061 quibus
696 4969 845 5044 solvitur
871 4975 907 5042 et
933 4969 1138 5044 conducitur
1174 4968 1308 5042 decima
1336 4965 1564 5060 manipularis
1590 4976 1627 5042 et
1653 4989 1755 5040 cana·

206 5091 288 5180 palis
314 5091 465 5184 capitulo
500 5089 740 5183 Oracoviensi,
775 5097 813 5164 et
838 5092 937 5164 valor
972 5072 1047 5166 eius
1075 5093 1282 5166 aestimatur
1308 5092 1354 5164 ad
1380 5091 1575 5183 quindecim
1610 5111 1754 5166 marcas.

206 5208 288 5283 ltem
313 5219 369 5286 est
394 5213 443 5286 ibi
469 5234 575 5286 unum
601 5213 782 5314 praedium
817 5213 986 5305 militare,
1022 5213 1107 5286 item
1133 5213 1369 5286 molendinum
1395 5218 1450 5284 est
1475 5213 1525 5284 ibi
1551 5215 1587 5284 in
1613 5211 1753 5284 flumine

207 5325 467 5428 Dunaye'cz,
503 5335 635 5408 habens
670 5356 775 5426 agros
806 5336 916 5408 bonos
943 5340 980 5407 et
1006 5334 1236 5424 sufficientes,
1271 5334 1315 5408 de
1343 5335 1441 5408 cuius
1477 5334 1572 5423 agris
1607 5334 1755 5425 soluitur

207 5451 332 5528 decime
356 5455 582 5548 manipularis
609 5455 776 5530 eeclesiae
802 5457 838 5528 in
866 5455 1063 5529 (lzchou.

302 5577 431 5670 Boon,
459 5579 542 5652 villa
560 5579 624 5652 sub
652 5579 817 5669 parochia
843 5578 1008 5652 ecclesiae
1035 5577 1078 5650 de
1106 5577 1295 5651 Ozchow
1322 5578 1408 5668 sita,
1434 5576 1532 5650 cuius
1559 5578 1755 5669 proprietas

208 5695 248 5770 ad
273 5698 467 5796 episcopum
502 5699 766 5776 cracoviensem
801 5701 963 5794 pertinet.
1002 5700 1043 5772 In
1079 5719 1148 5793 qua
1182 5705 1264 5774 sunt
1297 5700 1390 5773 lanei
1424 5701 1673 5795 emethonaleS,
1709 5700 1752 5777 de
