4550 6600
1688 761 1762 835 343

323 968 610 1062 Garszonnrnn,
637 970 721 1043 villa
739 970 803 1043 sub
821 970 987 1062 parochia
1014 971 1057 1043 dc
1083 970 1239 1063 Uyasd
1264 971 1341 1063 sita,
1367 970 1465 1045 cuias
1490 970 1615 1045 haeres
1631 970 1765 1045 doban-

184 1074 186 1079 ’
222 1114 283 1167 nes
308 1092 619 1167 Oleschniazk
628 1115 651 1183 y
677 1092 721 1165 de
748 1092 849 1165 darno
871 1093 1087 1165 *Dambna
1131 1093 1174 1163 In
1201 1114 1270 1184 qua
1295 1097 1377 1167 sunt
1402 1094 1494 1168 lanei
1520 1094 1764 1184 cmethonales

219 1215 301 1287 item
328 1197 508 1307 praedium
535 1214 683 1306 unicum,
711 1214 754 1287 dc
781 1215 906 1306 quibus
933 1214 1091 1289 omnibus
1118 1214 1310 1287 decimatur
1335 1215 1501 1303 ecclesiae
1527 1216 1564 1287 in
1590 1215 1764 1306 Uyasd,
1802 1207 1804 1212 ’

219 1342 254 1411 e't
280 1336 376 1409 valor
402 1336 478 1411 eius
505 1336 711 1411 aestimatur
737 1335 780 1407 ad
801 1390 808 1407 .
827 1391 837 1439 7
854 1392 861 1406 .
880 1391 914 1407 ..

317 1458 676 1548 Ilurnwuanrunun,
717 1458 799 1531 villa
835 1460 898 1531 sub
926 1459 1091 1550 parochia
1124 1458 1168 1531 de
1194 1457 1356 1551 Uyasd·
1386 1458 1471 1548 sita,
1511 1458 1608 1530 cuius
1640 1459 1763 1530 haeres

218 1578 391 1653 lohannes
418 1578 809 1671 Olyeschnyczlry
844 1578 887 1651 de
915 1582 1020 1653 armis
1047 1581 1259 1653 Dambno.
1303 1579 1344 1651 In
1372 1600 1441 1670 qua
1467 1585 1548 1651 sunt
1583 1601 1645 1676 sex
1671 1580 1764 1652 lanei

217 1699 456 1789 amethonalea
483 1700 568 1773 item
594 1700 774 1791 praedium
801 1700 970 1791 militare,
1007 1700 1051 1773 de
1077 1723 1146 1792 quo
1172 1700 1411 1773 tantummodo
1447 1700 1595 1772 soluitur
1621 1705 1657 1771 et
1681 1721 1763 1771 con-

217 1820 352 1895 ducitur
378 1820 513 1896 decima
531 1821 766 1912 ¹manipularis
786 1810 856 1912 'pro
883 1822 1029 1895 ecclesia
1054 1823 1091 1893 in
1119 1822 1292 1913 Uyasd‚
1318 1827 1355 1895 et
1376 1822 1474 1895 valor
1500 1822 1575 1895 eius
1601 1822 1763 1893 aestima-

217 1947 271 2013 tur
289 1996 404 2013 .....
431 1943 518 2013 Item
546 1941 782 2033 depraedatis
810 1964 870 2014 seu
897 1944 1007 2015 laneis
1035 1944 1322 2032 cmethonalibus,
1350 1944 1433 2015 item
1460 1941 1503 2015 de
1522 1964 1591 2015 una
1607 1943 1763 2032 taberna,

125 2066 126 2069 ’
217 2065 296 2135 item
334 2064 377 2135 de
404 2085 472 2137 una
498 2063 714 2153 hortulanis,
750 2064 958 2137 habentibus
980 2085 1116 2157 agroS,
1153 2065 1300 2137 solvitur
1327 2071 1364 2137 et
1390 2064 1595 2137 conducitur
1630 2064 1763 2135 decima

214 2185 437 2275 manipularis
473 2190 510 2257 et
536 2186 711 2276 canapalis
747 2207 810 2276 pro
847 2186 1131 2269 archidiaconatu
1164 2185 1446 2277 Saudomiriensi,
1482 2192 1518 2259 et
1553 2185 1651 2258 valor
1687 2186 1762 2259 eius
1800 2259 1805 2271 ,

216 2308 418 2379 aestimatur
444 2306 488 2379 ad
516 2326 577 2378 sex
603 2328 746 2378 marcas.
1068 2309 1072 2315 '
1385 2401 1387 2404 Ι
1689 2320 1697 2333 ·

174 2444 178 2449 ·
315 2428 560 2519 Scznumczn,
596 2428 682 2501 villa
707 2428 840 2501 habens
854 2430 906 2503 in
934 2450 972 2503 se
997 2428 1235 2521 parochialem
1271 2430 1471 2521 ecclesiam,
1507 2430 1605 2501 cuius
1639 2430 1763 2500 haeres

214 2550 365 2625 Jacobus
391 2550 730 2643 Jugaszowsky
757 2549 800 2623 de
827 2550 928 2624 domo
955 2551 1190 2627 Hohdank.
1234 2554 1275 2623 In
1302 2574 1371 2642 qua
1398 2558 1480 2623 sunt
1511 2556 1643 2641 septem
1670 2550 1773 2621 lanei'
1913 2550 1916 2557 '

215 2672 456 2763 emethauoles,
484 2671 527 2743 de
554 2671 679 2761 quibus
706 2653 875 2759 omnibus
903 2678 964 2745 aut
990 2674 1173 2746 alternatis
1200 2675 1299 2746 annis
1327 2679 1363 2745 ct
1385 2674 1529 2763 vicibus,
1556 2671 1704 2745 solvitur
1729 2676 1766 2741 et
1901 2719 1906 2727 ι

220 2792 423 2865 conducitur
458 2792 591 2867 decima
633 2792 858 2884 manipularis
894 2816 958 2884 pro
994 2784 1140 2867 ecclesia
1174 2796 1210 2866 in
1245 2795 1418 2888 Uyazd,
1463 2799 1525 2865 aut
1560 2793 1765 2864 annis-sin-

214 2914 303 3005 gulis
330 2914 376 2986 de
402 2914 587 2987 medietate
614 2914 737 3004 villae3
763 2936 827 3005 pro
853 2936 944 2988 anno
972 2921 1088 2989 autern
1115 2917 1244 3006 altero,
1281 2922 1342 2988 aut
1372 2916 1415 2988 de
1447 2914 1633 2987 medietate
1659 2914 1762 3014 villae

215 3036 312 3107 annis
341 3036 487 3127 singulis
514 3034 661 3110 soluitur
688 3032 863 3109 ecclesiae
880 3037 916 3107 in
943 3038 1232 3128 Sczeglicze,
1260 3041 1296 3109 et
1322 3038 1420 3109 valor
1446 3036 1521 3108 eius
1548 3037 1685 3127 quando
1708 3042 1764 3107 est

214 3158 351 3248 integra
376 3156 583 3231 aestimatur
608 3157 654 3229 ad
673 3212 787 3227 .....
813 3158 901 3231 Item
928 3158 1118 3249 praedium,
1145 3159 1228 3230 item
1255 3159 1423 3229 tabernae
1449 3158 1548 3248 duae,
1575 3158 1659 3229 item
1680 3158 1763 3229 hor-

213 3278 367 3352 tulaniae
393 3278 491 3369 duae,
517 3277 601 3350 item
628 3278 767 3369 plebani
794 3301 864 3351 una
890 3280 1038 3352 taberna
1065 3284 1101 3352 et
1127 3301 1197 3352 aua
1222 3278 1430 3351 hortulania.
1737 3269 1740 3275 ’

313 3400 431 3473 Villae
449 3399 675 3494 parochiales:
702 3399 875 3493 Uyasd‚
895 3402 1095 3493 Zwolya,
1123 3400 1369 3493 Guyawky‚
1395 3401 1572 3491 Dudek,
1599 3401 1764 3492 Uyasz-

213 3521 317 3613 dek,
345 3522 449 3596 rillac
484 3521 772 3612 Ywauyszka
816 3523 1002 3614 medietas,
1031 3518 1402 3615 Gryzykamyen‚
1438 3544 1598 3630 magna
1623 3522 1763 3612 Lopa-

214 3639 1759 3737 thuo‚Wygyelzow‚parvaLopathno‚Dzye'wyantlrlyaWyrzpka.

317 3764 318 3767 ’
874 3766 1114 3856 ,Ψιοετιιοιῑ

314 3889 411 3962 Villa
437 3885 568 3962 habeus
604 3889 640 3962 iu
668 3909 705 3960 se
733 3888 910 3973 ecclesiam
946 3889 1178 3980 parochialem
1206 3888 1321 3979 lapide
1347 3892 1537 3978 muratam„
1573 3892 1616 3990 et*
1636 3887 1762 3958 Sancto

212 4009 364 4086 lohanni
390 4010 572 4101 Baptistae
598 4009 765 4100 dicatam,
801 4010 899 4085 cuius
926 4010 1093 4100 plebanus
1121 4010 1166 4082 ad
1192 4031 1356 4100 praesens
1382 4007 1544 4081 Andreas
1570 4010 1762 4100 presbyter,

212 4133 306 4204 cuius
334 4131 512 4204 haeredes:
540 4131 702 4222 Pelha,
729 4131 907 4204 lohannes
934 4131 1090 4227 Zbanlc
1117 4137 1154 4204 et
1180 4132 1274 4204 lwau
1302 4130 1346 4202 de
1372 4132 1479 4204 armis
1504 4130 1695 4222 Janyna
1722 4131 1762 4200 ln

181 4320 183 4331 .
213 4275 280 4357 qua
306 4259 389 4328 sunt
415 4253 595 4328 duodecim
622 4253 715 4328 lanei
746 4254 994 4344 emethanales‚
1030 4255 1114 4326 item
1141 4254 1319 4326 tabernae·
1344 4257 1418 4326 tres
1454 4254 1623 4326 habentes
1650 4274 1763 4344 agros,
1837 4287 1841 4293 ·

211 4376 294 4447 item
319 4376 540 4450 hortulauiae
566 4377 736 4450 habentes
763 4396 875 4466 agros,
902 4375 964 4448 sed
981 4375 1159 4466 perceptio
1185 4375 1339 4447 decimae
1365 4375 1456 4448 inter
1483 4375 1761 4447 archidiaconum

167 4574 169 4582 ,
211 4495 527 4571 Sandomiriensem
554 4503 591 4570 et
617 4497 803 4588 plebanum
830 4495 873 4568 de
900 4496 1155 4572 Wlosthow
1182 4496 1452 4586 diversificatum
1478 4517 1557 4568 nam
1584 4496 1627 4568 de
1654 4497 1763 4568 omni-

212 4618 275 4692 bus
302 4612 399 4710 agris
425 4619 661 4710 praelatorum
697 4618 878 4693 duodecim
913 4617 1092 4690 laneorum
1128 4618 1220 4691 tollit
1247 4639 1323 4689 earn
1350 4617 1649 4690 archidiaconatus
1676 4617 1762 4690 Sau-

213 4741 449 4830 domiriensis,
485 4746 626 4830 praeter
653 4740 787 4831 aliquos
815 4759 918 4830 agros
945 4745 981 4812 et
1007 4740 1126 4812 laneos
1153 4740 1307 4812 iacentes
1333 4759 1355 4810 a
1380 4739 1457 4830 ria,
1488 4759 1575 4830 quae
1601 4738 1699 4818 vadit
1725 4741 1761 4812 in

194 4859 554 4952 -Grochblycza,
581 4871 691 4954 usque
717 4861 762 4934 ad
790 4860 881 4948 piam
908 4861 1090 4934 ducentem
1116 4862 1153 4933 in
1179 4861 1451 4962 Szwaykou,
1477 4861 1562 4933 item
1589 4881 1632 4934 ex
1658 4862 1762 4952 agris,

212 4985 269 5074 qui
295 4982 489 5074 procedunt
515 5003 637 5056 versus
664 4981 847 5074 Malzyn
874 5003 917 5056 ex
937 4984 1102 5074 opposito,
1124 4983 1290 5055 ecclesiae
1318 4985 1355 5054 in
1374 4983 1630 5056 Wlosthow
1656 4984 1763 5072 avia,

129 5167 132 5176 Δ
212 5097 299 5196 puae
326 5089 424 5180 vadit
450 5104 487 5176 in
512 5104 805 5198 awoyenorr,
840 5124 949 5196 usque
976 5104 1021 5176 ad
1046 5105 1233 5200 granities
1251 5099 1290 5176 in
1324 5102 1562 5196 Go.yezow‚'
1598 5104 1658 5195 qui
1685 5107 1761 5196 agri

212 5225 551 5318 Targowiszka
580 5230 616 5299 et
654 5225 831 5299 Mlocze
873 5226 1110 5320 appellantur,
1152 5226 1244 5300 cedit
1280 5227 1446 5301 ecclesiae
1481 5231 1518 5298 et
1542 5227 1691 5317 plebano
1723 5227 1759 5298 iu

213 5347 475 5422 Wlosthow.
501 5349 591 5422 Item
619 5347 662 5423 de
689 5347 822 5422 duobus
848 5348 1001 5440 praediis
1027 5347 1257 5439 militaribus,
1285 5349 1447 5422 videlicet
1472 5349 1567 5420 Iwan
1593 5353 1630 5420 et
1655 5349 1773 5423 Ina·

212 5489 369 5562 apocr,
405 5491 550 5562 quorum
577 5471 654 5562 agri
681 5475 782 5544 erant
808 5471 1061 5562 emethonales,
1097 5471 1201 5544 datur
1236 5451 1369 5542 decima
1394 5469 1621 5561 manipularis
1648 5469 1761 5542 archi·

213 5589 411 5664 decanatui
437 5591 716 5683 Sandomiriensi‚
744 5593 787 5664 de
813 5593 965 5684 praediis
990 5613 1072 5666 vero
1099 5591 1242 5665 Pelka
1268 5598 1305 5664 et
1329 5592 1502 5666 Johannis
1528 5591 1760 5664 Zbanlr....

211 5711 296 5784 Item
332 5711 439 5785 habat
474 5712 618 5786 ecclesia
654 5719 802 5805 quatuor
839 5714 958 5788 laneos
986 5735 1047 5787 seu
1074 5693 1231 5806 campos,
1266 5735 1331 5804 pro
1365 5734 1427 5784 suo
1463 5713 1626 5812 praedio,
1652 5735 1759 5793 unum
