<?xml version="1.0" encoding="UTF-8"?>
<!DOCTYPE html PUBLIC "-//W3C//DTD XHTML 1.0 Transitional//EN"
    "http://www.w3.org/TR/xhtml1/DTD/xhtml1-transitional.dtd">
<html xmlns="http://www.w3.org/1999/xhtml" xml:lang="en" lang="en">
 <head>
  <title>
</title>
<meta http-equiv="Content-Type" content="text/html;charset=utf-8" />
  <meta name='ocr-system' content='tesseract 3.04.00' />
  <meta name='ocr-capabilities' content='ocr_page ocr_carea ocr_par ocr_line ocrx_word'/>
</head>
<body>
  <div class='ocr_page' id='page_1' title='image "./operaomnia03paulgoog_0293.png"; bbox 0 0 4550 6600; ppageno 0'>
   <div class='ocr_carea' id='block_1_1' title="bbox 450 1108 2055 2877">
    <p class='ocr_par' dir='ltr' id='par_1_1' title="bbox 1050 1108 1540 1183">
     <span class='ocr_line' id='line_1_1' title="bbox 1050 1108 1540 1183; baseline 0 -2"><span class='ocrx_word' id='word_1_1' title='bbox 1050 1108 1329 1183; x_wconf 82' lang='lat' dir='ltr'>Mosczanrczn</span> <span class='ocrx_word' id='word_1_2' title='bbox 1356 1130 1540 1183; x_wconf 80' lang='lat' dir='ltr'>russamn.</span> 
     </span>
    </p>

    <p class='ocr_par' dir='ltr' id='par_1_2' title="bbox 450 1229 2055 2172">
     <span class='ocr_line' id='line_1_2' title="bbox 606 1229 2051 1323; baseline -0.003 -19"><span class='ocrx_word' id='word_1_3' title='bbox 606 1232 700 1304; x_wconf 87' lang='lat' dir='ltr'>Villa</span> <span class='ocrx_word' id='word_1_4' title='bbox 727 1233 860 1304; x_wconf 90' lang='lat' dir='ltr'>habens</span> <span class='ocrx_word' id='word_1_5' title='bbox 888 1233 1067 1304; x_wconf 89' lang='lat' dir='ltr'>ecclesiam</span> <span class='ocrx_word' id='word_1_6' title='bbox 1086 1232 1321 1323; x_wconf 78' lang='lat' dir='ltr'>parochialem</span> <span class='ocrx_word' id='word_1_7' title='bbox 1338 1232 1488 1323; x_wconf 82' lang='lat' dir='ltr'>ligneam</span> <span class='ocrx_word' id='word_1_8' title='bbox 1505 1234 1542 1303; x_wconf 93' lang='lat' dir='ltr'>in</span> <span class='ocrx_word' id='word_1_9' title='bbox 1561 1252 1608 1322; x_wconf 88' lang='lat' dir='ltr'>se,</span> <span class='ocrx_word' id='word_1_10' title='bbox 1634 1231 1762 1303; x_wconf 83' lang='lat' dir='ltr'>Sancto</span> <span class='ocrx_word' id='word_1_11' title='bbox 1781 1286 1789 1301; x_wconf 95' lang='lat'><strong>.</strong></span> <span class='ocrx_word' id='word_1_12' title='bbox 1809 1286 1817 1300; x_wconf 92' lang='lat'><strong>.</strong></span> <span class='ocrx_word' id='word_1_13' title='bbox 1836 1286 1844 1299; x_wconf 93' lang='lat'><strong>.</strong></span> <span class='ocrx_word' id='word_1_14' title='bbox 1863 1285 1871 1299; x_wconf 91' lang='lat'>.</span> <span class='ocrx_word' id='word_1_15' title='bbox 1897 1229 2051 1320; x_wconf 90' lang='lat' dir='ltr'>dicatam,</span> 
     </span>
     <span class='ocr_line' id='line_1_3' title="bbox 504 1351 2054 1445; baseline -0.005 -18"><span class='ocrx_word' id='word_1_16' title='bbox 504 1357 600 1427; x_wconf 89' lang='lat' dir='ltr'>cuins</span> <span class='ocrx_word' id='word_1_17' title='bbox 627 1355 825 1445; x_wconf 83' lang='lat' dir='ltr'>proprietas</span> <span class='ocrx_word' id='word_1_18' title='bbox 852 1353 896 1424; x_wconf 91' lang='lat' dir='ltr'>ad</span> <span class='ocrx_word' id='word_1_19' title='bbox 924 1354 1204 1425; x_wconf 83' lang='lat' dir='ltr'>sanctimoniales</span> <span class='ocrx_word' id='word_1_20' title='bbox 1231 1354 1472 1444; x_wconf 82' lang='lat' dir='ltr'>Antiquae</span> <span class='ocrx_word' id='word_1_21' title='bbox 1497 1352 1703 1425; x_wconf 87' lang='lat' dir='ltr'>Sandecz</span> <span class='ocrx_word' id='word_1_22' title='bbox 1730 1353 1894 1443; x_wconf 89' lang='lat' dir='ltr'>pertinet.</span> <span class='ocrx_word' id='word_1_23' title='bbox 1918 1351 1961 1422; x_wconf 92' lang='lat' dir='ltr'>In</span> <span class='ocrx_word' id='word_1_24' title='bbox 1990 1372 2054 1440; x_wconf 89' lang='lat' dir='ltr'>qua</span> 
     </span>
     <span class='ocr_line' id='line_1_4' title="bbox 500 1475 2047 1566; baseline -0.003 -18"><span class='ocrx_word' id='word_1_25' title='bbox 500 1498 570 1548; x_wconf 91' lang='lat' dir='ltr'>non</span> <span class='ocrx_word' id='word_1_26' title='bbox 588 1483 670 1548; x_wconf 91' lang='lat' dir='ltr'>sunt</span> <span class='ocrx_word' id='word_1_27' title='bbox 688 1476 775 1547; x_wconf 89' lang='lat' dir='ltr'>certi</span> <span class='ocrx_word' id='word_1_28' title='bbox 801 1475 892 1546; x_wconf 89' lang='lat' dir='ltr'>lanei</span> <span class='ocrx_word' id='word_1_29' title='bbox 911 1475 1154 1564; x_wconf 88' lang='lat' dir='ltr'>omethonales‚</span> <span class='ocrx_word' id='word_1_30' title='bbox 1180 1496 1293 1566; x_wconf 91' lang='lat' dir='ltr'>neque</span> <span class='ocrx_word' id='word_1_31' title='bbox 1315 1475 1552 1565; x_wconf 89' lang='lat' dir='ltr'>dimensurati,</span> <span class='ocrx_word' id='word_1_32' title='bbox 1578 1496 1643 1546; x_wconf 89' lang='lat' dir='ltr'>nec</span> <span class='ocrx_word' id='word_1_33' title='bbox 1659 1479 1777 1565; x_wconf 90' lang='lat' dir='ltr'>potest</span> <span class='ocrx_word' id='word_1_34' title='bbox 1794 1494 1959 1545; x_wconf 90' lang='lat' dir='ltr'>uumerus</span> <span class='ocrx_word' id='word_1_35' title='bbox 1978 1492 2047 1543; x_wconf 86' lang='lat' dir='ltr'>cer·</span> 
     </span>
     <span class='ocr_line' id='line_1_5' title="bbox 503 1595 2053 1687; baseline -0.003 -18"><span class='ocrx_word' id='word_1_36' title='bbox 503 1604 560 1669; x_wconf 91' lang='lat' dir='ltr'>tus</span> <span class='ocrx_word' id='word_1_37' title='bbox 587 1598 764 1668; x_wconf 88' lang='lat' dir='ltr'>laneorum</span> <span class='ocrx_word' id='word_1_38' title='bbox 792 1597 982 1685; x_wconf 87' lang='lat' dir='ltr'>aestimari;</span> <span class='ocrx_word' id='word_1_39' title='bbox 1009 1596 1070 1667; x_wconf 88' lang='lat' dir='ltr'>sed</span> <span class='ocrx_word' id='word_1_40' title='bbox 1097 1600 1179 1667; x_wconf 90' lang='lat' dir='ltr'>sunt</span> <span class='ocrx_word' id='word_1_41' title='bbox 1204 1598 1319 1687; x_wconf 90' lang='lat' dir='ltr'>pecies</span> <span class='ocrx_word' id='word_1_42' title='bbox 1345 1602 1381 1668; x_wconf 91' lang='lat' dir='ltr'>et</span> <span class='ocrx_word' id='word_1_43' title='bbox 1403 1603 1526 1687; x_wconf 84' lang='lat' dir='ltr'>sortes,</span> <span class='ocrx_word' id='word_1_44' title='bbox 1553 1596 1598 1668; x_wconf 88' lang='lat' dir='ltr'>ad</span> <span class='ocrx_word' id='word_1_45' title='bbox 1617 1598 1768 1687; x_wconf 93' lang='lat' dir='ltr'>quinque</span> <span class='ocrx_word' id='word_1_46' title='bbox 1794 1602 1912 1666; x_wconf 69' lang='lat' dir='ltr'>manen</span> <span class='ocrx_word' id='word_1_47' title='bbox 1939 1595 2053 1665; x_wconf 86' lang='lat' dir='ltr'>laneos</span> 
     </span>
     <span class='ocr_line' id='line_1_6' title="bbox 502 1716 2055 1808; baseline -0.005 -18"><span class='ocrx_word' id='word_1_48' title='bbox 502 1719 741 1806; x_wconf 90' lang='lat' dir='ltr'>aestimantur;</span> <span class='ocrx_word' id='word_1_49' title='bbox 769 1718 853 1788; x_wconf 90' lang='lat' dir='ltr'>item</span> <span class='ocrx_word' id='word_1_50' title='bbox 880 1718 1059 1806; x_wconf 89' lang='lat' dir='ltr'>tabernae,</span> <span class='ocrx_word' id='word_1_51' title='bbox 1086 1718 1171 1787; x_wconf 89' lang='lat' dir='ltr'>item</span> <span class='ocrx_word' id='word_1_52' title='bbox 1198 1718 1427 1807; x_wconf 91' lang='lat' dir='ltr'>hortulaoiae,</span> <span class='ocrx_word' id='word_1_53' title='bbox 1454 1717 1640 1808; x_wconf 89' lang='lat' dir='ltr'>dequibus</span> <span class='ocrx_word' id='word_1_54' title='bbox 1664 1718 1823 1789; x_wconf 87' lang='lat' dir='ltr'>omnihus</span> <span class='ocrx_word' id='word_1_55' title='bbox 1850 1716 2000 1787; x_wconf 85' lang='lat' dir='ltr'>solvitur</span> <span class='ocrx_word' id='word_1_56' title='bbox 2023 1722 2055 1784; x_wconf 86' lang='lat' dir='ltr'>et</span> 
     </span>
     <span class='ocr_line' id='line_1_7' title="bbox 503 1833 2055 1929; baseline -0.004 -19"><span class='ocrx_word' id='word_1_57' title='bbox 503 1839 709 1912; x_wconf 86' lang='lat' dir='ltr'>conducitur</span> <span class='ocrx_word' id='word_1_58' title='bbox 736 1838 868 1909; x_wconf 88' lang='lat' dir='ltr'>decima</span> <span class='ocrx_word' id='word_1_59' title='bbox 895 1833 1121 1928; x_wconf 76' lang='lat' dir='ltr'>manipularis</span> <span class='ocrx_word' id='word_1_60' title='bbox 1153 1843 1189 1908; x_wconf 92' lang='lat' dir='ltr'>et</span> <span class='ocrx_word' id='word_1_61' title='bbox 1216 1839 1392 1929; x_wconf 88' lang='lat' dir='ltr'>canapalis</span> <span class='ocrx_word' id='word_1_62' title='bbox 1428 1858 1492 1929; x_wconf 88' lang='lat' dir='ltr'>pro</span> <span class='ocrx_word' id='word_1_63' title='bbox 1520 1839 1724 1929; x_wconf 89' lang='lat' dir='ltr'>episcopatu</span> <span class='ocrx_word' id='word_1_64' title='bbox 1749 1837 1990 1925; x_wconf 69' lang='lat' dir='ltr'>cracoviensi,</span> <span class='ocrx_word' id='word_1_65' title='bbox 2024 1840 2055 1905; x_wconf 88' lang='lat' dir='ltr'>et</span> 
     </span>
     <span class='ocr_line' id='line_1_8' title="bbox 502 1957 2054 2050; baseline -0.005 -19"><span class='ocrx_word' id='word_1_66' title='bbox 502 1962 601 2031; x_wconf 87' lang='lat' dir='ltr'>valor</span> <span class='ocrx_word' id='word_1_67' title='bbox 630 1961 704 2031; x_wconf 89' lang='lat' dir='ltr'>eius</span> <span class='ocrx_word' id='word_1_68' title='bbox 732 1959 936 2031; x_wconf 87' lang='lat' dir='ltr'>aestimatur</span> <span class='ocrx_word' id='word_1_69' title='bbox 972 1958 1017 2030; x_wconf 89' lang='lat' dir='ltr'>ad</span> <span class='ocrx_word' id='word_1_70' title='bbox 1044 1980 1104 2031; x_wconf 88' lang='lat' dir='ltr'>scx</span> <span class='ocrx_word' id='word_1_71' title='bbox 1132 1980 1276 2031; x_wconf 87' lang='lat' dir='ltr'>marcas</span> <span class='ocrx_word' id='word_1_72' title='bbox 1323 1959 1411 2030; x_wconf 90' lang='lat' dir='ltr'>Item</span> <span class='ocrx_word' id='word_1_73' title='bbox 1438 1960 1606 2050; x_wconf 91' lang='lat' dir='ltr'>plebanus</span> <span class='ocrx_word' id='word_1_74' title='bbox 1638 1967 1675 2031; x_wconf 90' lang='lat' dir='ltr'>et</span> <span class='ocrx_word' id='word_1_75' title='bbox 1701 1959 1846 2030; x_wconf 90' lang='lat' dir='ltr'>ecclesia</span> <span class='ocrx_word' id='word_1_76' title='bbox 1878 1957 1987 2029; x_wconf 89' lang='lat' dir='ltr'>hahet</span> <span class='ocrx_word' id='word_1_77' title='bbox 2012 1958 2054 2025; x_wconf 87' lang='lat' dir='ltr'>ihi</span> 
     </span>
     <span class='ocr_line' id='line_1_9' title="bbox 450 2079 1549 2172; baseline 0 -22"><span class='ocrx_word' id='word_1_78' title='bbox 450 2166 452 2172; x_wconf 16' lang='lat' dir='ltr'><em>A</em></span> <span class='ocrx_word' id='word_1_79' title='bbox 504 2102 607 2170; x_wconf 86' lang='lat' dir='ltr'>agros</span> <span class='ocrx_word' id='word_1_80' title='bbox 635 2079 776 2170; x_wconf 91' lang='lat' dir='ltr'>liberos,</span> <span class='ocrx_word' id='word_1_81' title='bbox 804 2085 841 2151; x_wconf 89' lang='lat' dir='ltr'>et</span> <span class='ocrx_word' id='word_1_82' title='bbox 867 2086 970 2170; x_wconf 90' lang='lat' dir='ltr'>prata</span> <span class='ocrx_word' id='word_1_83' title='bbox 996 2100 1059 2170; x_wconf 90' lang='lat' dir='ltr'>pro</span> <span class='ocrx_word' id='word_1_84' title='bbox 1087 2102 1150 2152; x_wconf 91' lang='lat' dir='ltr'>suo</span> <span class='ocrx_word' id='word_1_85' title='bbox 1177 2100 1244 2151; x_wconf 90' lang='lat' dir='ltr'>usu</span> <span class='ocrx_word' id='word_1_86' title='bbox 1269 2086 1307 2151; x_wconf 90' lang='lat' dir='ltr'>et</span> <span class='ocrx_word' id='word_1_87' title='bbox 1333 2080 1549 2153; x_wconf 87' lang='lat' dir='ltr'>necessitate.</span> 
     </span>
    </p>

    <p class='ocr_par' dir='ltr' id='par_1_3' title="bbox 501 2198 2055 2773">
     <span class='ocr_line' id='line_1_10' title="bbox 607 2198 2054 2292; baseline -0.003 -20"><span class='ocrx_word' id='word_1_88' title='bbox 607 2199 881 2273; x_wconf 81' lang='lat' dir='ltr'>Mosczsurozn</span> <span class='ocrx_word' id='word_1_89' title='bbox 911 2220 1100 2291; x_wconf 76' lang='lat' dir='ltr'>suasuros,</span> <span class='ocrx_word' id='word_1_90' title='bbox 1127 2201 1213 2273; x_wconf 90' lang='lat' dir='ltr'>villa</span> <span class='ocrx_word' id='word_1_91' title='bbox 1239 2202 1304 2272; x_wconf 89' lang='lat' dir='ltr'>sub</span> <span class='ocrx_word' id='word_1_92' title='bbox 1321 2201 1489 2290; x_wconf 90' lang='lat' dir='ltr'>parochia</span> <span class='ocrx_word' id='word_1_93' title='bbox 1515 2201 1559 2273; x_wconf 92' lang='lat' dir='ltr'>de</span> <span class='ocrx_word' id='word_1_94' title='bbox 1586 2199 1923 2292; x_wconf 85' lang='lat' dir='ltr'>Mosczenycza</span> <span class='ocrx_word' id='word_1_95' title='bbox 1948 2198 2054 2269; x_wconf 86' lang='lat' dir='ltr'>iufe-</span> 
     </span>
     <span class='ocr_line' id='line_1_11' title="bbox 502 2321 2054 2412; baseline -0.003 -19"><span class='ocrx_word' id='word_1_96' title='bbox 502 2322 621 2393; x_wconf 88' lang='lat' dir='ltr'>riori</span> <span class='ocrx_word' id='word_1_97' title='bbox 649 2322 731 2409; x_wconf 89' lang='lat' dir='ltr'>sita,</span> <span class='ocrx_word' id='word_1_98' title='bbox 769 2322 865 2392; x_wconf 93' lang='lat' dir='ltr'>cuius</span> <span class='ocrx_word' id='word_1_99' title='bbox 901 2322 1099 2411; x_wconf 86' lang='lat' dir='ltr'>proprietas</span> <span class='ocrx_word' id='word_1_100' title='bbox 1135 2322 1181 2392; x_wconf 89' lang='lat' dir='ltr'>ad</span> <span class='ocrx_word' id='word_1_101' title='bbox 1207 2321 1487 2393; x_wconf 86' lang='lat' dir='ltr'>sanctimoniales</span> <span class='ocrx_word' id='word_1_102' title='bbox 1522 2321 1566 2393; x_wconf 94' lang='lat' dir='ltr'>de</span> <span class='ocrx_word' id='word_1_103' title='bbox 1602 2321 1811 2412; x_wconf 81' lang='lat' dir='ltr'>Antiqua</span> <span class='ocrx_word' id='word_1_104' title='bbox 1846 2321 2054 2392; x_wconf 88' lang='lat' dir='ltr'>Sandecz</span> 
     </span>
     <span class='ocr_line' id='line_1_12' title="bbox 502 2441 2052 2532; baseline -0.003 -19"><span class='ocrx_word' id='word_1_105' title='bbox 502 2442 662 2532; x_wconf 87' lang='lat' dir='ltr'>pertinet.</span> <span class='ocrx_word' id='word_1_106' title='bbox 706 2441 747 2510; x_wconf 92' lang='lat' dir='ltr'>ln</span> <span class='ocrx_word' id='word_1_107' title='bbox 775 2463 850 2531; x_wconf 86' lang='lat' dir='ltr'>qua</span> <span class='ocrx_word' id='word_1_108' title='bbox 870 2448 951 2512; x_wconf 92' lang='lat' dir='ltr'>sunt</span> <span class='ocrx_word' id='word_1_109' title='bbox 986 2448 1058 2513; x_wconf 88' lang='lat' dir='ltr'>tres</span> <span class='ocrx_word' id='word_1_110' title='bbox 1084 2442 1177 2513; x_wconf 91' lang='lat' dir='ltr'>lanei</span> <span class='ocrx_word' id='word_1_111' title='bbox 1204 2442 1456 2532; x_wconf 87' lang='lat' dir='ltr'>omethonales‚</span> <span class='ocrx_word' id='word_1_112' title='bbox 1492 2443 1576 2513; x_wconf 90' lang='lat' dir='ltr'>item</span> <span class='ocrx_word' id='word_1_113' title='bbox 1602 2442 1762 2514; x_wconf 89' lang='lat' dir='ltr'>scoltetia</span> <span class='ocrx_word' id='word_1_114' title='bbox 1796 2442 1932 2514; x_wconf 88' lang='lat' dir='ltr'>hahens</span> <span class='ocrx_word' id='word_1_115' title='bbox 1969 2442 2052 2511; x_wconf 89' lang='lat' dir='ltr'>doos</span> 
     </span>
     <span class='ocr_line' id='line_1_13' title="bbox 501 2561 2055 2655; baseline -0.002 -22"><span class='ocrx_word' id='word_1_116' title='bbox 501 2562 630 2652; x_wconf 82' lang='lat' dir='ltr'>laneos,</span> <span class='ocrx_word' id='word_1_117' title='bbox 658 2561 844 2655; x_wconf 86' lang='lat' dir='ltr'>dequibus</span> <span class='ocrx_word' id='word_1_118' title='bbox 864 2564 1021 2634; x_wconf 90' lang='lat' dir='ltr'>omnibus</span> <span class='ocrx_word' id='word_1_119' title='bbox 1040 2564 1188 2635; x_wconf 90' lang='lat' dir='ltr'>solvitur</span> <span class='ocrx_word' id='word_1_120' title='bbox 1205 2570 1242 2635; x_wconf 91' lang='lat' dir='ltr'>et</span> <span class='ocrx_word' id='word_1_121' title='bbox 1256 2563 1467 2635; x_wconf 76' lang='lat' dir='ltr'>,conducitur</span> <span class='ocrx_word' id='word_1_122' title='bbox 1492 2562 1871 2653; x_wconf 83' lang='lat' dir='ltr'>decimanonipolaris</span> <span class='ocrx_word' id='word_1_123' title='bbox 1898 2568 1938 2633; x_wconf 93' lang='lat' dir='ltr'>et</span> <span class='ocrx_word' id='word_1_124' title='bbox 1955 2581 2055 2631; x_wconf 87' lang='lat' dir='ltr'>oana-</span> 
     </span>
     <span class='ocr_line' id='line_1_14' title="bbox 502 2682 1982 2773; baseline -0.001 -20"><span class='ocrx_word' id='word_1_125' title='bbox 502 2682 589 2772; x_wconf 91' lang='lat' dir='ltr'>palis</span> <span class='ocrx_word' id='word_1_126' title='bbox 616 2704 680 2773; x_wconf 87' lang='lat' dir='ltr'>pro</span> <span class='ocrx_word' id='word_1_127' title='bbox 707 2683 868 2772; x_wconf 90' lang='lat' dir='ltr'>episcopo</span> <span class='ocrx_word' id='word_1_128' title='bbox 887 2682 1127 2773; x_wconf 31' lang='lat' dir='ltr'>,Gracoviensi</span> <span class='ocrx_word' id='word_1_129' title='bbox 1154 2691 1191 2755; x_wconf 91' lang='lat' dir='ltr'>et</span> <span class='ocrx_word' id='word_1_130' title='bbox 1217 2684 1316 2755; x_wconf 88' lang='lat' dir='ltr'>valor</span> <span class='ocrx_word' id='word_1_131' title='bbox 1342 2685 1417 2755; x_wconf 91' lang='lat' dir='ltr'>eins</span> <span class='ocrx_word' id='word_1_132' title='bbox 1444 2684 1647 2755; x_wconf 88' lang='lat' dir='ltr'>aestimatur</span> <span class='ocrx_word' id='word_1_133' title='bbox 1673 2682 1717 2753; x_wconf 87' lang='lat' dir='ltr'>ad</span> <span class='ocrx_word' id='word_1_134' title='bbox 1744 2704 1804 2753; x_wconf 83' lang='lat' dir='ltr'>sex</span> <span class='ocrx_word' id='word_1_135' title='bbox 1832 2703 1982 2753; x_wconf 90' lang='lat' dir='ltr'>marcas.</span> 
     </span>
    </p>

    <p class='ocr_par' dir='ltr' id='par_1_4' title="bbox 1152 2804 1415 2877">
     <span class='ocr_line' id='line_1_15' title="bbox 1152 2804 1415 2877; baseline 0 -4"><span class='ocrx_word' id='word_1_136' title='bbox 1152 2804 1415 2877; x_wconf 83' lang='lat' dir='ltr'>Braonnrczn.</span> 
     </span>
    </p>
   </div>
   <div class='ocr_carea' id='block_1_2' title="bbox 610 3154 2051 3259">
    <p class='ocr_par' dir='ltr' id='par_1_5' title="bbox 610 3154 2051 3259">
     <span class='ocr_line' id='line_1_16' title="bbox 610 3154 2051 3259; baseline -0.003 -20"><span class='ocrx_word' id='word_1_137' title='bbox 610 3164 705 3239; x_wconf 90' lang='lat' dir='ltr'>Villa</span> <span class='ocrx_word' id='word_1_138' title='bbox 739 3168 872 3239; x_wconf 89' lang='lat' dir='ltr'>habens</span> <span class='ocrx_word' id='word_1_139' title='bbox 907 3168 943 3238; x_wconf 90' lang='lat' dir='ltr'>in</span> <span class='ocrx_word' id='word_1_140' title='bbox 980 3188 1017 3239; x_wconf 90' lang='lat' dir='ltr'>se</span> <span class='ocrx_word' id='word_1_141' title='bbox 1053 3168 1285 3258; x_wconf 88' lang='lat' dir='ltr'>parochialem</span> <span class='ocrx_word' id='word_1_142' title='bbox 1320 3166 1501 3239; x_wconf 89' lang='lat' dir='ltr'>ecclesiam</span> <span class='ocrx_word' id='word_1_143' title='bbox 1536 3168 1705 3259; x_wconf 85' lang='lat' dir='ltr'>ligneam,</span> <span class='ocrx_word' id='word_1_144' title='bbox 1741 3166 1868 3239; x_wconf 86' lang='lat' dir='ltr'>Sancto</span> <span class='ocrx_word' id='word_1_145' title='bbox 1903 3154 2051 3238; x_wconf 88' lang='lat' dir='ltr'>Johanni</span> 
     </span>
    </p>
   </div>
   <div class='ocr_carea' id='block_1_3' title="bbox 386 3286 2163 3864">
    <p class='ocr_par' dir='ltr' id='par_1_6' title="bbox 386 3263 2163 3864">
     <span class='ocr_line' id='line_1_17' title="bbox 503 3286 2049 3381; baseline -0.001 -22"><span class='ocrx_word' id='word_1_146' title='bbox 503 3286 685 3379; x_wconf 86' lang='lat' dir='ltr'>Baptistae</span> <span class='ocrx_word' id='word_1_147' title='bbox 713 3288 872 3380; x_wconf 89' lang='lat' dir='ltr'>dicatam,</span> <span class='ocrx_word' id='word_1_148' title='bbox 900 3290 997 3361; x_wconf 92' lang='lat' dir='ltr'>cuius</span> <span class='ocrx_word' id='word_1_149' title='bbox 1019 3290 1217 3381; x_wconf 85' lang='lat' dir='ltr'>proprietas</span> <span class='ocrx_word' id='word_1_150' title='bbox 1244 3288 1289 3361; x_wconf 91' lang='lat' dir='ltr'>ad</span> <span class='ocrx_word' id='word_1_151' title='bbox 1315 3289 1595 3362; x_wconf 85' lang='lat' dir='ltr'>sanctimoniales</span> <span class='ocrx_word' id='word_1_152' title='bbox 1613 3288 1866 3361; x_wconf 88' lang='lat' dir='ltr'>Sandeczenses</span> <span class='ocrx_word' id='word_1_153' title='bbox 1892 3290 2049 3380; x_wconf 85' lang='lat' dir='ltr'>pertinet..</span> 
     </span>
     <span class='ocr_line' id='line_1_18' title="bbox 386 3409 2162 3501; baseline -0.001 -22"><span class='ocrx_word' id='word_1_154' title='bbox 386 3486 391 3495; x_wconf 33' lang='lat'><strong><em>¹</em></strong></span> <span class='ocrx_word' id='word_1_155' title='bbox 502 3410 541 3479; x_wconf 93' lang='lat' dir='ltr'>In</span> <span class='ocrx_word' id='word_1_156' title='bbox 570 3431 638 3499; x_wconf 93' lang='lat' dir='ltr'>qua</span> <span class='ocrx_word' id='word_1_157' title='bbox 666 3415 747 3480; x_wconf 82' lang='lat' dir='ltr'>suunt</span> <span class='ocrx_word' id='word_1_158' title='bbox 773 3409 956 3481; x_wconf 83' lang='lat' dir='ltr'>duodecim</span> <span class='ocrx_word' id='word_1_159' title='bbox 987 3411 1077 3481; x_wconf 91' lang='lat' dir='ltr'>lanei</span> <span class='ocrx_word' id='word_1_160' title='bbox 1105 3411 1357 3501; x_wconf 77' lang='lat' dir='ltr'>omethonaleS,</span> <span class='ocrx_word' id='word_1_161' title='bbox 1394 3411 1477 3482; x_wconf 88' lang='lat' dir='ltr'>item</span> <span class='ocrx_word' id='word_1_162' title='bbox 1504 3431 1574 3482; x_wconf 90' lang='lat' dir='ltr'>una</span> <span class='ocrx_word' id='word_1_163' title='bbox 1599 3412 1747 3483; x_wconf 87' lang='lat' dir='ltr'>taberna</span> <span class='ocrx_word' id='word_1_164' title='bbox 1781 3410 1915 3482; x_wconf 90' lang='lat' dir='ltr'>habens</span> <span class='ocrx_word' id='word_1_165' title='bbox 1944 3431 2052 3499; x_wconf 80' lang='lat' dir='ltr'>agros,</span> <span class='ocrx_word' id='word_1_166' title='bbox 2158 3460 2162 3488; x_wconf 74' lang='grc'>,</span> 
     </span>
     <span class='ocr_line' id='line_1_19' title="bbox 504 3501 2163 3623; baseline -0.001 -23"><span class='ocrx_word' id='word_1_167' title='bbox 504 3530 547 3600; x_wconf 91' lang='lat' dir='ltr'>de</span> <span class='ocrx_word' id='word_1_168' title='bbox 575 3530 698 3620; x_wconf 91' lang='lat' dir='ltr'>quibus</span> <span class='ocrx_word' id='word_1_169' title='bbox 726 3531 885 3601; x_wconf 89' lang='lat' dir='ltr'>omnibns</span> <span class='ocrx_word' id='word_1_170' title='bbox 921 3531 1067 3603; x_wconf 89' lang='lat' dir='ltr'>solvitur</span> <span class='ocrx_word' id='word_1_171' title='bbox 1094 3539 1130 3603; x_wconf 90' lang='lat' dir='ltr'>ct</span> <span class='ocrx_word' id='word_1_172' title='bbox 1157 3531 1362 3603; x_wconf 87' lang='lat' dir='ltr'>conducitur</span> <span class='ocrx_word' id='word_1_173' title='bbox 1397 3531 1530 3602; x_wconf 88' lang='lat' dir='ltr'>decima</span> <span class='ocrx_word' id='word_1_174' title='bbox 1566 3532 1792 3623; x_wconf 89' lang='lat' dir='ltr'>manipularis</span> <span class='ocrx_word' id='word_1_175' title='bbox 1818 3537 1855 3603; x_wconf 88' lang='lat' dir='ltr'>et</span> <span class='ocrx_word' id='word_1_176' title='bbox 1881 3531 2054 3621; x_wconf 88' lang='lat' dir='ltr'>canapalis</span> <span class='ocrx_word' id='word_1_177' title='bbox 2158 3501 2163 3545; x_wconf 77' lang='lat'><em>¹</em></span> 
     </span>
     <span class='ocr_line' id='line_1_20' title="bbox 502 3650 2051 3742; baseline -0.001 -22"><span class='ocrx_word' id='word_1_178' title='bbox 502 3650 819 3724; x_wconf 88' lang='lat' dir='ltr'>sanctimonialibus</span> <span class='ocrx_word' id='word_1_179' title='bbox 847 3650 1153 3742; x_wconf 82' lang='lat' dir='ltr'>Sandeczensibus,</span> <span class='ocrx_word' id='word_1_180' title='bbox 1180 3659 1217 3723; x_wconf 88' lang='lat' dir='ltr'>et</span> <span class='ocrx_word' id='word_1_181' title='bbox 1234 3653 1333 3723; x_wconf 86' lang='lat' dir='ltr'>valor</span> <span class='ocrx_word' id='word_1_182' title='bbox 1360 3653 1435 3724; x_wconf 90' lang='lat' dir='ltr'>eius</span> <span class='ocrx_word' id='word_1_183' title='bbox 1462 3652 1507 3724; x_wconf 92' lang='lat' dir='ltr'>ad</span> <span class='ocrx_word' id='word_1_184' title='bbox 1533 3651 1651 3723; x_wconf 88' lang='lat' dir='ltr'>decem</span> <span class='ocrx_word' id='word_1_185' title='bbox 1677 3673 1812 3723; x_wconf 88' lang='lat' dir='ltr'>marcas</span> <span class='ocrx_word' id='word_1_186' title='bbox 1839 3653 2051 3724; x_wconf 87' lang='lat' dir='ltr'>aestimatur.</span> 
     </span>
     <span class='ocr_line' id='line_1_21' title="bbox 500 3772 2052 3864; baseline -0.001 -22"><span class='ocrx_word' id='word_1_187' title='bbox 500 3772 588 3843; x_wconf 87' lang='lat' dir='ltr'>Item</span> <span class='ocrx_word' id='word_1_188' title='bbox 616 3772 664 3842; x_wconf 94' lang='lat' dir='ltr'>ibi</span> <span class='ocrx_word' id='word_1_189' title='bbox 692 3795 760 3844; x_wconf 90' lang='lat' dir='ltr'>non</span> <span class='ocrx_word' id='word_1_190' title='bbox 790 3779 845 3844; x_wconf 91' lang='lat' dir='ltr'>est</span> <span class='ocrx_word' id='word_1_191' title='bbox 872 3773 1049 3863; x_wconf 89' lang='lat' dir='ltr'>scoltetus,</span> <span class='ocrx_word' id='word_1_192' title='bbox 1077 3794 1189 3864; x_wconf 89' lang='lat' dir='ltr'>neque</span> <span class='ocrx_word' id='word_1_193' title='bbox 1206 3773 1436 3863; x_wconf 82' lang='lat' dir='ltr'>hortulaniae3</span> <span class='ocrx_word' id='word_1_194' title='bbox 1463 3775 1547 3844; x_wconf 91' lang='lat' dir='ltr'>item</span> <span class='ocrx_word' id='word_1_195' title='bbox 1574 3773 1624 3844; x_wconf 93' lang='lat' dir='ltr'>ihi</span> <span class='ocrx_word' id='word_1_196' title='bbox 1650 3773 1818 3863; x_wconf 89' lang='lat' dir='ltr'>plebanos</span> <span class='ocrx_word' id='word_1_197' title='bbox 1845 3796 1915 3844; x_wconf 91' lang='lat' dir='ltr'>non</span> <span class='ocrx_word' id='word_1_198' title='bbox 1935 3773 2052 3844; x_wconf 92' lang='lat' dir='ltr'>hahuit</span> 
     </span>
    </p>
   </div>
   <div class='ocr_carea' id='block_1_4' title="bbox 503 3889 2052 3993">
    <p class='ocr_par' dir='ltr' id='par_1_7' title="bbox 503 3889 2052 3993">
     <span class='ocr_line' id='line_1_22' title="bbox 503 3889 2052 3993; baseline 0 -31"><span class='ocrx_word' id='word_1_199' title='bbox 503 3912 615 3983; x_wconf 83' lang='lat' dir='ltr'>agros,</span> <span class='ocrx_word' id='word_1_200' title='bbox 643 3893 704 3964; x_wconf 92' lang='lat' dir='ltr'>sed</span> <span class='ocrx_word' id='word_1_201' title='bbox 731 3889 882 3965; x_wconf 90' lang='lat' dir='ltr'>Michael</span> <span class='ocrx_word' id='word_1_202' title='bbox 910 3895 953 3965; x_wconf 90' lang='lat' dir='ltr'>de</span> <span class='ocrx_word' id='word_1_203' title='bbox 980 3893 1227 3985; x_wconf 86' lang='lat' dir='ltr'>Lypnycza</span> <span class='ocrx_word' id='word_1_204' title='bbox 1253 3895 1419 3993; x_wconf 86' lang='lat' dir='ltr'>impensis</span> <span class='ocrx_word' id='word_1_205' title='bbox 1444 3894 1596 3984; x_wconf 85' lang='lat' dir='ltr'>propriis</span> <span class='ocrx_word' id='word_1_206' title='bbox 1619 3894 1808 3985; x_wconf 81' lang='lat' dir='ltr'>extirpavit</span> <span class='ocrx_word' id='word_1_207' title='bbox 1833 3915 1905 3985; x_wconf 92' lang='lat' dir='ltr'>eos,</span> <span class='ocrx_word' id='word_1_208' title='bbox 1934 3902 1970 3966; x_wconf 89' lang='lat' dir='ltr'>et</span> <span class='ocrx_word' id='word_1_209' title='bbox 1996 3895 2052 3963; x_wconf 88' lang='lat' dir='ltr'>ha-</span> 
     </span>
    </p>
   </div>
   <div class='ocr_carea' id='block_1_5' title="bbox 501 4013 2053 4350">
    <p class='ocr_par' dir='ltr' id='par_1_8' title="bbox 501 4013 2053 4350">
     <span class='ocr_line' id='line_1_23' title="bbox 506 4013 2053 4113; baseline 0.001 -31"><span class='ocrx_word' id='word_1_210' title='bbox 506 4013 634 4084; x_wconf 85' lang='lat' dir='ltr'>hentur</span> <span class='ocrx_word' id='word_1_211' title='bbox 661 4035 752 4085; x_wconf 92' lang='lat' dir='ltr'>nunc</span> <span class='ocrx_word' id='word_1_212' title='bbox 787 4017 874 4086; x_wconf 89' lang='lat' dir='ltr'>satis</span> <span class='ocrx_word' id='word_1_213' title='bbox 901 4016 1015 4113; x_wconf 75' lang='lat' dir='ltr'>¹ampli</span> <span class='ocrx_word' id='word_1_214' title='bbox 1052 4015 1135 4087; x_wconf 90' lang='lat' dir='ltr'>dieti</span> <span class='ocrx_word' id='word_1_215' title='bbox 1164 4015 1437 4088; x_wconf 83' lang='lat' dir='ltr'>Thannoua:</span> <span class='ocrx_word' id='word_1_216' title='bbox 1472 4017 1555 4087; x_wconf 87' lang='lat' dir='ltr'>item</span> <span class='ocrx_word' id='word_1_217' title='bbox 1583 4015 1750 4106; x_wconf 85' lang='lat' dir='ltr'>plebanus</span> <span class='ocrx_word' id='word_1_218' title='bbox 1785 4017 1893 4088; x_wconf 91' lang='lat' dir='ltr'>hahet</span> <span class='ocrx_word' id='word_1_219' title='bbox 1924 4017 2053 4086; x_wconf 83' lang='lat' dir='ltr'>ratione</span> 
     </span>
     <span class='ocr_line' id='line_1_24' title="bbox 501 4131 2052 4228; baseline 0.002 -27"><span class='ocrx_word' id='word_1_220' title='bbox 501 4131 661 4224; x_wconf 69' lang='lat' dir='ltr'>narracione,</span> <span class='ocrx_word' id='word_1_221' title='bbox 689 4156 790 4205; x_wconf 90' lang='lat' dir='ltr'>unam</span> <span class='ocrx_word' id='word_1_222' title='bbox 818 4156 1013 4208; x_wconf 89' lang='lat' dir='ltr'>mensuram</span> <span class='ocrx_word' id='word_1_223' title='bbox 1041 4157 1180 4228; x_wconf 91' lang='lat' dir='ltr'>avenae,</span> <span class='ocrx_word' id='word_1_224' title='bbox 1199 4157 1221 4208; x_wconf 90' lang='lat' dir='ltr'>a</span> <span class='ocrx_word' id='word_1_225' title='bbox 1239 4137 1395 4228; x_wconf 90' lang='lat' dir='ltr'>quolibet</span> <span class='ocrx_word' id='word_1_226' title='bbox 1422 4137 1602 4209; x_wconf 90' lang='lat' dir='ltr'>omethone</span> <span class='ocrx_word' id='word_1_227' title='bbox 1628 4137 1738 4209; x_wconf 87' lang='lat' dir='ltr'>totius</span> <span class='ocrx_word' id='word_1_228' title='bbox 1757 4137 1946 4228; x_wconf 88' lang='lat' dir='ltr'>parochiae</span> <span class='ocrx_word' id='word_1_229' title='bbox 1967 4156 2052 4207; x_wconf 89' lang='lat' dir='ltr'>suae.</span> 
     </span>
     <span class='ocr_line' id='line_1_25' title="bbox 605 4252 2051 4350; baseline 0 -24"><span class='ocrx_word' id='word_1_230' title='bbox 605 4254 840 4347; x_wconf 80' lang='lat' dir='ltr'>Caranusca,</span> <span class='ocrx_word' id='word_1_231' title='bbox 878 4258 960 4329; x_wconf 85' lang='lat' dir='ltr'>villa</span> <span class='ocrx_word' id='word_1_232' title='bbox 988 4258 1052 4330; x_wconf 91' lang='lat' dir='ltr'>suh</span> <span class='ocrx_word' id='word_1_233' title='bbox 1079 4259 1245 4349; x_wconf 90' lang='lat' dir='ltr'>parochia</span> <span class='ocrx_word' id='word_1_234' title='bbox 1271 4258 1316 4329; x_wconf 92' lang='lat' dir='ltr'>de</span> <span class='ocrx_word' id='word_1_235' title='bbox 1341 4252 1584 4330; x_wconf 85' lang='lat' dir='ltr'>Lanczsho</span> <span class='ocrx_word' id='word_1_236' title='bbox 1611 4259 1697 4349; x_wconf 84' lang='lat' dir='ltr'>sita,</span> <span class='ocrx_word' id='word_1_237' title='bbox 1733 4259 1831 4331; x_wconf 91' lang='lat' dir='ltr'>cuius</span> <span class='ocrx_word' id='word_1_238' title='bbox 1857 4259 2051 4350; x_wconf 83' lang='lat' dir='ltr'>proprietas</span> 
     </span>
    </p>
   </div>
   <div class='ocr_carea' id='block_1_6' title="bbox 383 4375 2049 4482">
    <p class='ocr_par' dir='ltr' id='par_1_9' title="bbox 383 4375 2049 4482">
     <span class='ocr_line' id='line_1_26' title="bbox 383 4375 2049 4482; baseline 0.001 -36"><span class='ocrx_word' id='word_1_239' title='bbox 383 4471 390 4482; x_wconf 26' lang='grc' dir='ltr'>ι</span> <span class='ocrx_word' id='word_1_240' title='bbox 500 4375 545 4446; x_wconf 89' lang='lat' dir='ltr'>ad</span> <span class='ocrx_word' id='word_1_241' title='bbox 572 4377 850 4449; x_wconf 88' lang='lat' dir='ltr'>sanctimoniales</span> <span class='ocrx_word' id='word_1_242' title='bbox 887 4379 929 4449; x_wconf 91' lang='lat' dir='ltr'>de</span> <span class='ocrx_word' id='word_1_243' title='bbox 965 4379 1174 4470; x_wconf 85' lang='lat' dir='ltr'>Antiqua</span> <span class='ocrx_word' id='word_1_244' title='bbox 1208 4379 1415 4450; x_wconf 87' lang='lat' dir='ltr'>Sandecz</span> <span class='ocrx_word' id='word_1_245' title='bbox 1441 4381 1602 4469; x_wconf 88' lang='lat' dir='ltr'>pertinet.</span> <span class='ocrx_word' id='word_1_246' title='bbox 1646 4380 1687 4450; x_wconf 91' lang='lat' dir='ltr'>ln</span> <span class='ocrx_word' id='word_1_247' title='bbox 1715 4400 1784 4470; x_wconf 90' lang='lat' dir='ltr'>qua</span> <span class='ocrx_word' id='word_1_248' title='bbox 1814 4385 1898 4451; x_wconf 89' lang='lat' dir='ltr'>sunt</span> <span class='ocrx_word' id='word_1_249' title='bbox 1923 4385 2049 4470; x_wconf 86' lang='lat' dir='ltr'>septem</span> 
     </span>
    </p>
   </div>
   <div class='ocr_carea' id='block_1_7' title="bbox 419 4498 2049 5808">
    <p class='ocr_par' dir='ltr' id='par_1_10' title="bbox 499 4498 2049 4962">
     <span class='ocr_line' id='line_1_27' title="bbox 500 4498 2048 4591; baseline 0.001 -24"><span class='ocrx_word' id='word_1_250' title='bbox 500 4498 591 4568; x_wconf 90' lang='lat' dir='ltr'>lanei</span> <span class='ocrx_word' id='word_1_251' title='bbox 619 4499 868 4591; x_wconf 83' lang='lat' dir='ltr'>cnretlronales,</span> <span class='ocrx_word' id='word_1_252' title='bbox 906 4500 948 4571; x_wconf 91' lang='lat' dir='ltr'>de</span> <span class='ocrx_word' id='word_1_253' title='bbox 976 4501 1100 4591; x_wconf 89' lang='lat' dir='ltr'>quibua</span> <span class='ocrx_word' id='word_1_254' title='bbox 1127 4501 1286 4572; x_wconf 90' lang='lat' dir='ltr'>omnihus</span> <span class='ocrx_word' id='word_1_255' title='bbox 1314 4501 1463 4573; x_wconf 89' lang='lat' dir='ltr'>solvitur</span> <span class='ocrx_word' id='word_1_256' title='bbox 1489 4508 1525 4573; x_wconf 90' lang='lat' dir='ltr'>et</span> <span class='ocrx_word' id='word_1_257' title='bbox 1551 4501 1756 4575; x_wconf 85' lang='lat' dir='ltr'>conducitur</span> <span class='ocrx_word' id='word_1_258' title='bbox 1782 4502 1917 4574; x_wconf 86' lang='lat' dir='ltr'>decima</span> <span class='ocrx_word' id='word_1_259' title='bbox 1943 4499 2048 4572; x_wconf 90' lang='lat' dir='ltr'>mani-</span> 
     </span>
     <span class='ocr_line' id='line_1_28' title="bbox 499 4613 2047 4714; baseline 0.002 -25"><span class='ocrx_word' id='word_1_260' title='bbox 499 4618 631 4708; x_wconf 87' lang='lat' dir='ltr'>pularis</span> <span class='ocrx_word' id='word_1_261' title='bbox 657 4639 721 4708; x_wconf 90' lang='lat' dir='ltr'>pro</span> <span class='ocrx_word' id='word_1_262' title='bbox 750 4621 1069 4693; x_wconf 88' lang='lat' dir='ltr'>sanctimonialibus</span> <span class='ocrx_word' id='word_1_263' title='bbox 1097 4623 1132 4692; x_wconf 93' lang='lat' dir='ltr'>in</span> <span class='ocrx_word' id='word_1_264' title='bbox 1160 4622 1368 4712; x_wconf 92' lang='lat' dir='ltr'>Antiqua</span> <span class='ocrx_word' id='word_1_265' title='bbox 1393 4621 1617 4714; x_wconf 89' lang='lat' dir='ltr'>Sandecz,</span> <span class='ocrx_word' id='word_1_266' title='bbox 1645 4630 1682 4695; x_wconf 89' lang='lat' dir='ltr'>ct</span> <span class='ocrx_word' id='word_1_267' title='bbox 1704 4613 1803 4696; x_wconf 80' lang='lat' dir='ltr'>ualor</span> <span class='ocrx_word' id='word_1_268' title='bbox 1820 4624 1896 4694; x_wconf 88' lang='lat' dir='ltr'>eius</span> <span class='ocrx_word' id='word_1_269' title='bbox 1914 4623 1959 4693; x_wconf 92' lang='lat' dir='ltr'>ad</span> <span class='ocrx_word' id='word_1_270' title='bbox 1977 4641 2047 4710; x_wconf 90' lang='lat' dir='ltr'>sep-</span> 
     </span>
     <span class='ocr_line' id='line_1_29' title="bbox 499 4723 2049 4836; baseline 0 -27"><span class='ocrx_word' id='word_1_271' title='bbox 499 4745 569 4810; x_wconf 91' lang='lat' dir='ltr'>tem</span> <span class='ocrx_word' id='word_1_272' title='bbox 588 4761 721 4812; x_wconf 88' lang='lat' dir='ltr'>marcas</span> <span class='ocrx_word' id='word_1_273' title='bbox 740 4741 951 4814; x_wconf 87' lang='lat' dir='ltr'>aestimatur.</span> <span class='ocrx_word' id='word_1_274' title='bbox 978 4742 1067 4815; x_wconf 89' lang='lat' dir='ltr'>Item</span> <span class='ocrx_word' id='word_1_275' title='bbox 1081 4744 1247 4816; x_wconf 87' lang='lat' dir='ltr'>tabernae</span> <span class='ocrx_word' id='word_1_276' title='bbox 1266 4796 1273 4813; x_wconf 88' lang='lat'>.</span> <span class='ocrx_word' id='word_1_277' title='bbox 1293 4799 1300 4813; x_wconf 94' lang='lat'><strong>.</strong></span> <span class='ocrx_word' id='word_1_278' title='bbox 1320 4798 1336 4834; x_wconf 94' lang='lat'>.,</span> <span class='ocrx_word' id='word_1_279' title='bbox 1354 4743 1440 4814; x_wconf 92' lang='lat' dir='ltr'>item</span> <span class='ocrx_word' id='word_1_280' title='bbox 1458 4744 1676 4818; x_wconf 82' lang='lat' dir='ltr'>hortulaniae</span> <span class='ocrx_word' id='word_1_281' title='bbox 1696 4801 1703 4816; x_wconf 92' lang='lat'>.</span> <span class='ocrx_word' id='word_1_282' title='bbox 1721 4723 1733 4815; x_wconf 65' lang='lat' dir='ltr'>J</span> <span class='ocrx_word' id='word_1_283' title='bbox 1749 4801 1766 4836; x_wconf 85' lang='lat'>,</span> <span class='ocrx_word' id='word_1_284' title='bbox 1784 4746 1870 4817; x_wconf 81' lang='lat' dir='ltr'>itam</span> <span class='ocrx_word' id='word_1_285' title='bbox 1889 4744 2049 4817; x_wconf 82' lang='lat' dir='ltr'>scoltatos</span> 
     </span>
     <span class='ocr_line' id='line_1_30' title="bbox 500 4862 1213 4962; baseline 0.006 -31"><span class='ocrx_word' id='word_1_286' title='bbox 500 4881 568 4962; x_wconf 87' lang='lat' dir='ltr'>non</span> <span class='ocrx_word' id='word_1_287' title='bbox 587 4868 641 4933; x_wconf 88' lang='lat' dir='ltr'>est</span> <span class='ocrx_word' id='word_1_288' title='bbox 668 4862 725 4952; x_wconf 94' lang='lat' dir='ltr'>ibi,</span> <span class='ocrx_word' id='word_1_289' title='bbox 753 4863 836 4934; x_wconf 90' lang='lat' dir='ltr'>item</span> <span class='ocrx_word' id='word_1_290' title='bbox 863 4864 1042 4954; x_wconf 85' lang='lat' dir='ltr'>praedium</span> <span class='ocrx_word' id='word_1_291' title='bbox 1045 4918 1213 4935; x_wconf 92' lang='grc'><strong>.......</strong></span> 
     </span>
    </p>

    <p class='ocr_par' dir='ltr' id='par_1_11' title="bbox 419 4981 2048 5684">
     <span class='ocr_line' id='line_1_31' title="bbox 602 4981 2046 5079; baseline 0.004 -29"><span class='ocrx_word' id='word_1_292' title='bbox 602 4981 806 5073; x_wconf 85' lang='lat' dir='ltr'>Znnzsoza,</span> <span class='ocrx_word' id='word_1_293' title='bbox 833 4983 916 5055; x_wconf 91' lang='lat' dir='ltr'>villa</span> <span class='ocrx_word' id='word_1_294' title='bbox 943 4985 1007 5057; x_wconf 90' lang='lat' dir='ltr'>sub</span> <span class='ocrx_word' id='word_1_295' title='bbox 1033 4985 1199 5075; x_wconf 90' lang='lat' dir='ltr'>parochia</span> <span class='ocrx_word' id='word_1_296' title='bbox 1224 4985 1268 5057; x_wconf 89' lang='lat' dir='ltr'>de</span> <span class='ocrx_word' id='word_1_297' title='bbox 1297 4984 1539 5058; x_wconf 85' lang='lat' dir='ltr'>Lanczsko</span> <span class='ocrx_word' id='word_1_298' title='bbox 1565 4988 1642 5077; x_wconf 87' lang='lat' dir='ltr'>sita,</span> <span class='ocrx_word' id='word_1_299' title='bbox 1668 4987 1766 5060; x_wconf 92' lang='lat' dir='ltr'>cuius</span> <span class='ocrx_word' id='word_1_300' title='bbox 1791 4990 1989 5079; x_wconf 89' lang='lat' dir='ltr'>proprietas</span> <span class='ocrx_word' id='word_1_301' title='bbox 2007 4984 2046 5057; x_wconf 91' lang='lat' dir='ltr'>ad</span> 
     </span>
     <span class='ocr_line' id='line_1_32' title="bbox 498 5104 2048 5199; baseline 0.002 -25"><span class='ocrx_word' id='word_1_302' title='bbox 498 5104 778 5175; x_wconf 89' lang='lat' dir='ltr'>sanctimoniales</span> <span class='ocrx_word' id='word_1_303' title='bbox 805 5104 981 5195; x_wconf 84' lang='lat' dir='ltr'>praefatas</span> <span class='ocrx_word' id='word_1_304' title='bbox 1009 5107 1170 5196; x_wconf 90' lang='lat' dir='ltr'>pertinet.</span> <span class='ocrx_word' id='word_1_305' title='bbox 1215 5107 1256 5177; x_wconf 93' lang='lat' dir='ltr'>In</span> <span class='ocrx_word' id='word_1_306' title='bbox 1284 5128 1354 5198; x_wconf 91' lang='lat' dir='ltr'>qua</span> <span class='ocrx_word' id='word_1_307' title='bbox 1380 5114 1463 5179; x_wconf 90' lang='lat' dir='ltr'>sunt</span> <span class='ocrx_word' id='word_1_308' title='bbox 1498 5128 1559 5179; x_wconf 84' lang='lat' dir='ltr'>sex</span> <span class='ocrx_word' id='word_1_309' title='bbox 1595 5107 1686 5180; x_wconf 89' lang='lat' dir='ltr'>lanei</span> <span class='ocrx_word' id='word_1_310' title='bbox 1721 5110 1977 5199; x_wconf 90' lang='lat' dir='ltr'>cmethonalcs,</span> <span class='ocrx_word' id='word_1_311' title='bbox 2010 5108 2048 5178; x_wconf 87' lang='lat' dir='ltr'>de</span> 
     </span>
     <span class='ocr_line' id='line_1_33' title="bbox 500 5223 2047 5321; baseline 0.003 -26"><span class='ocrx_word' id='word_1_312' title='bbox 500 5225 623 5314; x_wconf 89' lang='lat' dir='ltr'>quibus</span> <span class='ocrx_word' id='word_1_313' title='bbox 651 5223 809 5296; x_wconf 91' lang='lat' dir='ltr'>omnihus</span> <span class='ocrx_word' id='word_1_314' title='bbox 837 5226 985 5298; x_wconf 81' lang='lat' dir='ltr'>solvitur</span> <span class='ocrx_word' id='word_1_315' title='bbox 1012 5232 1047 5298; x_wconf 91' lang='lat' dir='ltr'>et</span> <span class='ocrx_word' id='word_1_316' title='bbox 1074 5227 1278 5299; x_wconf 91' lang='lat' dir='ltr'>conducitur</span> <span class='ocrx_word' id='word_1_317' title='bbox 1304 5229 1438 5301; x_wconf 90' lang='lat' dir='ltr'>decima</span> <span class='ocrx_word' id='word_1_318' title='bbox 1464 5228 1690 5319; x_wconf 91' lang='lat' dir='ltr'>manipularis</span> <span class='ocrx_word' id='word_1_319' title='bbox 1716 5251 1781 5321; x_wconf 90' lang='lat' dir='ltr'>pro</span> <span class='ocrx_word' id='word_1_320' title='bbox 1807 5232 1953 5304; x_wconf 86' lang='lat' dir='ltr'>vicariis</span> <span class='ocrx_word' id='word_1_321' title='bbox 1969 5230 2047 5301; x_wconf 89' lang='lat' dir='ltr'>Sao·</span> 
     </span>
     <span class='ocr_line' id='line_1_34' title="bbox 499 5343 2046 5439; baseline 0.003 -26"><span class='ocrx_word' id='word_1_322' title='bbox 499 5343 732 5436; x_wconf 76' lang='lat' dir='ltr'>deczcnsibuS,</span> <span class='ocrx_word' id='word_1_323' title='bbox 760 5347 857 5418; x_wconf 88' lang='lat' dir='ltr'>cuius</span> <span class='ocrx_word' id='word_1_324' title='bbox 884 5347 984 5419; x_wconf 91' lang='lat' dir='ltr'>valor</span> <span class='ocrx_word' id='word_1_325' title='bbox 1004 5349 1207 5420; x_wconf 88' lang='lat' dir='ltr'>aestimatur</span> <span class='ocrx_word' id='word_1_326' title='bbox 1233 5349 1277 5419; x_wconf 91' lang='lat' dir='ltr'>ad</span> <span class='ocrx_word' id='word_1_327' title='bbox 1304 5369 1365 5427; x_wconf 85' lang='lat' dir='ltr'>sex</span> <span class='ocrx_word' id='word_1_328' title='bbox 1383 5369 1528 5439; x_wconf 72' lang='lat' dir='ltr'>marcas</span> <span class='ocrx_word' id='word_1_329' title='bbox 1555 5355 1592 5420; x_wconf 90' lang='lat' dir='ltr'>et</span> <span class='ocrx_word' id='word_1_330' title='bbox 1609 5351 1699 5422; x_wconf 91' lang='lat' dir='ltr'>hanc</span> <span class='ocrx_word' id='word_1_331' title='bbox 1716 5352 1886 5424; x_wconf 87' lang='lat' dir='ltr'>decimam</span> <span class='ocrx_word' id='word_1_332' title='bbox 1913 5351 2046 5424; x_wconf 82' lang='lat' dir='ltr'>donarit</span> 
     </span>
     <span class='ocr_line' id='line_1_35' title="bbox 419 5451 2046 5560; baseline 0.005 -30"><span class='ocrx_word' id='word_1_333' title='bbox 419 5451 422 5458; x_wconf 81' lang='grc'><strong>’</strong></span> <span class='ocrx_word' id='word_1_334' title='bbox 494 5463 552 5531; x_wconf 85' lang='lat' dir='ltr'>eis</span> <span class='ocrx_word' id='word_1_335' title='bbox 567 5465 748 5555; x_wconf 89' lang='lat' dir='ltr'>episcopus</span> <span class='ocrx_word' id='word_1_336' title='bbox 764 5465 1005 5541; x_wconf 81' lang='lat' dir='ltr'>Cracoviensis</span> <span class='ocrx_word' id='word_1_337' title='bbox 1020 5469 1209 5560; x_wconf 82' lang='lat' dir='ltr'>Thomas,</span> <span class='ocrx_word' id='word_1_338' title='bbox 1233 5468 1276 5540; x_wconf 92' lang='lat' dir='ltr'>de</span> <span class='ocrx_word' id='word_1_339' title='bbox 1290 5490 1459 5543; x_wconf 88' lang='lat' dir='ltr'>consensu</span> <span class='ocrx_word' id='word_1_340' title='bbox 1482 5471 1625 5560; x_wconf 91' lang='lat' dir='ltr'>capituli</span> <span class='ocrx_word' id='word_1_341' title='bbox 1639 5473 1703 5542; x_wconf 91' lang='lat' dir='ltr'>sui.</span> <span class='ocrx_word' id='word_1_342' title='bbox 1733 5473 1822 5544; x_wconf 89' lang='lat' dir='ltr'>item</span> <span class='ocrx_word' id='word_1_343' title='bbox 1835 5472 2046 5546; x_wconf 88' lang='lat' dir='ltr'>hortulaniac</span> 
     </span>
     <span class='ocr_line' id='line_1_36' title="bbox 500 5587 1992 5684; baseline 0.008 -36"><span class='ocrx_word' id='word_1_344' title='bbox 500 5599 568 5650; x_wconf 90' lang='lat' dir='ltr'>non</span> <span class='ocrx_word' id='word_1_345' title='bbox 596 5590 686 5675; x_wconf 90' lang='lat' dir='ltr'>sunt,</span> <span class='ocrx_word' id='word_1_346' title='bbox 714 5587 880 5659; x_wconf 90' lang='lat' dir='ltr'>tabernae</span> <span class='ocrx_word' id='word_1_347' title='bbox 908 5609 976 5662; x_wconf 90' lang='lat' dir='ltr'>non</span> <span class='ocrx_word' id='word_1_348' title='bbox 1005 5595 1095 5679; x_wconf 89' lang='lat' dir='ltr'>sunt,</span> <span class='ocrx_word' id='word_1_349' title='bbox 1123 5590 1288 5661; x_wconf 79' lang='lat' dir='ltr'>scoltetns</span> <span class='ocrx_word' id='word_1_350' title='bbox 1314 5611 1383 5662; x_wconf 92' lang='lat' dir='ltr'>non</span> <span class='ocrx_word' id='word_1_351' title='bbox 1411 5595 1473 5682; x_wconf 87' lang='lat' dir='ltr'>est,</span> <span class='ocrx_word' id='word_1_352' title='bbox 1500 5611 1612 5680; x_wconf 89' lang='lat' dir='ltr'>oeque</span> <span class='ocrx_word' id='word_1_353' title='bbox 1638 5591 1818 5681; x_wconf 87' lang='lat' dir='ltr'>praedium</span> <span class='ocrx_word' id='word_1_354' title='bbox 1845 5594 1992 5684; x_wconf 88' lang='lat' dir='ltr'>aliquod.</span> 
     </span>
    </p>

    <p class='ocr_par' dir='ltr' id='par_1_12' title="bbox 604 5703 2044 5808">
     <span class='ocr_line' id='line_1_37' title="bbox 604 5703 2044 5808; baseline 0.008 -35"><span class='ocrx_word' id='word_1_355' title='bbox 604 5703 837 5799; x_wconf 80' lang='lat' dir='ltr'>Znaazazrs,</span> <span class='ocrx_word' id='word_1_356' title='bbox 874 5709 958 5782; x_wconf 88' lang='lat' dir='ltr'>villa</span> <span class='ocrx_word' id='word_1_357' title='bbox 984 5711 1048 5782; x_wconf 86' lang='lat' dir='ltr'>snb</span> <span class='ocrx_word' id='word_1_358' title='bbox 1076 5710 1244 5800; x_wconf 88' lang='lat' dir='ltr'>parochia</span> <span class='ocrx_word' id='word_1_359' title='bbox 1269 5710 1313 5782; x_wconf 91' lang='lat' dir='ltr'>de</span> <span class='ocrx_word' id='word_1_360' title='bbox 1339 5710 1583 5786; x_wconf 86' lang='lat' dir='ltr'>Lanczslro</span> <span class='ocrx_word' id='word_1_361' title='bbox 1610 5713 1695 5805; x_wconf 82' lang='lat' dir='ltr'>sita,</span> <span class='ocrx_word' id='word_1_362' title='bbox 1733 5715 1830 5790; x_wconf 88' lang='lat' dir='ltr'>cuius</span> <span class='ocrx_word' id='word_1_363' title='bbox 1856 5714 2044 5808; x_wconf 78' lang='lat' dir='ltr'>proprietas</span> 
     </span>
    </p>
   </div>
   <div class='ocr_carea' id='block_1_8' title="bbox 0 0 2280 6599">
    <p class='ocr_par' dir='ltr' id='par_1_13' title="bbox 0 0 2280 6599">
     <span class='ocr_line' id='line_1_38' title="bbox 0 0 2280 6599; baseline 0 0"><span class='ocrx_word' id='word_1_364' title='bbox 0 0 2280 6599; x_wconf 95' lang='lat' dir='ltr'> </span> 
     </span>
    </p>
   </div>
  </div>
 </body>
</html>
