4550 6600
505 684 591 825 1161

504 965 618 1033 111611
654 957 759 1031 iidem
805 954 935 1031 milites
972 954 1112 1031 solvunt
1144 978 1209 1050 per
1244 954 1504 1049 quatuordecim
1539 978 1682 1051 grossos
1716 978 1781 1054 pro
1815 960 2048 1038 mansionadis

503 1079 904 1157 Oszwanczimensibus..

606 1201 871 1294 Brnsowrczn,
907 1201 990 1276 villa
1021 1202 1086 1273 sub
1112 1201 1280 1293 parochia
1313 1200 1358 1273 de
1383 1200 1698 1276 Oszwanczim
1733 1206 1819 1297 sita,
1854 1206 1952 1277 cniua
1987 1206 2048 1281 dno

502 1324 670 1395 haeredes
699 1323 741 1395 de
768 1324 874 1395 armis
893 1377 900 1394 .
973 1378 1007 1394 ..
1035 1323 1075 1393 In
1104 1344 1173 1414 qua
1198 1344 1268 1395 non
1296 1330 1377 1396 sunt
1403 1324 1611 1416 6116111166Ί
1639 1325 1701 1398 sed
1727 1326 1966 1399 tantummodo
1984 1328 2046 1400 dno

501 1444 699 1535 hortulani,
734 1445 901 1517 hahentes
928 1444 1179 1536 aliquantulum
1205 1444 1249 1515 de
1276 1445 1390 1534 agris,
1417 1451 1453 1517 61
1481 1445 1524 1517 de
1551 1447 1711 1518 omnibns
1746 1448 1895 1519 solvitur
1921 1448 2047 1520 decima

501 1564 697 1655 pecunialis
724 1582 789 1653 per
816 1569 966 1654 quatuor
1004 1563 1095 1635 latos
1130 1584 1271 1654 grossos
1307 1584 1372 1654 pro
1398 1564 1642 1637 mansionariis
1667 1567 1704 1636 in
1737 1564 2049 1639 Oszwanczim.

604 1684 746 1775 Znnrrr,
772 1685 856 1756 villa
883 1685 947 1756 sub
973 1685 1140 1775 parochia
1166 1684 1210 1756 de
1236 1685 1448 1777 Babycze
1474 1686 1552 1775 situ,
1579 1687 1676 1758 cuins
1693 1689 1890 1778 proprietas
1916 1687 1961 1758 ud
1980 1690 2046 1779 epi·
2154 1697 2155 1700 ’

501 1826 641 1897 scopum
669 1804 932 1879 Oracoviensem
958 1806 1118 1897 pertinet.
1164 1806 1204 1877 in
1231 1811 1408 1899 quaeunt
1442 1806 1536 1879 lanei
1563 1808 1817 1899 emethonalea,
1853 1809 1897 1880 de
1925 1810 2045 1899 quibus

382 2008 390 2023 ·
505 1927 664 1999 omnibus
691 1927 839 2001 solvitur
865 1927 998 1999 decima
1023 1927 1251 2019 manipularis
1277 1949 1342 2019 pro
1368 1928 1613 2001 mansionariis
1631 1982 1771 2000 ......

1157 2168 1405 2244 Mosconnum.

605 2654 778 2749 Oppidum
804 2654 904 2728 iuxta
929 2652 1070 2727 flurium
1097 2653 1232 2727 Szola
1244 2656 1374 2746 sitnm,
1400 2658 1437 2727 et
1461 2674 1526 2746 per
1550 2654 1722 2728 Meslanm
1749 2656 1871 2728 ducem
1889 2654 2048 2728 0111111-

501 2778 703 2852 czimensem
729 2777 928 2869 fundatum,
966 2776 1098 2848 habens
1125 2776 1162 2846 in
1190 2798 1227 2847 se
1253 2776 1487 2866 parochialem
1514 2776 1694 2847 ecclesiam
1728 2777 1841 2849 latere
1866 2784 2046 2867 muratam,

462 2913 466 2919 '
500 2900 650 2973 Sanctae
676 2898 923 2991 Margarethae
958 2897 1128 2987 dicatam3
1164 2897 1262 2969 cuins
1297 2898 1494 2988 proprietas
1529 2897 1574 2968 ad
1601 2898 1859 2993 serenissimum
1886 2894 2049 2970 Poloniae

501 3042 617 3113 regem
644 3022 805 3112 pertinet.
830 3020 873 3091 In
900 3040 968 3111 qua
995 3023 1076 3090 sunt
1103 3018 1335 3109 quadraginta
1360 3018 1452 3090 lanei
1479 3018 1740 3110 oppidanorum,
1766 3018 1810 3091 de
1839 3018 1964 3110 quibus
1982 3018 2048 3088 sol·

500 3144 596 3218 vitun
622 3141 754 3213 decima
771 3140 1017 3232 pecunialis....;
1044 3139 1128 3209 item
1153 3138 1260 3210 habet
1279 3139 1330 3210 ibi
1348 3138 1494 3212 ecclesia
1511 3144 1548 3211 61
1564 3140 1733 3230 plebanus
1757 3139 1922 3230 proprios
1948 3159 2047 3235 agros

491 3262 630 3350 ,liberos
658 3268 694 3336 et
719 3266 830 3354 prata,
856 3240 920 3352 pro
948 3280 1011 3332 suo
1037 3280 1104 3331 usu
1130 3264 1167 3331 et
1194 3260 1411 3352 necessitate,
1438 3265 1475 3332 et
1501 3264 1651 3351 quatuor
1676 3260 1848 3352 piscinas3
1885 3261 1971 3332 item
1997 3263 2050 3330 eat

377 3421 381 3430 ·
500 3383 551 3456 ibi
577 3383 768 3475 advocatia,
796 3402 883 3474 quae
900 3381 1007 3454 habet
1023 3386 1097 3454 tres
1115 3380 1244 3473 laneos,
1271 3378 1463 3473 dequibus
1489 3381 1636 3454 solvitur
1654 3381 1787 3453 decima
1812 3380 2048 3472 pecuniane...

604 3489 894 3595 Konrnnnrczn,
919 3503 1003 3576 villa
1030 3503 1094 3574 sub
1119 3501 1287 3593 parochia
1312 3501 1355 3574 de
1381 3502 1559 3574 Kanthi
1587 3503 1664 3594 sita,
1694 3503 1792 3576 cuins
1816 3503 1943 3606 haeres
1961 3502 2047 3574 Mel·

501 3630 600 3703 chior
626 3627 668 3699 de
695 3625 1021 3717 Dambowyecz
1048 3623 1091 3696 de
1118 3623 1220 3694 domo
1247 3621 1463 3717 (lornycz.
1507 3625 1548 3696 In
1575 3646 1645 3716 qua
1669 3629 1752 3697 sunt
1776 3625 1870 3696 lanei
1896 3625 2046 3696 cmetho

500 3751 606 3842 noles,
633 3748 676 3821 de
703 3748 826 3840 quihus
853 3744 1012 3820 omnihus
1040 3743 1191 3816 solvitur
1229 3744 1362 3816 decima
1386 3745 1611 3836 manipularis
1637 3767 1703 3837 pro
1730 3744 1939 3818 scholastria
1964 3744 2045 3816 Gra·

498 3870 670 3960 coviensi3
696 3888 759 3961 per
788 3869 934 3941 abusum
968 3871 1084 3938 tamen
1111 3869 1148 3937 et
1174 3865 1421 3957 negligentiam
1448 3866 1733 3942 scholasticorum
1759 3865 2045 3953 Crocovieusinm,

499 4011 667 4068 conversa
693 3989 807 4061 estin
833 3987 1069 4079 pecuniolam,
1096 3986 1297 4059 absolvunt
1331 3988 1477 4078 singulis
1504 3988 1605 4059 annis
1635 3992 1709 4060 tres
1735 4008 1872 4059 marcas
1897 3988 2043 4058 latorum

498 4131 700 4203 grossorum
717 4109 953 4201 Pragensium,
980 4112 1017 4180 et
1033 4127 1181 4197 granum
1199 4107 1348 4199 plebano
1364 4110 1402 4180 in
1427 4107 1622 4199 Kanthi,
1649 4129 1795 4181 avenam
1813 4115 1849 4180 et
1867 4107 2043 4197 siliginem

601 4230 815 4304 Ponnmnnn
817 4280 1900 4302 ...................

601 4351 798 4426 Ozanrncz
800 4403 1898 4423 ...................

601 4473 723 4547 Noun
750 4471 896 4546 Wrnsz.

601 4595 834 4669 Bonowrczn.
908 4646 1898 4666 .................

1168 4835 1388 4908 Lruunznrn

600 4955 696 5031 Villa
721 4957 758 5030 in
784 4957 913 5032 ducatu
948 4957 1143 5031 Plczinensi
1178 4958 1263 5049 sita,
1298 4957 1432 5029 habens
1468 4957 1506 5028 in
1533 4976 1570 5027 se
1597 4931 1793 5028 ecclesiam.
1810 4953 2037 5046 parochialem

494 5077 653 5173 ligneam,
681 5079 808 5152 Sancto
836 5077 1005 5152 Clementi
1032 5079 1191 5169 dicatam,
1219 5078 1317 5151 cuins
1341 5077 1538 5169 proprietas
1556 5098 1721 5149 unacum
1747 5077 2036 5168 inrepatronatns,

494 5201 540 5275 ad
565 5199 812 5273 monasterium
831 5199 1143 5272 sanctimonialium
1170 5199 1206 5270 in
1233 5197 1535 5290 Stanyuthlry
1565 5198 1668 5288 pleno
1694 5199 1771 5269 iure
1796 5197 1959 5288 pertinet
2000 5196 2035 5266 In

495 5341 565 5413 qua
591 5325 673 5391 sunt
699 5319 821 5410 viginti
847 5340 923 5392 cum
949 5319 1063 5392 medio
1098 5319 1192 5392 lanei
1218 5319 1470 5410 cmethonales,
1504 5319 1587 5390 item
1622 5319 1771 5391 taberna
1805 5338 1876 5389 una
1911 5319 2035 5389 habens

492 5458 606 5530 agros,
632 5440 716 5512 itam
742 5441 923 5532 praedium
949 5440 1157 5532 coenobiale,
1183 5440 1268 5511 item
1293 5438 1513 5512 hortulaniae
1539 5445 1622 5530 tres,
1659 5439 1703 5511 de
1730 5439 1856 5529 quibus
1882 5438 2034 5510 omnibns

493 5557 639 5631 solvitur
666 5565 702 5633 et
727 5561 930 5634 conducitur
956 5561 1089 5634 decima
1115 5561 1340 5652 manipularis
1367 5566 1403 5633 61
1430 5559 1606 5651 canapalis
1632 5557 1800 5632 ecclesiae
1826 5559 1863 5628 in
1902 5557 2034 5649 Lyen-

492 5678 639 5790 dzini,
674 5686 710 5752 et
735 5683 834 5758 valor
860 5683 935 5755 eius
962 5683 1169 5758 aestimatur
1195 5681 1240 5755 ad
1266 5682 1413 5775 triginta
1438 5701 1583 5756 marcas.
1623 5679 1711 5755 Item
1738 5679 1908 5776 plebanus
1934 5677 2034 5750 habet
