4550 6600
1550 831 1557 841 .
1688 770 1797 843 171.

217 973 383 1044 hahentes
410 992 522 1062 agros
550 972 593 1042 de
622 972 746 1062 quihus
774 970 934 1044 omnibus
961 973 1095 1059 decima
1121 992 1186 1062 pru
1213 973 1360 1044 eeclesia
1387 976 1422 1045 in
1451 973 1706 1066 Chroberz,
1734 983 1770 1047 et

218 1094 312 1167 valor
339 1093 414 1163 eins
441 1086 645 1163 aestimatur
672 1093 717 1163 ad
743 1099 816 1165 tres
843 1114 998 1165 marcas..

314 1212 674 1302 Pnznczsnnwrczn,
700 1213 785 1285 villa
811 1214 875 1284 sub
903 1215 1068 1304 parochia
1087 1214 1130 1285 de
1148 1212 1423 1304 Conyusch‘a
1450 1217 1537 1303 sita,
1564 1218 1661 1287 cuins
1687 1238 1796 1307 prop
1936 1213 1940 1221 ’

215 1337 343 1427 prietas
370 1333 416 1404 ad
442 1332 629 1424 Shigneum
673 1332 986 1425 Crakowczylr
1021 1335 1184 1425 pertinet.
1228 1335 1270 1406 In
1297 1357 1366 1425 qna
1392 1340 1473 1407 sunt
1498 1336 1591 1406 lanei
1618 1340 1767 1408 cmetho·

106 1492 110 1503 ·
215 1456 321 1543 nalcs,
357 1454 441 1525 item
468 1460 523 1526 est
549 1454 598 1537 ibi
626 1454 807 1545 praedium
833 1455 987 1527 eiusdem
1014 1456 1177 1546 Sbignei,
1202 1456 1246 1527 de
1273 1477 1341 1545 quo
1367 1463 1404 1527 et
1429 1457 1540 1538 laneis
1566 1452 1766 1528 c'methona-

214 1578 301 1649 libus
329 1576 477 1647 solviuu
504 1580 540 1647 et
565 1576 768 1648 conducitur
795 1576 929 1647 decima
955 1577 1182 1667 manipularis
1208 1583 1245 1649 et
1261 1578 1437 1667 canapalis
1464 1599 1529 1667 pro
1555 1578 1703 1667 plebano
1730 1580 1766 1649 in

216 1696 508 1787 Oonynscha,
535 1703 572 1771 et
598 1697 696 1769 valor
722 1698 832 1769 totius
858 1697 902 1769 ad
930 1698 1095 1769 tredecim
1123 1720 1258 1769 marcas
1284 1700 1500 1769 aestimatur.
1627 1710 1633 1715 ’

313 1816 632 1907 Prorunowrczn,
673 1817 756 1889 villa
791 1818 855 1889 suh
883 1818 1003 1889 eadem
1030 1819 1197 1907 parochIa
1231 1820 1318 1906 sita,
1358 1820 1457 1890 cuius
1488 1819 1613 1891 haeres
1639 1820 1766 1893 Petrus

216 1938 517 2029 Szobyenslry
544 1938 587 2009 de
615 1938 716 2011 domo
745 1938 1028 2033 Srzcnyawa.
1055 1939 1096 2009 In
1123 1960 1192 2028 qua
1219 1944 1302 2009 suunt
1326 1940 1419 2010 lanei
1446 1940 1695 2030 cmcthonales,
1721 1942 1765 2013 de

215 2060 335 2150 quibus
365 2058 524 2146 omnibus
552 2059 700 2131 solvitur
726 2064 762 2130 et
789 2059 992 2130 conducitur
1020 2058 1153 2129 decima
1179 2059 1405 2148 manipularis
1436 2066 1473 2130 et
1499 2062 1676 2150 canapalis
1702 2083 1767 2151 pro

213 2180 360 2272 plebano
387 2180 423 2251 in
451 2178 733 2270 Gonyuscha.
776 2180 865 2251 Item
893 2185 948 2251 est
974 2180 1023 2250 ibi
1050 2179 1232 2270 praedium
1259 2201 1364 2249 unum
1391 2180 1641 2270 militarc,'de
1668 2183 1766 2253 cuius

214 2302 314 2373 etlam
342 2302 439 2392 agris
475 2322 539 2391 pro
575 2298 726 2391 plebano
762 2302 883 2373 eodem
919 2302 1129 2391 decimatur,
1165 2307 1202 2371 et
1229 2302 1328 2372 valor
1362 2302 1544 2391 utriusque
1572 2302 1617 2375 ad
1649 2303 1767 2374 decem
1849 2293 1853 2299 ’

212 2442 346 2495 marcas
375 2422 590 2493 aestimatur.
1183 2440 1190 2445 ·
1903 2394 1908 2402 ’

106 2526 108 2535 ’
312 2544 564 2631 Damnonion,
596 2543 679 2615 villa
705 2543 769 2615 sub
805 2544 972 2633 parochia
1007 2542 1050 2613 de
1077 2541 1353 2632 Gonyuseha
1389 2543 1476 2631 sita,
1512 2544 1610 2613 cuius
1644 2544 1768 2615 haeres
1832 2630 1836 2638 Ι

213 2666 389 2737 Iohannes
416 2663 537 2737 Pelcz
556 2645 723 2735 dc'armis
750 2664 1113 2755 Schuchownycza.
1139 2663 1181 2732 In
1205 2684 1273 2752 qua
1300 2670 1382 2734 sunt
1407 2662 1500 2733 lanei
1526 2665 1767 2748 cmethonales,

213 2786 409 2876 dequibus
435 2790 472 2857 et
498 2785 642 2875 praedIo
670 2784 762 2875 quud
789 2790 845 2857 est
871 2785 938 2873 ibi,
974 2784 1120 2857 solvitur
1147 2789 1184 2854 et
1210 2783 1418 2855 conducitur
1452 2783 1586 2855 decima
1612 2786 1768 2874 manipu-

213 2909 292 2979 laris
320 2912 356 2977 et
383 2906 560 2997 canapalis
587 2926 651 2997 pro
678 2906 826 3007 plebano
854 2911 891 2978 ct
917 2906 1063 2977 ecclesia
1089 2900 1124 2975 iri
1153 2904 1444 2995 Gonyuscha,
1471 2905 1570 2975 cqus
1597 2905 1697 2975 valor
1723 2905 1768 2975 ad

106 3128 107 3131 Ἴ
213 3029 391 3101 duodecim
420 3048 563 3102 marcas
581 3028 800 3099 aestimatum
1286 3047 1290 3056 ·
1466 3015 1470 3021 ’
1688 3017 1691 3023 ’
1856 3014 1859 3025 ’

313 3149 573 3239 annowrczn,
601 3149 684 3220 villa
710 3148 775 3221 sub
794 3148 915 3220 eadem
942 3148 1118 3237 parochia
1134 3148 1221 3235 sita,
1249 3147 1348 3217 cuius
1373 3147 1550 3219 haeres..
1570 3200 1603 3215 ..
1630 3146 1671 3216 In
1698 3166 1767 3236 qua

214 3277 292 3343 sunt
317 3272 412 3342 lanei
439 3255 682 3359 cmethonaleS,
709 3270 752 3341 de
780 3270 904 3360 quibus
932 3268 1080 3340 solvitur
1098 3274 1134 3340 et
1153 3267 1357 3340 conducitur
1383 3267 1517 3338 decima
1542 3268 1768 3357 manipularis

214 3400 247 3464 et
273 3392 451 3482 canapalia
486 3413 551 3481 pro
576 3391 722 3462 ecclesia
750 3397 786 3462 et
812 3391 959 3482 plebano
987 3391 1023 3460 iu
1051 3389 1332 3480 Oouyuscha.
1372 3389 1459 3458 Item
1495 3395 1551 3459 est
1586 3389 1635 3458 ibi
1661 3394 1768 3459 un'um

214 3515 410 3604 praedium,
447 3514 490 3584 de
518 3513 615 3584 cuius
642 3512 748 3584 ctiam
785 3512 897 3602 agris,
933 3511 1129 3582 decimatur
1152 3531 1216 3600 pro
1244 3510 1392 3599 plebano
1428 3509 1566 3597 eodem,
1602 3515 1638 3579 et
1671 3509 1769 3580 valor
1878 3597 1885 3607 ,

213 3637 328 3726 totius,
357 3634 583 3706 cmethonalis
611 3632 773 3704 videlicet
800 3639 836 3704 et
862 3632 1058 3721 praedialis,
1086 3632 1130 3702 ad
1157 3652 1219 3702 sex
1246 3651 1380 3701 marcas
1407 3630 1620 3702 aestimat-ur.
1708 3610 1712 3622 ’

315 3755 469 3844 Knmrn,
487 3755 570 3825 villa
588 3755 652 3826 sub
666 3754 834 3842 parochIa
852 3753 973 3824 eadem
991 3753 1069 3840 sita,
1088 3753 1188 3822 culus
1205 3752 1331 3821 haeres
1347 3751 1536 3841 Dyonisius
1554 3748 1594 3819 M
1600 3770 1769 3838 onyacz-

145 3868 150 3874 ’
215 3877 385 3967 kowsky
421 3875 464 3947 de
492 3875 597 3946 armis
623 3875 919 3965 -Srzenyawa
958 3873 1000 3943 In
1035 3893 1106 3962 qua
1140 3893 1210 3942 non
1245 3878 1328 3942 sunt
1363 3871 1582 3958 emethones,
1618 3869 1680 3939 sed
1715 3875 1770 3940 est

213 3999 407 4088 praedium,
434 3997 477 4068 de
504 3997 602 4068 cuins
629 3997 723 4086 agria
750 3995 942 4066 decimatur
976 3993 1125 4083 plebano
1152 3995 1189 4062 iu
1216 3991 1509 4082 Gonyuscha,
1544 3992 1641 4060 culus
1668 3989 1767 4060 valor
1829 4075 1837 4084 ⁸

215 4118 256 4188 ad
282 4124 434 4209 quatuor
460 4137 596 4188 marcas
622 4118 835 4188 aestimatur.
1069 4117 1072 4122 “

315 4237 596 4327 Gnonnuzrczn,
643 4237 725 4308 villa
753 4238 817 4309 sub
844 4235 965 4306 cadem
992 4235 1160 4324 parochia
1185 4234 1229 4307 de
1256 4232 1529 4322 Gonyuscha
1555 4232 1641 4319 sita,
1669 4232 1767 4302 cuins

216 4361 340 4432 haeres
358 4358 538 4432 Iohannes
557 4358 751 4449 Wyrzby
763 4359 904 4428 antha
931 4357 974 4428 de
993 4356 1098 4427 armis
1127 4353 1387 4426 GriIIonum
1406 4374 1470 4441 pro
1487 4373 1557 4423 una
1574 4352 1769 4441 medietate,

214 4493 276 4572 pru
303 4481 417 4552 altera
442 4501 525 4552 vero
553 4479 884 4570 Golaczkowsky.
912 4478 953 4548 In
981 4498 1049 4567 qua
1075 4483 1158 4548 sunt
1182 4476 1274 4546 lanei
1300 4474 1544 4562 emethonales,
1570 4473 1614 4544 de
1641 4473 1766 4562 quibus

219 4603 351 4674 decima
378 4601 525 4674 solvitur
552 4608 589 4673 et
615 4601 820 4672 conducitur
847 4619 911 4689 pru
938 4599 1082 4670 ecclesia
1109 4604 1146 4668 et
1171 4596 1371 4687 praehenda
1405 4594 1645 4682 cracoviensi,
1682 4611 1769 4682 quae

216 4731 360 4796 vocatur
380 4777 494 4793 .....
521 4723 607 4794 Item
636 4728 717 4793 sunt
743 4721 791 4792 ibi
819 4721 887 4793 duo
910 4721 1055 4811 praedia
1081 4719 1256 4807 mihtaria,
1282 4718 1326 4789 de
1343 4705 1592 4806 ouibusetiam
1619 4714 1769 4785 decima·

215 4849 272 4916 tur
297 4865 364 4935 pro
399 4845 545 4918 ecclesia
579 4849 616 4915 et
629 4841 842 4933 praebenda
876 4839 1098 4914 (lracoviensi
1118 4893 1286 4909 .......
1313 4845 1352 4910 et
1377 4837 1474 4908 valor
1509 4837 1617 4907 totius
1643 4854 1769 4905 novem
1838 4899 1841 4904 ,

218 4986 421 5038 marcarum.

319 5087 640 5175 Rzrannowmzn,
668 5085 752 5157 villa
778 5086 841 5156 sub
869 5084 1035 5175 parochia
1061 5083 1204 5171 eadem,¹
1218 5082 1316 5152 cuius
1342 5081 1467 5151 haeres
1489 5099 1553 5168 pro
1572 5097 1643 5148 una
1667 5082 1769 5166 parte
1881 5169 1883 5178 Ι

216 5208 453 5301 Luhonyn,
478 5177 532 5280 ‘de
567 5207 673 5278 armis
692 5261 806 5277 .....
845 5227 909 5296 pro
927 5205 1038 5276 altera
1055 5225 1141 5276 vero
1160 5208 1261 5293 parte
1277 5202 1504 5290 Kouarsky
1522 5199 1717 5270 dammis.
1735 5251 1742 5266 .
1761 5252 1769 5266 .

134 5345 137 5350 ·
218 5329 257 5400 In
285 5351 356 5421 qua
383 5336 466 5402 sunt
486 5329 583 5432 lanei
610 5329 855 5417 cmethonales,
882 5327 925 5398 de
945 5326 1070 5416 quihus
1097 5326 1232 5396 decima
1257 5323 1405 5398 soluitur
1431 5328 1469 5393 et
1486 5320 1691 5393 conducitur
1709 5374 1717 5388 .
1737 5373 1770 5388 ..

110 5513 115 5522 .
219 5452 313 5522 cuius
341 5451 440 5522 valor
466 5451 510 5522 ad
538 5456 685 5541 quatuor
721 5470 854 5522 marcas
880 5449 1092 5520 aestimatur.
1134 5447 1221 5517 llam
1248 5451 1304 5518 est
1330 5444 1379 5514 ihi
1405 5443 1604 5533 praedium,
1630 5441 1675 5512 de
1700 5461 1769 5531 quo

176 5579 178 5582 ’
219 5571 408 5672 deebriatur
442 5593 507 5662 pru
534 5572 679 5646 ecclesia
712 5579 749 5644 et
776 5571 923 5668 plebano
959 5571 995 5646 in
1022 5568 1315 5664 Gonyuscha,
1349 5566 1447 5640 cuius
1484 5564 1583 5636 valor
1617 5562 1662 5636 ad
1696 5568 1769 5634 tres

219 5711 354 5776 marma
379 5695 591 5778 aestimatur.
