4550 6600
1673 817 1743 885 199

204 1010 421 1101 manipularis
448 1017 484 1083 11
511 1012 684 1103 canapalis
711 1034 775 1102 pro
928 988 1097 1084 11111111
1123 1014 1172 1085 ibi
1199 1015 1379 1105 praedium
1400 1010 1548 1108 regium,
1575 1018 1618 1088 de
1645 1022 1741 1090 cuius
1803 1060 1808 1069 =

203 1132 289 1220 agris
316 1132 462 1203 solvitur
489 1133 622 1218 decima
638 1133 864 1222 manipularis
891 1134 1054 1205 ecclesiae
1081 1135 1117 1203 in
1136 1133 1407 1223 Ghrzanow3
1433 1137 1517 1206 item
1535 1118 1680 1209 ecclesia
1706 1146 1742 1209 et

138 1345 143 1351 Ι
202 1252 361 1339 plebanus
389 1252 425 1322 iu
451 1252 646 1323 llkusch
672 1254 803 1323 habent
829 1274 932 1343 agros
961 1261 996 1325 et
1022 1259 1123 1344 prata
1150 1277 1214 1344 pro
1242 1257 1383 1345 praedio
1411 1278 1491 1345 suo,
1526 1258 1610 1328 item
1636 1260 1743 1329 hahet

201 1371 331 1441 domum
358 1378 394 1441 11
419 1373 556 1443 hortum
585 1381 685 1443 extra
712 1380 748 1445 ct
774 1374 809 1443 in
837 1374 1002 1445 suburbio
1030 1376 1158 1465 oppidi,
1185 1376 1228 1445 (16
1256 1377 1380 1465 quibus
1407 1398 1471 1465 pro
1497 1398 1611 1447 annuo
1638 1399 1743 1448 censu

200 1491 341 1562 solvitur
386 1494 453 1563 sibi
488 1514 557 1563 una
593 1514 784 1583 sexagena3
821 1495 903 1565 item
940 1494 985 1563 (11Ι
1010 1496 1079 1564 1111
1114 1496 1234 1584 domo,
1270 1497 1405 1567 ratione
1438 1518 1559 1588 areae,
1596 1499 1742 1569 solvitur

199 1612 260 1681 sihi
284 1610 393 1683 lemn:
429 1614 513 1683 item
540 1613 647 1686 habet
682 1619 718 1685 et
744 1614 884 1685 hortum
911 1614 1034 1703 alium,
1071 1615 1209 1705 dequo
1246 1617 1350 1686 etiam
1386 1639 1450 1706 pro
1486 1638 1600 1689 annuo
1636 1640 1740 1689 ceusu

200 1732 287 1820 capit
314 1732 463 1803 sedecim
489 1755 639 1823 grossos.

295 1852 517 1943 Gunznnow,
550 1853 713 1943 oppidum
739 1855 870 1925 hahens
898 1856 932 1924 in
961 1876 998 1925 se
1024 1856 1257 1943 parochialem
1284 1856 1462 1928 ecclesiam
1489 1864 1670 1948 muratam,
1706 1864 1742 1929 et

198 1971 317 2043 Sancto
353 2026 494 2043 ......
521 1974 688 2063 dicatam,
725 1976 820 2045 curius
852 1976 976 2045 haeres
1012 1974 1206 2046 Stanislaus
1240 1977 1453 2076 Liganza.
1497 1978 1538 2047 In
1565 2000 1632 2068 quo
1660 1985 1742 2049 suut

196 2094 280 2179 lanei
307 2095 577 2185 oppidanorum,
605 2095 796 2184 dequibus
823 2097 981 2166 omnibus
1008 2096 1155 2167 solvitur
1181 2102 1218 2165 et
1240 2096 1444 2167 conducitur
1471 2097 1603 2169 decima
1629 2101 1738 2169 mani-

197 2215 321 2303 pularis
349 2222 385 2285 61
413 2216 586 2305 canapalis
613 2216 778 2286 ecclesiae
806 2222 841 2286 et
866 2217 1014 2305 plebano
1042 2217 1077 2285 in
1104 2217 1306 2288 llkusch.
1347 2217 1396 2287 Et
1414 2218 1511 2288 valor
1537 2220 1611 2289 eius
1638 2221 1741 2289 aesti-
1871 2280 1875 2285 .

196 2340 305 2406 matur
332 2334 377 2405 ad
406 2337 555 2426 quinque
582 2357 725 2409 marcas.

293 2456 500 2545 Bocuczru,
528 2457 611 2526 villa
630 2458 693 2527 sub
712 2458 878 2546 parochia
896 2457 938 2527 de
956 2456 1147 2527 llkusch
1166 2458 1247 2547 sita,
1271 2459 1366 2528 cuius
1384 2459 1508 2529 haeres
1526 2458 1739 2531 Salomon

196 2576 275 2646 civis
302 2576 345 2645 (16
365 2575 575 2647 Oracovia.
615 2576 654 2647 ln
674 2599 743 2666 qua
760 2583 840 2647 sunt
865 2577 957 2646 lanei
984 2578 1234 2666 cmethonales,
1266 2578 1453 2667 dequibus
1482 2580 1642 2650 omnihus
1670 2581 1737 2650 sol-

194 2697 282 2767 uitur
308 2701 345 2766 et
371 2697 575 2768 conducitur
593 2695 726 2768 decima
744 2697 967 2786 manipularis
986 2703 1021 2767 11
1039 2698 1214 2786 canapalis
1232 2718 1296 2787 pro
1315 2699 1460 2769 ecclesia
1478 2699 1513 2769 iu
1539 2700 1736 2788 llkusch,

194 2822 225 2886 et
250 2818 347 2888 valor
366 2818 440 2887 eius
467 2818 669 2887 aestimatur
695 2817 740 2888 ad
766 2824 839 2887 tres
865 2838 1008 2887 marcas.

289 2936 454 3027 Cuuczu,
486 2938 568 3007 villa
595 2939 659 3008 suh
686 2938 851 3027 parochia
886 2938 928 3007 de
954 2937 1147 3007 llkusch
1184 2939 1262 3008 sita.
1314 2939 1354 3007 In
1382 2960 1450 3028 qua
1486 2948 1567 3010 sunt
1602 2946 1735 3030 septem

193 3057 278 3127 lanei
305 3059 560 3148 cmethouales,
588 3059 631 3127 de
659 3060 783 3147 quibus
810 3059 957 3129 solvitur
983 3062 1017 3127 et
1053 3058 1256 3128 conducitur
1283 3058 1416 3128 decima
1450 3061 1675 3150 manipularis
1701 3067 1737 3132 et
1796 3072 1800 3079 '

194 3180 363 3269 canapalis
393 3200 456 3268 pro
484 3179 627 3249 ecclesia
663 3180 706 3248 in·
724 3179 933 3267 llkusch,
971 3184 1006 3248 et
1033 3178 1130 3248 valor
1158 3180 1231 3249 eius
1268 3180 1470 3249 aestimatur
1504 3180 1549 3250 ad
1583 3182 1733 3251 mediam

194 3305 346 3388 quamam
374 3321 534 3372 marcam.
666 3397 668 3402 Ι

289 3421 531 3510 Ρο1111111,
559 3422 641 3492 villa
669 3421 732 3492 sub
760 3421 923 3510 parochia
950 3420 992 3490 de
1019 3420 1208 3490 llkusch
1234 3421 1319 3510 sita,
1347 3421 1443 3491 cuius
1469 3423 1667 3511 proprietas
1693 3422 1737 3493 ad

193 3541 446 3613 serenissimum
473 3541 637 3612 Poloniae
664 3562 781 3631 regem
808 3543 968 3629 pertinet.
994 3541 1034 3610 In
1063 3562 1131 3630 qua
1159 3547 1274 3611 sunt.
1303 3596 1309 3609 .
1336 3596 1344 3609 .
1370 3542 1461 3612 lanei
1488 3544 1737 3634 cmethonalcs,

193 3661 382 3753 dequibus
410 3663 555 3735 solvitur
586 3668 622 3732 et
649 3662 850 3732 conducitur
878 3663 1010 3734 decima
1044 3662 1269 3750 manipularis
1296 3667 1333 3731 et
1358 3663 1532 3750 canapalis
1572 3663 1736 3734 ecclesiae

191 3784 223 3852 in
247 3783 448 3855 llkusch.

288 3886 459 3976 Pnuczn,
486 3887 570 3957 villa
588 3889 651 3958 sub
670 3886 833 3976 parochia
861 3887 903 3956 de
930 3886 1095 3957 llkusch
1114 3886 1198 3975 sita,
1226 3886 1321 3956 cuius
1348 3886 1471 3956 haeres
1498 3886 1737 3960 serenissimus

190 4026 246 4077 ren
271 4007 447 4079 Poloniae.
499 4008 540 4078 In
568 4029 635 4098 qna
662 4013 742 4077 sunt
767 3987 858 4077 lanei
886 4007 1136 4096 emethonales,
1175 4007 1369 4096 dequibus
1404 4007 1550 4078 solvitur
1586 4014 1622 4077 et
1656 4029 1736 4078 con-

192 4127 324 4199 ducitur
352 4128 487 4198 decima
520 4129 746 4218 manipularis
783 4134 818 4198 et
853 4128 1026 4218 canapalis
1062 4127 1227 4220 ecclesiae
1263 4128 1299 4196 in
1334 4127 1539 4216 llkusch,
1567 4134 1603 4198 et
1638 4129 1736 4199 valor

191 4249 259 4318 eius
285 4249 493 4320 aestimatur
519 4249 563 4319 ad
581 4304 694 4319 .....

287 4353 507 4443 Sczuunun,
548 4353 630 4423 villa
666 4354 730 4423 suh
766 4351 931 4442 parochia
966 4351 1008 4421 (11
1036 4350 1229 4423 llkusch
1256 4350 1331 4422 sita.
1372 4350 1412 4421 ln
1439 4373 1508 4442 qua
1534 4358 1615 4422 sunt
1642 4351 1734 4421 lanei

192 4471 420 4543 cmethonales
447 4474 489 4544 (11
517 4474 641 4563 quibus
670 4528 676 4542 .
704 4529 711 4541 .
740 4529 746 4542 .
780 4474 867 4543 ltem
894 4480 948 4542 est
974 4473 1023 4544 ibi
1050 4473 1248 4562 praedium,
1275 4472 1317 4541 (11
1345 4474 1441 4542 cuius
1468 4474 1561 4562 agris
1588 4473 1735 4543 solvitur

191 4589 317 4664 decima
344 4593 570 4682 manipularis
597 4593 761 4665 ecclesiae
788 4595 823 4663 11
852 4593 1051 4682 llkusch,
1079 4600 1121 4664 11·
1142 4594 1239 4664 valor
1257 4594 1331 4663 eius
1349 4593 1551 4663 aestimatur
1569 4592 1612 4663 ad
1630 4615 1733 4663 unam
1863 4686 1867 4695 .

191 4735 345 4787 marcam.

806 4833 1114 4910 mmmm

287 4958 384 5029 Villa
410 4958 542 5030 hahens
568 4956 604 5028 in
631 4979 668 5028 sc
695 4956 927 5047 parochialem
954 4959 1133 5029 ecclesiam
1161 4955 1319 5048 ligneam,
1347 4952 1477 5029 Sanct.
1505 5015 1512 5028 .
1540 5015 1548 5028 .
1575 4955 1735 5050 dicatum,

191 5075 281 5150 cuius
307 5079 507 5169 proprietas
534 5079 577 5149 ad
605 5080 724 5150 ducem
751 5079 1031 5170 Bythomiensem
1059 5079 1221 5168 pertinet.
1256 5080 1297 5149 Iu
1324 5100 1393 5169 qua
1420 5085 1500 5150 suut
1525 5080 1616 5149 lanei
1644 5100 1734 5149 cme-
1828 5139 1836 5146 .

191 5199 359 5288 thonales,
385 5201 427 5270 (11
456 5201 580 5290 quibus
607 5200 779 5271 solvitur.
807 5255 813 5268 .
842 5255 849 5268 .
878 5254 884 5267 .
911 5201 997 5269 Item
1025 5201 1130 5270 habet
1157 5201 1204 5270 ibi
1231 5199 1376 5270 ecclesia
1402 5205 1438 5269 et
1462 5200 1631 5290 plebanus
1659 5201 1732 5270 eius

190 5319 346 5409 proprios
374 5341 475 5410 agros
501 5320 630 5391 liberos
656 5327 692 5391 et
719 5327 829 5411 prata,
856 5341 919 5408 pro
948 5340 1009 5390 suo
1037 5342 1100 5390 usu
1128 5327 1165 5390 et
1191 5321 1405 5391 necessitate.

288 5439 444 5511 Zucurn
470 5463 605 5531 prunos,
632 5441 715 5512 villa
750 5443 814 5513 suh
849 5441 1014 5531 parochia
1049 5441 1091 5510 de
1126 5441 1293 5531 Zyglin
1328 5441 1494 5511 maiori
1520 5441 1606 5531 sita,
1633 5442 1731 5513 cuius
1838 5521 1844 5530 ,

192 5555 309 5632 haeres
337 5559 501 5632 Nicolaus
539 5561 777 5652 Podgolya¹
810 5562 852 5632 de
879 5563 979 5632 domo
1006 5559 1332 5632 Ozaczkouum.
1372 5561 1412 5632 In
1440 5583 1507 5651 qua
1534 5568 1615 5634 sunt
1640 5563 1733 5634 11161

193 5685 430 5775 cmethonales,
458 5684 649 5774 dequibus
677 5739 688 5758 .,
712 5740 719 5753 .
747 5740 754 5753 .
