4550 6600
1636 793 1638 798 ·
1724 771 1798 845 245

243 980 290 1053 ad
319 982 597 1053 sanctimoniales
634 980 806 1071 praefatas
838 982 874 1053 in
901 980 1106 1055 Sandecz
1133 982 1329 1072 antiqua
1353 981 1515 1073 pertinet.
1554 982 1596 1053 In
1624 1000 1692 1072 qua
1719 985 1801 1052 sunt

242 1102 336 1173 lanei
375 1104 628 1207 antemurales,
656 1102 698 1173 cle
736 1103 861 1193 quibus
897 1104 1030 1175 decima
1066 1104 1291 1193 manipularis
1326 1110 1363 1174 et
1390 1104 1565 1194 canapalis
1593 1103 1739 1175 solvitur
1765 1108 1801 1173 et

242 1224 450 1296 conducitur
477 1246 540 1314 pro
567 1225 729 1315 episcopo
757 1223 989 1315 Gracoviensi,
1016 1231 1051 1296 et
1078 1226 1177 1295 valor
1200 1225 1407 1323 aestimatur
1434 1225 1478 1295 ad
1506 1280 1512 1292 .
1541 1278 1548 1293 .
1576 1278 1583 1291 .

201 1428 206 1439 Ι
351 1344 569 1435 TaznczasZ,
597 1346 680 1420 villa
707 1348 770 1417 sub
798 1348 962 1437 parochia
989 1347 1032 1418 de
1060 1346 1319 1439 Saycdlecz
1344 1346 1422 1434 sita,
1450 1347 1546 1417 cuius
1573 1348 1696 1417 haeres
1724 1346 1800 1418 Sta-

243 1467 377 1539 nislaus
405 1466 723 1558 Trzeczeszlcy
751 1468 793 1539 dc
820 1469 952 1539 armis.
981 1523 988 1537 .
1016 1524 1023 1537 .
1051 1522 1059 1540 .
1086 1469 1126 1539 ln
1155 1490 1223 1558 qua
1249 1474 1331 1539 sunt
1357 1467 1449 1537 lanei
1475 1468 1727 1556 cmetlronales,
1754 1468 1798 1539 de

243 1589 372 1678 quibus
399 1588 534 1660 decima
560 1590 786 1680 manipularis
813 1593 849 1661 ct
875 1590 1051 1679 canapalis
1078 1589 1228 1661 solvitur
1254 1594 1289 1660 ct
1316 1579 1521 1673 conducitur
1546 1610 1611 1681 pro
1638 1589 1799 1680 episcopo

244 1702 478 1800 Gracoviensi,
506 1717 541 1789 ct
569 1711 666 1781 valor
693 1711 767 1782 cius
795 1710 1000 1782 aestimatur
1026 1711 1070 1783 ad
1100 1766 1106 1781 .
1135 1766 1142 1780 .
1170 1766 1178 1779 .

351 1830 569 1921 lascarus,
597 1832 679 1903 villa
716 1832 780 1903 sub
806 1832 972 1921 parochia
1007 1832 1050 1903 de
1085 1832 1341 1923 Szycdlecz
1377 1834 1463 1921 sita,
1500 1834 1597 1904 cuins
1634 1832 1801 1903 haerodes

243 1952 399 2025 Jacobus
427 1958 462 2023 et
489 1952 681 2025 Stanislaus
709 1952 842 2025 nobiles
870 1952 1041 2025 dedomo
1070 2008 1077 2023 .
1106 2009 1113 2023 .
1141 2008 1149 2023 .
1175 1954 1216 2023 In
1244 1974 1313 2044 qua
1339 1960 1422 2026 sunt
1447 1955 1541 2025 lanei
1558 1954 1800 2042 cmethonales,

243 2076 288 2146 de
316 2075 442 2165 quibus
469 2074 617 2146 solvitur
644 2080 679 2146 et
707 2074 911 2147 conducitur
947 2074 1079 2147 decima
1114 2075 1341 2166 manipularis
1367 2065 1404 2147 et
1431 2076 1607 2166 canapalis
1633 2097 1697 2165 pro
1724 2074 1797 2166 epi-

243 2218 351 2286 scopo
379 2194 612 2286 Gracoviensi,
639 2196 735 2267 cuius
764 2197 860 2267 valor·
886 2196 930 2268 ad
960 2250 967 2265 .
995 2252 1002 2267 .
1031 2251 1038 2266 .
1066 2251 1073 2266 .
1100 2197 1188 2268 Item
1215 2202 1269 2267 est
1296 2197 1345 2267 ibi
1373 2218 1478 2269 unum
1504 2197 1685 2289 praedium
1711 2196 1801 2268 mili·

244 2324 332 2407 tare,
359 2317 403 2389 de
431 2317 527 2387 cuius
553 2318 648 2407 agris
675 2316 867 2389 decimatur
893 2318 1041 2408 plebano
1069 2319 1104 2389 in
1133 2318 1398 2409 Szedlyecz.

351 2438 560 2526 lllrcaoma,
588 2438 672 2509 villa
698 2440 763 2510 sub
791 2439 957 2528 parochia
983 2438 1027 2510 de
1055 2438 1106 2510 Sz
1118 2439 1310 2529 yedlecz
1337 2440 1424 2528 sita,
1451 2440 1548 2511 cuius
1574 2441 1699 2511 haeres
1725 2439 1802 2510 Gle-

243 2582 342 2630 mens
369 2558 644 2652 Kornensky
671 2560 716 2659 de
741 2560 847 2631 armis
875 2616 882 2629 .
911 2616 917 2629 .
946 2614 952 2629 .
980 2560 1019 2632 In
1048 2580 1116 2650 qua
1144 2565 1225 2632 sunt
1242 2561 1334 2632 lanei
1352 2562 1595 2650 cmetlronales,
1614 2561 1657 2632 de
1676 2562 1800 2651 quibus

243 2681 394 2753 solvitur
420 2687 456 2752 et
482 2680 686 2753 conducitur
713 2682 847 2753 decima
873 2682 1097 2772 manipularis
1125 2687 1162 2753 et
1188 2680 1364 2773 canapalis
1391 2699 1456 2773 pro
1483 2683 1738 2773 praebendario
1766 2684 1802 2753 in
1844 2658 1849 2664 ⁴

244 2804 284 2873 M
295 2802 557 2893 yelschtin,
585 2808 621 2873 et
656 2803 754 2874 valor
789 2803 863 2875 eius
890 2804 1095 2875 aestimatur
1122 2804 1167 2874 ad
1194 2858 1202 2872 .
1230 2859 1236 2872 .
1265 2859 1273 2873 .
1300 2827 1327 2894 .;
1354 2805 1438 2875 item
1465 2809 1520 2875 cst
1545 2804 1595 2875 ibi
1621 2802 1799 2895 praedium

243 2944 352 2994 unum
379 2924 538 3014 militare,
566 2923 609 2995 de
637 2942 704 3016 quo
732 2923 923 2997 decimator
950 2924 1097 3017 plebano
1124 2925 1161 2997 iu
1188 2924 1420 3015 Szedlccz,
1447 2925 1545 2998 cuius
1568 2924 1670 2997 valor
1696 2925 1800 2997 aesti-

244 3050 363 3117 matur
389 3044 433 3119 ad
461 3100 469 3114 .
497 3098 539 3115 ..
636 3058 638 3069 '

887 3166 1162 3239 Knmraurcza

351 3287 446 3360 Villa
471 3287 603 3360 habens
631 3287 666 3358 in
694 3309 731 3359 se
758 3287 937 3360 ecclesiam
964 3288 1198 3379 parochialem
1224 3288 1384 3380 ligneam,
1402 3288 1551 3362 Sanctae
1570 3289 1705 3362 Mariae
1720 3290 1801 3362 Vir-

241 3411 318 3501 gini
354 3409 525 3499 dicatam,
559 3409 656 3480 cuius
692 3411 888 3500 proprietas
924 3409 967 3481 ad
1003 3411 1250 3483 monasterium
1282 3411 1329 3483 de
1364 3411 1563 3502 antiqua
1597 3411 1801 3483 Sandecz

243 3533 410 3623 pertinet.
436 3532 476 3602 In
505 3552 573 3622 qua
599 3537 681 3603 sunt
708 3531 831 3621 viginti
859 3531 927 3602 dno
954 3532 1045 3603 lanei
1073 3533 1326 3622 cmethonales,
1353 3538 1390 3604 et
1416 3533 1485 3604 duo
1512 3533 1730 3622 scoltetiales,
1758 3534 1806 3614 de

243 3653 370 3744 quibus
398 3653 555 3724 omnibus
582 3653 729 3724 solvitur
757 3652 889 3724 decima
915 3652 1095 3724 fertonalis
1122 3653 1272 3725 latorum
1294 3673 1495 3744 grossorum
1513 3675 1578 3742 pro
1597 3654 1799 3743 episcopatu

242 3774 487 3864 Graeculorum,
514 3779 550 3846 et
585 3774 794 3864 proueniunt
829 3773 878 3846 ibi
905 3795 966 3844 sex
993 3794 1130 3845 marcac
1157 3774 1308 3846 latorum
1333 3793 1534 3863 grossorum
1562 3773 1798 3863 Pragensium.

241 3898 332 3968 Item
369 3901 424 3968 est
459 3896 507 3967 ibi
544 3895 704 3968 scoltetia
739 3895 871 3967 habens
898 3895 984 3966 duos
1012 3895 1149 3984 laneos,
1176 3896 1219 3967 de
1246 3895 1371 3985 quibus
1397 3895 1532 3966 decima
1558 3895 1707 3966 solvitur
1733 3917 1796 3984 pro

242 4018 450 4108 episcopatu
477 4014 717 4106 Gracoviensi3
745 4015 829 4088 itam
855 4015 963 4087 habet
989 4016 1135 4088 ecclesia
1161 4022 1197 4088 et
1223 4016 1298 4089 eius
1325 4017 1494 4108 plebanus
1517 4016 1678 4107 proprios
1696 4038 1799 4105 agros

243 4141 375 4212 liberos
403 4143 439 4209 et
457 4145 575 4229 prata,
603 4159 666 4228 pro
694 4159 756 4210 suo
784 4158 849 4210 usu
876 4143 911 4208 et
937 4139 1153 4210 necessitate.
1225 4195 1231 4204 .
1533 4230 1538 4238 ι

350 4260 537 4350 anunzn,
591 4261 674 4332 villa
701 4261 765 4332 sub
792 4260 957 4351 parochia
983 4260 1150 4332 ecclesiae
1176 4261 1219 4333 do
1245 4261 1569 4353 Kamyenycza
1596 4263 1676 4351 sita,
1703 4263 1801 4333 cuius

246 4383 447 4474 proprietas
474 4382 517 4453 ad
546 4382 825 4454 sanctimoniales
852 4381 1108 4454 Saudeczenses
1135 4383 1298 4473 pertinet.
1333 4383 1374 4453 In
1401 4403 1470 4473 qua
1496 4388 1578 4454 sunt
1606 4389 1684 4454 octo
1711 4383 1802 4453 lanei

242 4503 490 4594 emethonaleS,
518 4503 600 4575 item
628 4510 682 4576 cst
708 4504 756 4574 ibi
784 4505 944 4576 scoltetia
970 4504 1103 4576 habens
1124 4523 1237 4588 ¹unum
1265 4505 1404 4576 laneum
1431 4505 1588 4593 liberum,
1616 4505 1802 4594 dequibus

242 4627 406 4728 oninibns
434 4625 581 4697 solvitur
608 4625 741 4698 decima
766 4624 948 4698 fertonalis
975 4626 1125 4698 latorum
1154 4647 1356 4717 grossorum
1385 4625 1612 4716 Pragensium
1639 4647 1703 4716 pro
1730 4626 1802 4715 epi-

241 4769 349 4839 scopo
370 4745 606 4834 Gracoviensi3
624 4747 707 4818 item
734 4747 782 4819 ibi
801 4767 870 4820 non
889 4754 944 4819 est
961 4747 1152 4838 praedium,
1170 4748 1255 4820 item
1272 4748 1439 4820 tabernae
1467 4801 1474 4817 .
1502 4802 1510 4816 .
1538 4801 1545 4816 .
1573 4801 1598 4837 .,
1617 4746 1702 4819 item
1719 4747 1800 4818 hor-

243 4869 400 4942 tulaniae
427 4877 435 4939 2
464 4923 506 4939 ..
1308 4864 1310 4867 ’

903 4989 1154 5062 Pacnczrczn.
1540 5059 1546 5067 ,

349 5111 444 5182 Villa
480 5111 612 5183 habens
647 5113 682 5182 in
719 5131 756 5183 se
792 5110 1025 5202 parochialem
1061 5110 1242 5182 ecclesiam
1277 5111 1446 5202 ligneam,
1474 5109 1599 5183 Sancto
1636 5111 1802 5183 Michaeli

245 5235 415 5322 dicatam,
450 5233 546 5304 cuius
582 5233 779 5323 proprietas
815 5239 851 5304 et
887 5233 1148 5322 iuspatronatus
1185 5231 1230 5303 ad
1265 5232 1502 5323 episcopatum
1539 5231 1838 5305 Oracoviensem.'

144 5377 146 5380 ·
242 5355 406 5447 pertinet.
432 5354 472 5425 In
500 5359 676 5444 quasunt
703 5375 764 5426 sex
791 5355 883 5427 lanai
910 5353 1160 5443 emethonales,
1182 5354 1265 5425 item
1291 5360 1365 5425 tres
1391 5354 1611 5426 hortulaniae
1632 5355 1801 5426 habentes

244 5497 358 5568 agros,
386 5471 484 5552 itam'
499 5495 568 5546 una
594 5475 741 5548 taberna
767 5476 899 5548 habens
927 5495 1048 5565 agana,
1076 5474 1119 5545 de
1147 5475 1272 5564 quibus
1299 5475 1458 5547 omnibns
1485 5474 1632 5547 solvitur
1658 5482 1695 5547 et
1721 5495 1803 5547 oon·

243 5597 385 5670 ducitur
412 5596 545 5668 decima
563 5596 796 5687 ‚manipularis
824 5601 860 5668 et
886 5596 1061 5687 canapalis
1089 5595 1306 5686 episcopatui
1334 5594 1566 5687 Gracoviensi,
1589 5597 1686 5669 cuius
1703 5597 1802 5668 valor

242 5720 449 5798 aestimatur
476 5717 520 5796 ad
549 5737 610 5797 sea
638 5737 782 5796 marcas.
809 5717 898 5795 ltem
926 5723 980 5794 est
1006 5717 1055 5794 ibi
1082 5738 1191 5796 unum
1218 5717 1398 5818 praedium
1425 5717 1638 5817 episcopale,
1665 5719 1803 5814 dequo
