4550 6600
502 749 582 827 'boc

506 964 685 1054 Propheta
711 960 825 1033 dictus
853 960 982 1053 hospes
1008 959 1142 1034 habens
1169 983 1272 1053 agros
1299 960 1438 1035 noviter
1465 960 1677 1053 extirpatus„
1692 959 1781 1035 Item
1810 957 1904 1033 aliud
1929 960 2037 1037 molen·

506 1084 634 1173 diuum,
661 1084 758 1155 cuius
784 1103 967 1172 possessor
983 1090 1039 1155 est
1061 1083 1322 1155 Samietanka
1344 1084 1499 1155 inbonis
1526 1083 1549 1154 J
1560 1085 1751 1173 anikom
1778 1084 1872 1154 ultra
1889 1082 2038 1157 Rudam

506 1206 543 1275 in
571 1205 668 1294 sylva
695 1209 891 1275 extructum
919 1204 1011 1294 quod
1037 1210 1074 1275 et
1100 1225 1203 1294 agros
1235 1206 1375 1277 noviter
1410 1206 1605 1295 extirpatus
1641 1206 1765 1295 habet,
1801 1206 1867 1275 sub
1894 1207 2039 1293 parocbia

507 1325 552 1397 de
578 1326 876 1397 Brzezuicza.

1190 1551 1395 1635 KocstO„
1438 1570 1441 1577 '

611 1687 784 1780 Oppidum
821 1690 924 1761 iuxta
961 1690 1100 1761 fluvium
1136 1688 1329 1779 Wyeprz
1349 1691 1489 1779 silum,
1525 1690 1657 1761 habens
1691 1690 1727 1761 in
1763 1710 1802 1761 se
1828 1690 2041 1781 parochialem

507 1811 687 1884 ecclesiam
714 1811 882 1903 ligneam,
909 1810 1150 1900 Assumptioui
1186 1810 1332 1883 Sanctae
1360 1810 1496 1882 Mariae
1533 1812 1701 1900 dicatam,
1738 1812 1836 1883 cuius
1864 1812 2040 1901 proprietas

508 1933 553 2003 ad
580 1934 779 2023 episcopum
806 1932 1007 2005 Plooeusern
1042 1934 1204 2022 pertinet.
1241 1933 1280 2003 In
1308 1954 1377 2024 quo
1405 1939 1486 2004 sunt
1513 1934 1764 2024 quinquaginta
1791 1938 1941 2023 quatuor
1965 1932 2041 2003 lanei

442 2137 445 2144 k
507 2054 777 2143 oppidanorum
808 2055 891 2125 item
918 2060 973 2125 est
999 2054 1181 2125 advocatia
1207 2055 1339 2125 habens
1368 2062 1517 2145 quatuor
1543 2056 1662 2127 laneos
1689 2054 1836 2143 liberos,
1865 2053 2040 2144 dequibus

506 2176 665 2248 omnibus
692 2175 838 2248 solvitur
865 2182 901 2247 ct
927 2176 1131 2247 conducitur
1159 2176 1293 2247 decima
1318 2176 1545 2267 manipularis
1572 2181 1608 2247 et
1626 2176 1803 2267 canapalis
1830 2174 1989 2246 ecclesiae
2011 2178 2039 2245 in

506 2297 711 2387 Karmala,
739 2303 775 2369 et
793 2296 892 2369 valor
909 2298 983 2368 eius
1000 2298 1207 2369 aestimatur
1226 2298 1269 2369 ad
1288 2298 1597 2395 triginta-mareas.
1623 2298 1712 2369 item
1731 2304 1786 2369 est
1812 2298 1865 2369 ibi
1881 2297 2039 2387 praedium

507 2419 710 2509 episcopale,
737 2418 866 2509 dequo
885 2420 992 2489 etiam
1018 2419 1167 2490 solvitur
1193 2420 1326 2490 decima
1353 2421 1579 2511 manipularis
1606 2420 1772 2492 ecclesiae
1790 2421 1827 2490 iu
1847 2418 2040 2490 Cocrslro.

507 2540 595 2611 ltem
630 2540 797 2630 plebanus
831 2541 937 2612 habet
963 2541 1012 2612 ibi
1039 2540 1127 2611 duos
1163 2540 1282 2612 laneos
1318 2542 1465 2632 liberos,
1485 2562 1580 2614 cum
1617 2543 1747 2633 pratia,
1782 2562 1848 2631 pro
1886 2562 1947 2611 suo
1978 2561 2038 2627 usu,

499 2661 651 2751 ‚praedio
678 2668 714 2733 et
740 2662 957 2733 necessitate.
990 2662 1077 2732 Item
1106 2667 1162 2732 est
1188 2663 1237 2733 ibi
1273 2662 1505 2735 molendinum
1533 2664 1567 2734 in
1595 2664 1734 2735 flumine
1766 2662 1959 2752 Gzarna,
1989 2662 2037 2733 sed

508 2804 576 2853 non
603 2783 710 2854 habet
735 2803 848 2873 agros,

611 2904 822 2994 Tunicam,
849 2904 933 2975 villa
958 2904 1023 2976 sub
1049 2906 1216 2995 parochia
1242 2906 1285 2977 de
1312 2905 1518 2979 Coczsko
1545 2908 1631 2998 sita,
1667 2908 1763 2979 cuius
1790 2908 1982 2997 proprietas
2003 2905 2039 2976 ad

507 3026 704 3116 episcopum
731 3025 932 3097 Ploceusem
959 3028 1122 3116 pertinet.
1161 3027 1202 3097 ln
1226 3048 1294 3118 qua
1320 3034 1402 3099 sunt
1419 3027 1599 3099 duodecim
1625 3028 1717 3100 lanei
1743 3028 1984 3117 emethouales,
2006 3026 2039 3097 de

511 3148 635 3237 quibus
662 3147 811 3218 solvitur
846 3148 978 3218 decima
1013 3149 1238 3239 manipularis
1270 3169 1334 3239 pro
1362 3150 1508 3221 ecclesia
1534 3151 1569 3220 in
1597 3148 1811 3239 Oocrslro,
1839 3151 1936 3221 cuins
1961 3149 2040 3219 valor

506 3269 711 3339 aestimatur
747 3268 792 3340 ad
818 3288 881 3341 sex
905 3289 1049 3342 marcas.
1107 3270 1195 3341 Item
1222 3290 1285 3362 pro
1314 3271 1447 3342 decima
1481 3272 1656 3363 scrupuli,
1691 3270 1797 3344 solvit
1834 3271 1975 3362 quilibet
2004 3269 2037 3340 de

505 3390 606 3460 laneo
624 3390 772 3479 plebano
790 3395 939 3480 quatuor
965 3391 1084 3482 gallos.
1123 3393 1212 3462 Item
1230 3413 1299 3463 non
1326 3399 1379 3464 est
1397 3393 1445 3465 ibi
1464 3394 1657 3484 praedium,
1684 3413 1796 3485 neque
1814 3393 2038 3480 molendinum,

506 3533 575 3582 uon
603 3516 685 3582 sunt
710 3511 939 3603 hortulanus,
965 3533 1078 3604 neque
1102 3515 1280 3586 tabernae.
1336 3543 1339 3552 ·

609 3631 759 3725 Goaris,
792 3635 875 3705 villa
900 3635 964 3706 sub
990 3636 1157 3726 parochia
1183 3637 1226 3707 de
1245 3636 1447 3708 Coczsko
1484 3638 1580 3708 iuxta
1617 3637 1756 3709 fluvium
1782 3635 1987 3729 Wyeprq
2010 3637 2037 3707 in

505 3755 591 3846 loco,
616 3756 676 3827 ubi
703 3756 736 3826 ei
761 3755 886 3827 fluvius
914 3755 1237 3831 Trszmenioza
1262 3759 1428 3832 miscetur
1454 3761 1530 3849 sita,
1559 3761 1655 3830 cuius
1681 3760 1880 3849 proprietas
1907 3759 1948 3830 ad
1972 3759 2036 3828 Plo-

504 3899 659 3982 mensem
694 3879 892 3969 episcopum
927 3880 1086 3968 pertinet.
1138 3881 1179 3950 ln
1216 3901 1285 3970 qua
1310 3887 1392 3952 sunt
1419 3886 1568 3971 quatuor
1602 3881 1692 3951 lanei
1721 3883 1971 3971 cmetbonales‚
2002 3880 2036 3949 de

504 4000 628 4088 quibus
656 3999 789 4094 decima
813 4000 1039 4090 manipularis
1075 4007 1111 4072 et
1136 4004 1311 4092 canapalis
1339 4003 1502 4092 solvitur,
1536 4010 1573 4075 et
1600 4003 1805 4090 conducitur
1831 4003 1989 4074 ecclesiae
2010 3985 2063 4070 et*

502 4120 649 4210 plebano
676 4121 712 4191 in
739 4119 951 4212 Occasio,
978 4127 1014 4193 et
1039 4123 1143 4194 valor
1170 4125 1245 4196 eius
1281 4125 1325 4195 ad
1354 4131 1501 4215 quatuor
1528 4143 1671 4196 marcas.
1715 4125 1803 4196 Ibem
1830 4147 1901 4198 non
1928 4131 1977 4194 est
1998 4122 2036 4192 ibi

505 4241 701 4332 praedium,
727 4262 791 4313 nec
816 4244 993 4334 tabernae,
1020 4264 1084 4315 uec
1109 4244 1338 4316 hortulaniae.
1378 4245 1467 4316 Item
1494 4245 1569 4316 loco
1598 4245 1773 4334 canapalis
1801 4245 1959 4334 decimae,
1982 4243 2036 4314 sol-

506 4364 557 4434 vit
583 4363 728 4453 quilibet
762 4365 899 4437 emetha
926 4365 970 4436 de
995 4365 1095 4437 laneo
1132 4371 1282 4456 quatuor
1308 4366 1419 4456 gallos
1456 4367 1622 4448 ccclesiae
1649 4367 1684 4437 in
1712 4366 1926 4438 Goczsko.
1966 4366 2035 4435 llam

504 4491 560 4557 est
586 4485 636 4559 ibi
662 4507 767 4558 uuum
793 4485 1027 4558 molendinum
1054 4487 1091 4557 iu
1116 4485 1257 4558 flumine
1284 4487 1507 4579 Wyeprzs
1535 4488 1596 4560 sed
1614 4509 1683 4560 uon
1710 4489 1816 4560 babet
1843 4507 1953 4579 agros.

608 4607 804 4698 Persicon,
831 4607 914 4679 villa
940 4609 1004 4680 sub
1031 4608 1197 4698 parocbia
1223 4609 1266 4680 de
1284 4607 1489 4681 Ooczsko
1516 4615 1553 4681 et
1571 4611 1666 4680 iuxta
1690 4609 1831 4692 fluriuin
1860 4609 2035 4700 Wyeprr

505 4729 591 4820 sita,
617 4730 715 4801 cuius
741 4730 939 4819 proprietas
966 4730 1011 4800 ad
1037 4729 1235 4820 episcopum
1262 4730 1483 4802 Ploczensem
1510 4731 1671 4821 pertinet.
1711 4732 1751 4802 ln
1780 4752 1848 4822 qua
1876 4739 1954 4802 sunl
1976 4735 2035 4799 tres

503 4851 596 4922 lanei
623 4851 867 4942 emethonalas,
893 4851 1079 4942 dequibus
1107 4851 1256 4924 solvitur
1274 4851 1407 4922 decima
1432 4853 1658 4942 manipularis
1677 4853 1841 4924 ecclcsiae
1869 4853 1905 4922 in
1923 4851 2035 4923 Goer-

504 4973 604 5063 slro,
631 4975 728 5046 cuius
755 4973 853 5045 valor
883 4972 1088 5046 aestimatur
1114 4974 1159 5045 ad
1182 4979 1257 5046 tres
1284 4995 1427 5046 marcas.
1471 4975 1511 5045 ln
1539 4974 1692 5048 decimae
1728 4981 1843 5046 autem
1880 4970 2034 5063 canapalis

503 5115 771 5186 recompensam,
800 5095 1070 5186 solvitqnilibet
1095 5095 1258 5168 deleam
1285 5091 1432 5186 plebano
1461 5101 1611 5186 quatuor
1630 5093 1760 5185 -gallos
1800 5096 1888 5196 ltern
1915 5094 2034 5166 nonest

504 5215 553 5288 ibi
570 5207 769 5307 pr'aedium,
796 5238 865 5289 uon
884 5221 938 5289 est
955 5217 1207 5308 molendinum,
1235 5239 1303 5290 non
1323 5224 1404 5289 sunt
1421 5218 1607 5308 tabernae,
1635 5239 1704 5289 uon
1723 5223 1805 5289 sunt
1822 5215 2031 5288 hortulaulce.

608 5336 919 5428 TunnunwrczA,
951 5337 1034 5409 villa
1060 5338 1125 5409 sub
1143 5338 1309 5428 parochia
1335 5338 1378 5408 de
1396 5337 1601 5410 Coczsko
1629 5341 1716 5429 sita,
1743 5339 1840 5410 cuius
1858 5337 2032 5429 proprietas

502 5458 548 5530 ad
574 5459 772 5549 episcopum
798 5459 1019 5532 Ploczensem
1045 5461 1198 5549 pertinet
1224 5480 1287 5549 pro
1314 5459 1429 5530 media
1455 5467 1571 5550 parte,
1608 5481 1673 5550 pro
1699 5461 1811 5532 altera
1837 5481 1918 5532 vero
1941 5463 2032 5550 parta

502 5582 655 5671 pertinet
690 5580 735 5652 ad
762 5582 1020 5653 serenissimum
1053 5581 1217 5653 Poloniae
1244 5601 1371 5672 regem.
1416 5582 1456 5652 ln
1484 5603 1553 5673 qua
1579 5589 1660 5654 sunt
1687 5589 1818 5672 septem
1845 5583 1933 5653 lanei
1959 5599 2031 5651 eme·

501 5701 680 5790 thonalea,
706 5701 751 5771 de
779 5702 905 5791 quibus
932 5703 1080 5776 solvitur
1106 5702 1240 5774 decima
1275 5703 1500 5792 manipularis
1536 5723 1601 5794 pro
1627 5704 1788 5793 episcopo
1824 5695 2031 5788 cracoviensi,
