4550 6600
1698 766 1773 840 393

322 944 612 1052 Suanrownczn,
639 960 722 1034 villa
749 962 813 1035 suh
840 964 1006 1055 parochia
1032 966 1200 1053 ecclcsiae
1227 966 1270 1039 de
1297 965 1590 1045 (ihomauthow
1615 972 1693 1047 sita.
1732 974 1782 1047 In

211 1102 282 1173 qua
300 1086 386 1153 sunt
411 1082 504 1153 lanei
530 1083 773 1175 amethouales‚
801 1085 885 1157 item
903 1086 1047 1177 praedia
1073 1087 1252 1179 61111616,
1280 1089 1364 1163 item
1382 1093 1562 1183 tabernae,
1588 1094 1673 1167 1166
1691 1096 1773 1168 hor-

210 1202 391 1294 tulaniae,
415 1203 458 1275 de
485 1204 610 1296 quihus
637 1206 795 1279 omnibus
823 1208 971 1280 solvitur
1005 1213 1048 1281 61
1068 1209 1274 1283 conducitur
1309 1212 1443 1285 decima
1476 1215 1703 1306 manipularis
1736 1223 1774 1289 et
1863 1289 1865 1296 .

210 1325 394 1415 canapalis
429 1347 495 1417 pro
521 1326 666 1399 ecclesia
701 1328 744 1399 in·
764 1326 1076 1423 chomantnow,
1112 1337 1149 1403 et
1175 1333 1273 1405 valor
1298 1333 1373 1407 eius
1408 1335 1614 1409 aestimatur
1639 1338 1696 1411 ad«
1710 1362 1773 1413 sex

182 1468 360 1551 marcas.
401 1448 490 1521 Item
526 1449 655 1522 estihi
681 1472 769 1523 6666
805 1451 926 1523 laneus
954 1453 1133 1545 specialis,
1170 1455 1309 1547 dequo
1345 1455 1538 1529 decimatur
1563 1480 1627 1549 pro
1653 1480 1774 1534 mensa
1888 1445 1892 1451 ⁸

213 1568 425 1661 episcopali,
463 1576 499 1642 61
525 1570 623 1645 valor
650 1570 804 1645 decimae
836 1572 1039 1647 aestimatur
1066 1576 1110 1647 od
1137 1574 1224 1649 duas
1250 1598 1395 1651 marcas.
1434 1578 1522 1651 Item
1548 1582 1773 1673 6666611616-
1814 1672 1817 1675 .

211 1693 326 1763 banus
365 1690 408 1765 de
444 1690 635 1785 Lissen,
672 1694 764 1785 quod
799 1694 931 1767 decima
965 1694 1130 1787 praelata
1158 1704 1239 1789 post
1273 1720 1377 1791 agros
1413 1702 1665 1796 cmethonales,
1696 1710 1774 1777 tota

211 1814 399 1887 abstracta
424 1818 480 1887 est
507 1820 545 1887 et
568 1815 721 1889 alienata
747 1816 792 1889 ad
818 1837 973 1889 mensam
1000 1818 1240 1911 episcopalem.

317 1934 498 2027 Osrsom,
535 1937 618 2011 villa
643 1939 708 2011 sub
743 1939 910 2029 parochia
936 1992 1079 2011 ......
1106 1941 1185 2015 6116
1223 1943 1361 2036 Inque
1393 1950 1475 2018 sunt
1500 1945 1593 2018 lanei
1619 1947 1773 2019 cmetho-

211 2058 325 2152 66166,
352 2058 437 2131 1166
454 2058 612 2149 praedia,
630 2060 715 2133 item
732 2040 912 2153 tabernac
927 2060 1013 2133 item
1030 2062 1221 2155 hortulani,
1240 2064 1427 2157 dequibus
1448 2067 1607 2159 omnihus
1625 2068 1773 2141 solvitur

212 2186 247 2252 61
265 2179 474 2253 conducitur
499 2178 633 2253 decima
659 2182 884 2275 manipularis
911 2187 948 2255 et
966 2184 1142 2275 canapalis
1167 2204 1233 2276 pro
1250 2186 1396 2259 ecclesia
1420 2188 1457 2261 in
1475 2186 1770 2283 (ihomanthow

213 2308 250 2374 et
278 2301 380 2374 valor
406 2302 481 2375 eius
508 2303 712 2376 aestimatur
739 2304 784 2377 ad
810 2326 872 2377 sex
898 2324 1042 2377 marcas.

205 2480 209 2487 .
260 2496 263 2499 ,
316 2422 454 2497 anos
480 2424 567 2497 alias
592 2424 754 2517 Wonun,
782 2426 864 2499 villa
891 2426 955 2499 sub
982 2426 1149 2517 parochia
1175 2426 1540 2504 deGhomanthow
1566 2432 1649 2521 slta,
1675 2433 1773 2505 onius
1830 2480 1871 2501 -.

210 2544 394 2619 haeredes:
421 2546 547 2619 Petrus
574 2548 771 2639 Baliczhy
798 2547 841 2619 de
867 2548 1168 2639 Bippennihus‚
1203 2550 1382 2624 lohannes
1408 2552 1571 2626 Rokosz
1598 2553 1773 2626 dedomo

211 2668 336 2739 trium
375 2666 576 2740 Tuharum
611 2674 648 2741 61
673 2661 852 2741 Iohannes
889 2667 1144 2762 Guthowsky
1179 2670 1223 2743 de
1248 2671 1467 2745 Polukoza
1507 2675 1549 2745 In
1585 2696 1654 2765 qna
1691 2679 1774 2747 sunt

210 2790 301 2863 lanei
329 2790 585 2880 emethonalos‚
612 2791 696 2863 item
715 2791 859 2881 praedia
877 2792 948 2864 tria
964 2791 1151 2884 militaria,
1178 2794 1262 2867 item
1289 2794 1466 2885 taherna5
1482 2795 1567 2867 item
1583 2796 1773 2902 hortulani,

212 2912 254 2983 16
281 2913 412 3004 quihus
439 2913 599 2986 omnibus
626 2913 773 2985 solvitur
808 2918 845 2986 61
871 2912 1076 2987 conducitur
1111 2913 1245 2987 decima
1270 2916 1497 3007 manipularis
1531 2923 1570 2990 et
1595 2919 1774 3009 canapalis
1855 2946 1861 2956 -

213 3055 276 3125 pro
303 3034 453 3107 ecclesia
479 3034 515 3105 in
535 3033 840 3125 (1166661166,
867 3036 965 3107 cuins
991 3036 1090 3109 valor
1118 3037 1325 3109 aestimatur
1350 3037 1396 3111 ad
1422 3058 1484 3109 sex
1512 3060 1657 3112 marcas.
1683 3041 1772 3112 Item

213 3161 293 3229 sunt
319 3156 371 3229 ihi
397 3156 458 3229 alii
484 3177 545 3231 sex
572 3156 664 3229 lanei
691 3157 941 3247 emethonalcs‚
979 3156 1022 3229 dc
1050 3158 1176 3249 quibus
1203 3158 1338 3231 decima
1372 3158 1598 3251 manipularis
1625 3162 1773 3234 solvitur

209 3284 247 3350 et
265 3278 473 3352 conducitur
500 3300 564 3370 pro
582 3279 781 3371 praebenda
803 3279 1017 3372 helenensi,
1045 3301 1134 3373 quae
1152 3286 1299 3354 vocatur
1324 3280 1594 3374 Braechowska‚
1620 3288 1657 3355 et
1674 3283 1773 3357 valor

215 3401 286 3472 6166
304 3401 360 3473 ad
388 3405 537 3493 quatuor
560 3422 708 3494 marcas
743 3403 956 3476 aestimatur.
996 3402 1085 3476 Item
1120 3407 1176 3476 est
1206 3403 1257 3477 ibi
1291 3403 1413 3476 laneus
1447 3405 1695 3496 cmethonalis‚
1728 3406 1771 3478 de

216 3523 311 3596 cuins
339 3524 434 3614 agris
452 3523 602 3598 solvitur
620 3524 754 3596 decima
772 3525 999 3616 manipularis
1018 3525 1184 3598 ecclesiae
1201 3525 1395 3618 parochiali
1421 3527 1458 3598 16
1475 3526 1773 3620 Korythnicaa.

209 3675 214 3684 ¹
316 3645 433 3718 Villae
467 3646 702 3737 parochiales:
746 3645 1052 3738 0166661166,
1096 3647 1390 3740 Stanyowicze,
1429 3648 1586 3740 Jawor,
1620 3649 1772 3741 Lyppa,

217 3763 426 3842 Grochou.

857 3887 1130 3961 Komrumcza.

315 4011 412 4086 Villa
446 4011 578 4086 hahens
613 4011 650 4083 in
677 4032 714 4084 66
741 4010 920 4084 ecclesiam
947 4010 1201 4102 parochialem,
1235 4009 1362 4083 Sancto
1397 4008 1552 4082 Johanni
1589 4010 1779 4102 Baptistae

215 4131 374 4225 dicatam,
402 4133 499 4205 cuius
517 4133 684 4222 haeredes
712 4139 748 4206 et
766 4133 951 4206 collatores
978 4132 1104 4205 Petrus
1123 4131 1322 4224 Baliczlcy
1348 4136 1385 4205 et
1401 4130 1580 4205 Johannes
1606 4132 1771 4206 Rohosz

217 4253 257 4324 de
283 4255 390 4326 armis
426 4254 671 4346 Poluhosza‚
707 4256 804 4328 cuius
838 4260 894 4328 est
930 4254 1245 4327 Suanthoslaus
1280 4254 1458 4345 plebanus.
1497 4254 1588 4326 Item
1623 4255 1771 4328 ecclesia

216 4375 318 4450 hahet
345 4397 452 4450 unum
470 4397 628 4448 mansum
646 4377 848 4449 distinctum
874 4377 911 4448 in
928 4377 1041 4450 trihus
1067 4376 1162 4450 locis.
1202 4377 1292 4450 Item
1309 4377 1417 4448 habet
1434 4375 1505 4448 tria
1522 4380 1637 4468 prata,
1664 4397 1771 4449 unum

218 4503 357 4571 vocatur
385 4498 605 4592 Ohomyny,
632 4499 726 4572 aliud
753 4504 898 4572 vocatur
924 4499 1077 4591 Dabyc,
1104 4498 1249 4571 tertium
1272 4503 1417 4587 vocatur
1443 4484 1642 4590 06666616
1681 4498 1773 4570 Item

216 4618 318 4692 habet
344 4621 516 4712 piscinam
544 4619 735 4712 desertam,
767 4641 844 4694 oum
870 4620 1068 4694 molendino
1096 4620 1201 4692 etiam
1228 4620 1376 4693 deserto.
1420 4601 1641 4716 Itemhabet
1667 4619 1772 4699 aliam

217 4741 382 4830 piscinam
420 4747 501 4834 post
541 4763 638 4814 suam
686 4763 824 4834 aream,
865 4764 942 4816 cum
983 4743 1118 4816 duobus
1155 4742 1265 4814 alveis
1305 4742 1517 4833 piscinarum
1553 4741 1619 4814 sub
1654 4740 1777 4825 eadem

215 4862 354 4951 piscina.
394 4865 483 4938 Item
510 4863 615 4937 habet
642 4865 856 4938 cmcthonem
881 4865 918 4936 16
945 4865 1057 4936 medio
1084 4864 1205 4954 laneo,
1233 4864 1292 4954 qui
1318 4863 1457 4936 lahorat
1482 4862 1574 4934 diem
1600 4863 1637 4934 in
1663 4863 1772 4954 septi-

220 5003 333 5078 mana,
360 4992 397 5057 61
425 5007 530 5060 unum
557 4985 728 5058 fertonem
757 4987 861 5059 solvit
887 5006 951 5077 pro
979 5005 1103 5075 censu,
1130 4984 1245 5057 datias
1272 4984 1333 5057 dat
1360 4983 1555 5076 quindecim
1582 5003 1659 5075 ova,
1686 4983 1774 5056 duos

220 5123 344 5198 caseos,
379 5114 417 5180 61
444 5107 531 5180 1666
569 5128 736 5198 capones,
773 5107 818 5179 ad
843 5106 968 5180 festum
1005 5106 1123 5178 Sancti
1158 5105 1351 5178 Michaelis.
1392 5104 1481 5178 Item
1516 5104 1624 5178 habet
1659 5111 1773 5178 certas

216 5226 334 5318 rippas
361 5229 398 5302 in
425 5228 529 5302 fluvio
556 5228 676 5301 Nida
711 5228 803 5300 circa
833 5233 973 5320 pratum
1000 5227 1130 5302 dictum
1158 5227 1455 5320 Lyszykyerz
1490 5230 1527 5299 et
1552 5226 1772 5318 piscatorem,

219 5350 388 5439 6661166
416 5351 527 5442 nippis
552 5351 709 5440 piscator
743 5351 889 5442 singulis
916 5351 1016 5424 aunis
1043 5350 1149 5422 solvit
1176 5368 1392 5440 sexagenam.
1432 5349 1522 5421 Item
1548 5347 1655 5419 habet
1680 5347 1773 5420 dcci-

221 5485 304 5540 uam
338 5472 375 5544 in
408 5471 698 5563 Korithnicza,
731 5477 811 5562 post
845 5493 965 5545 omnes
1001 5477 1163 5544 araturas
1192 5471 1382 5544 haeredum
1408 5476 1446 5543 61
1472 5468 1708 5560 emethonum,
1734 5468 1773 5540 in

231 5589 344 5669 valore
371 5593 496 5684 vigInti
520 5613 724 5666 marcarum.
763 5593 852 5668 Item
879 5593 986 5668 habet
1012 5592 1098 5667 duas
1124 5592 1359 5683 hortulanus,
1395 5592 1438 5666 de
1465 5592 1590 5684 quihus
1615 5590 1778 5664 laborant
1824 5614 1829 5622 ¹

223 5727 320 5784 unum
346 5713 449 5787 diem‘
462 5715 500 5786 in
526 5717 732 5808 septimana.

318 5880 522 5926 6166666666.
1569 5862 1608 5912 50
