4550 6600
504 721 588 795 354

504 928 674 1003 habentes
702 946 822 1017 agros,
859 925 942 995 Item
967 927 1041 995 tres
1066 919 1288 995 hortulanIae
1322 918 1492 993 babentes
1524 939 1648 1011 agros,
1685 918 1729 991 dc
1755 918 1881 1010 quibus
1906 921 2056 993 omnibns

508 1051 655 1125 solvitur
682 1052 718 1119 et
745 1045 949 1119 conducitur
975 1044 1108 1117 dealma
1126 1041 1353 1133 manipularis
1370 1047 1408 1113 et
1426 1040 1604 1133 canapalis
1622 1060 1686 1133 pro
1705 1040 1854 1113 eeclesia
1878 1040 1915 1112 in
1939 1039 2057 1113 Obra

505 1194 609 1265 nou,
628 1174 664 1243 et
690 1169 789 1243 valor
806 1168 916 1241 totius
934 1166 1099 1255 decimae,
1128 1186 1217 1257 quae
1245 1162 1392 1237 solvitur
1410 1184 1474 1253 pro
1497 1162 1643 1236 coeleste
1668 1163 1705 1235 iu
1731 1161 1934 1252 Obrazon,
1960 1163 2059 1235 aesti-

503 1297 622 1365 matur
650 1291 694 1363 ad
722 1295 800 1363 octo
826 1310 971 1361 marcas.
998 1288 1086 1359 Item
1110 1286 1154 1358 de
1177 1286 1307 1376 campis
1334 1284 1512 1376 praefatae
1539 1284 1644 1357 villae
1670 1284 1850 1377 Roszky,
1877 1283 2061 1358 moenbbns

508 1416 608 1500 iurata
635 1413 726 1485 viam
753 1412 935 1503 publicam,
963 1409 1075 1481 eundo
1103 1409 1146 1480 de
1174 1406 1433 1480 SardemirIa
1460 1407 1496 1477 iu
1523 1406 1695 1499 Roszky,
1721 1406 1874 1499 percipit
1899 1404 2061 1479 decimam

499 1536 760 1627 manipularem
788 1533 933 1605 ecclesia
960 1537 996 1604 et
1022 1529 1191 1621 plebanus
1218 1530 1254 1601 in
1281 1528 1491 1601 Pkanuw.

614 1655 815 1745 Mourena,
852 1653 935 1727 uilla
962 1653 1025 1725 sub
1052 1651 1219 1743 parochia
1245 1650 1289 1723 de
1315 1650 1536 1723 Obrazcw
1562 1650 1650 1739 sita,
1677 1650 1775 1723 cuius
1800 1649 1996 1743 proprietas
2022 1650 2064 1721 ad

511 1780 748 1871 episcopatum
785 1774 1049 1849 Gracoviensem
1085 1774 1248 1865 pertinet,
1283 1773 1324 1843 ln
1351 1793 1420 1863 qua
1446 1778 1528 1844 suut
1554 1793 1677 1843 novem
1703 1772 1795 1843 lanei
1822 1771 2062 1861 emethouales,

512 1901 555 1975 de
583 1920 729 1993 quorum
755 1882 959 1987 medietate,
994 1895 1162 1969 decimam
1188 1894 1440 1987 maniprdarem
1465 1898 1502 1965 et
1528 1893 1728 1985 canapalem
1755 1893 1908 1988 percipit
1933 1893 2061 1983 episco-

512 2006 615 2114 patus
642 2018 899 2109 CracoviensIS‚
936 2023 971 2090 et
1000 2017 1097 2091 valor
1122 2016 1198 2089 eius
1235 2016 1441 2089 aestimatur
1471 2016 1517 2087 ad
1543 2036 1605 2087 sex
1631 2036 1784 2106 marcas,
1820 2016 1864 2087 de
1891 2015 1960 2085 alia
1986 2017 2064 2086 uero

441 2130 462 2219 ’,
514 2143 701 2215 medletate
728 2142 840 2233 villae,
868 2140 1024 2213 variatur
1050 2138 1228 2230 perceptio
1256 2126 1427 2228 decimae,
1441 2139 1547 2233 inter
1574 2136 1753 2209 coelestem
1779 2136 1823 2209 de
1849 2136 2065 2209 Obrazesr

513 2270 551 2337 et
576 2264 850 2351 Samborzecz,
878 2262 920 2333 de
948 2262 1083 2333 duobus
1110 2260 1203 2333 euim
1230 2261 1371 2353 eampis,
1398 2260 1662 2333 decurrentibus
1690 2260 1786 2331 iuxta
1812 2258 1943 2331 limites
1969 2256 2067 2331 villae

514 2385 717 2475 ObrazoW,
744 2404 853 2475 usque
880 2383 925 2455 ad
952 2382 1089 2473 vallem,
1117 2382 1266 2475 percipit
1292 2402 1369 2453 eam
1396 2381 1544 2456 eccesie
1568 2382 1605 2452 in
1632 2379 1836 2454 Obrazow.

623 2507 737 2578 Villae
764 2504 998 2596 parochiales:
1033 2502 1274 2594 Obrazouu,
1302 2502 1501 2595 Glazow,
1528 2500 1806 2595 Wyeprzky,
1832 2501 2067 2588 Komarna,

472 2644 475 2651 ’
514 2616 813 2727 1130161101,
840 2616 1101 2719 Dambyani,
1128 2626 1339 2717 Byelcza,
1367 2624 1967 2717 SwyacziczaZorawicze,
1993 2624 2067 2715 ay-

514 2751 771 2839 narezicze,
798 2747 988 2841 Roszky,
1015 2746 1227 2819 Malicze.

1190 2954 1399 3045 Goezrezns

620 3114 715 3186 Villo
741 3113 874 3186 habens
901 3112 937 3183 in
963 3133 1001 3184 se
1028 3110 1262 3201 parochialem
1298 3110 1478 3184 ecelesiam
1505 3110 1673 3203 ligneam,
1699 3111 1825 3185 Sancto
1853 3110 1956 3185 Vitta
1983 3134 2068 3185 mar·

518 3237 589 3330 tyri
617 3235 776 3326 dicatam,
803 3234 839 3306 iu
867 3254 935 3326 qua
961 3230 1129 3325 plebanus
1148 3232 1389 3308 Stiborius
1412 3232 1791 3328 Maczeyouszlry
1818 3234 1955 3326 nobilis,
1966 3256 2068 3328 pres·

521 3360 645 3451 bytm,
670 3357 713 3428 de
741 3355 849 3441 domu
871 3355 1179 3445 Thaurorum,
1205 3355 1302 3427 cuius
1329 3355 1526 3447 proprietas
1553 3354 1599 3426 ad
1625 3356 1884 3428 serenissimum
1903 3355 2068 3430 Poloniae

516 3501 634 3571 regem
662 3478 823 3570 pertinet.
850 3478 890 3548 In
919 3498 986 3568 qua
1013 3481 1094 3550 sunt
1120 3477 1213 3550 lanei
1240 3477 1483 3570 cmcthonales,
1510 3477 1594 3550 item
1612 3477 1701 3550 duae
1718 3479 1886 3550 tabernae
1902 3479 2069 3552 habentes

516 3622 637 3693 agros,
664 3605 699 3673 et
726 3599 769 3672 ad
797 3600 980 3690 plebanum
1008 3603 1223 3691 spectantes,
1250 3599 1334 3672 item
1360 3620 1422 3672 sex
1447 3599 1685 3692 hunteduniae,
1711 3600 1796 3673 item
1809 3605 1879 3674 'est
1904 3591 1953 3674 ibi
1981 3601 2067 3672 scol·

490 3718 605 3798 'tetia
630 3723 763 3796 babens
790 3722 876 3795 duos
902 3721 1040 3813 laneos,
1068 3721 1111 3794 de
1137 3722 1263 3814 quibus
1290 3721 1448 3798 omuibus
1476 3721 1622 3794 soluitur
1648 3727 1684 3794 et
1709 3722 1913 3796 conducitur
1937 3723 2072 3796 decima

379 3863 383 3872 ‘
517 3845 743 3938 manipularis
780 3849 816 3918 et
842 3843 1037 3936 panopolis,
1064 3864 1128 3936 pro
1161 3843 1306 3917 ecclesia
1331 3843 1367 3914 iu
1395 3841 1650 3936 Gorzyeze,
1678 3849 1714 3917 et
1740 3844 1839 3918 valor
1865 3844 1939 3918 eius
1965 3846 2071 3918 aesti-

447 3969 454 3976 '
517 3973 634 4040 matur
670 3965 714 4040 ad
741 3965 860 4038 decem
886 3987 1030 4038 marcas.
1066 3956 1155 4038 Item
1181 3964 1289 4037 habet
1313 3964 1461 4038 ecclesia
1495 3965 1532 4038 in
1565 3964 1684 4038 eadein
1719 3965 1803 4065 uilla
1838 3964 2071 4058 Gorzycze

518 4089 605 4160 duas
631 4087 796 4160 tabernas
822 4087 971 4178 liberas,
997 4086 1167 4160 habentes
1194 4107 1316 4178 agros,
1343 4090 1381 4158 ct
1407 4086 1596 4180 quaelibet·
1609 4087 1714 4162 soluit
1738 4109 1805 4184 pro
1832 4075 1937 4160 ceusu
1961 4088 2072 4162 cocle

518 4211 730 4299 stae„unam
757 4228 973 4298 sexagenum,
1001 4213 1037 4280 et
1064 4207 1201 4280 laborat
1228 4207 1403 4299 quaelibet
1428 4229 1492 4282 sex
1516 4207 1690 4282 falcastris
1716 4231 1780 4304 pro
1804 4231 1875 4282 una
1891 4210 1955 4282 dle.
1983 4211 2071 4284 Item

518 4331 626 4404 habet
661 4329 894 4404 molendinum
931 4330 1109 4422 proprIum
1145 4335 1182 4402 et
1216 4330 1382 4420 liberum,
1409 4330 1452 4402 de
1489 4351 1556 4422 quo
1592 4331 1661 4406 sibi
1686 4331 1869 4408 solvuntur
1895 4335 2072 4422 medeae

519 4473 596 4548 cum
622 4451 764 4544 piscina.
791 4425 880 4523 Item
906 4451 1013 4524 habet
1039 4451 1273 4524 molendinum
1300 4451 1477 4541 lullonum,
1504 4452 1548 4524 de
1574 4475 1642 4544 quo
1669 4453 1738 4526 sibi
1764 4457 1881 4526 certae
1905 4454 2072 4546 pecatum

518 4573 705 4646 seeundum
741 4573 818 4664 plus
853 4572 907 4644 vel
943 4573 1073 4664 minus,
1100 4574 1320 4664 proveniunt.
1359 4573 1448 4645 Item
1473 4549 1728 4648 molendinator
1753 4575 1860 4648 babet
1886 4596 2012 4666 agrum
2038 4579 2072 4647 et

518 4701 666 4788 pratum.
706 4695 795 4768 Item
830 4693 937 4767 habet
972 4695 1009 4766 in
1045 4695 1166 4766 eadem
1202 4695 1286 4768 villa
1312 4695 1511 4768 theloneum
1546 4701 1770 4789 perpetuum,
1795 4697 1833 4768 iu
1860 4717 1927 4790 qno
1952 4718 2071 4770 secum

518 4818 633 4905 nullus
660 4817 857 4910 participat,
885 4823 921 4890 et
948 4817 990 4890 de
1018 4839 1085 4908 quo
1113 4817 1199 4889 nulli
1226 4817 1357 4910 aliquid
1384 4816 1509 4908 reddit,
1529 4818 1576 4910 de
1595 4840 1662 4910 quo
1679 4824 1891 4892 mercatores
1918 4818 2071 4912 quicum·

519 4961 586 5033 que
613 4961 656 5012 ex
683 4940 810 5014 Russia
836 4941 891 5012 uel
918 4941 954 5011 in
982 4939 1144 5014 Russiam
1166 4945 1398 5032 transeuntes,
1416 4946 1581 5013 tenentur
1607 4942 1707 5014 iuxta
1732 4963 1862 5014 morem
1888 4947 2072 5030 vetustum,

518 5063 655 5136 soluere
691 5082 754 5154 pro
782 5048 937 5154 quolibet
973 5081 1081 5154 equo,
1108 5062 1258 5136 medium
1284 5084 1464 5155 grossum3
1490 5064 1575 5136 item
1602 5084 1624 5136 a
1649 5064 1738 5136 bove
1764 5064 1820 5136 vel
1847 5083 1960 5154 vacca,
1990 5085 2072 5156 qua-

517 5189 598 5256 tuor
625 5180 806 5274 denari0s;
832 5187 971 5261 tenetur
998 5190 1114 5256 tamen
1142 5184 1310 5275 plebanus
1336 5185 1450 5258 faeere
1477 5190 1618 5276 pontem
1644 5186 1681 5256 in
1698 5185 1802 5258 fluuio
1830 5186 2071 5279 Trzeszna,

519 5326 624 5397 super
651 5305 719 5397 ¹quo
746 5305 894 5378 habetur
921 5305 1141 5397 priuilegium
1160 5305 1332 5378 Vladislai
1359 5308 1453 5400 regis
1479 5307 1592 5398 primi.
1618 5306 1707 5378 Item
1732 5308 1975 5380 tabemetores
2003 5306 2071 5378 loe

520 5449 603 5500 num
630 5427 804 5518 colligunt,
831 5428 955 5500 brasea
981 5434 1117 5520 parant,
1146 5433 1181 5499 et
1207 5429 1388 5502 cervisiam
1413 5431 1573 5516 braxant,
1598 5451 1642 5502 ex
1668 5428 1784 5519 debito
1802 5433 1840 5502 et
1856 5429 2069 5505 necessitate

520 5547 609 5620 item
635 5547 742 5620 habet
768 5551 803 5620 in
831 5549 950 5624 eadem
977 5551 1060 5623 villa
1086 5571 1190 5642 agros
1216 5549 1411 5642 praediales
1439 5525 1658 5642 sufficientes,
1685 5551 1824 5624 liberos.
1850 5550 1939 5624 Item
1964 5549 2069 5624 habet

519 5671 557 5740 et
581 5671 684 5758 prata
711 5669 925 5744 sufficientia.
951 5671 1040 5760 Item
1066 5672 1173 5746 babet
1194 5671 1409 5747 obstaculum
1436 5671 1472 5745 iu
1500 5671 1604 5744 fluvio
1632 5671 1745 5746 Szan
1771 5671 1931 5748 liberum:
