4550 6600
352 1005 497 1082 Wonra
524 1008 658 1084 Runuo
686 1010 863 1087 Mmonrs.

355 1127 551 1205 Vsnnruo.

355 1248 555 1325 Wonuoca.

355 1370 650 1481 Sowoxuausxu.

949 1501 1103 1575 Rauow.

354 1614 448 1688 Villa
473 1618 607 1691 habens
634 1620 866 1711 parochialem
893 1623 1071 1695 ecclesiam
1099 1626 1135 1695 iu
1164 1646 1200 1697 se
1215 1680 1382 1699 .......
1401 1682 1409 1717 ,
1437 1635 1473 1700 et
1499 1628 1625 1703 Sancto
1654 1632 1799 1705 Nicolao

244 1733 413 1809 dicatam.
441 1793 554 1810 .....
1130 1751 1134 1755 ’
1255 1752 1258 1762 “

897 1863 1156 1940 Gaownczow.

351 1979 522 2072 Oppidum
550 1984 683 2056 habens
709 1986 745 2056 in
773 2005 811 2057 se
837 1986 1017 2059 ecclesiam
1043 1990 1276 2079 parochialem
1302 1991 1460 2083 ligneam,
1488 1993 1614 2070 Sancto
1634 2050 1799 2081 .......

242 2099 415 2194 dicatam,
451 2106 550 2185 cuius
577 2106 700 2178 haeres
728 2106 957 2199 SendivogIns
983 2109 1258 2201 Lanuenslry
1294 2112 1336 2183 de
1363 2115 1468 2185 armis
1503 2115 1714 2188 Nalancz.
1758 2118 1797 2189 Iu

240 2244 313 2314 qua
339 2231 422 2297 sunt
448 2226 540 2298 lanei
568 2228 829 2319 oppidanorum,
857 2231 900 2301 de
928 2233 1053 2323 quibus
1079 2234 1239 2305 omnibus
1267 2234 1415 2306 solvitur
1442 2242 1479 2307 et
1506 2237 1709 2311 conducitur
1736 2240 1795 2310 de-

241 2346 334 2417 eima
360 2349 588 2440 manipularis
610 2357 647 2422 et
666 2353 841 2443 canapaliS
868 2372 932 2443 pro
959 2354 1118 2426 custodia
1144 2352 1425 2447 SandomirIensi,
1453 2359 1549 2430 culus
1576 2358 1674 2431 valor
1692 2362 1796 2432 aesti-

237 2473 359 2540 matur
386 2469 431 2541 ad
458 2477 538 2545 octo
564 2493 711 2545 marcas.
754 2474 844 2545 Item
870 2496 940 2547 non
967 2480 1023 2547 est
1048 2477 1098 2548 ihi
1124 2476 1321 2568 praedium,
1363 2499 1432 2549 non
1460 2484 1541 2550 sunt
1566 2480 1795 2585 hortulaniae,

238 2608 355 2682 neque
381 2593 558 2666 tabernae.
584 2594 672 2666 Item
698 2596 805 2667 habet
831 2597 887 2689 ihi,
908 2597 1055 2670 ecclesia
1072 2604 1109 2668 et
1126 2599 1295 2689 plebanus
1322 2601 1483 2691 proprios
1505 2622 1609 2692 agros
1628 2606 1664 2673 ct
1683 2608 1795 2693 prata,

239 2730 308 2801 pro
335 2734 398 2785 suo
425 2736 490 2785 usu
517 2722 554 2786 et
579 2718 795 2788 necessitate.

347 2835 475 2927 Lmen,
515 2838 599 2909 villa
625 2839 689 2923 suh
715 2840 881 2929 parochia
907 2840 1072 2911 ecclesiae
1099 2840 1143 2911 de
1170 2838 1455 2913 Glowaczow
1482 2842 1561 2932 sita,
1589 2843 1686 2915 cuins
1713 2843 1796 2917 hac·

239 2976 300 3028 res
328 2945 555 3051 'Sandirogius
583 2960 827 3052 Lazanshy
854 2961 897 3032 de
924 2964 1031 3032 armis
1058 2962 1270 3033 Nolanos.
1313 2963 1354 3033 In
1382 2984 1450 3055 qua
1476 2948 1559 3037 sunt
1583 2964 1675 3037 lanai
1702 2986 1792 3037 cmo·
1829 2978 1837 2991 ·

188 3092 194 3099 ·
237 3080 409 3172 thoualcS,
449 3082 492 3153 de
520 3083 645 3173 quihus
673 3084 821 3155 solvitur
843 3090 884 3154 et
911 3083 1116 3155 conducitur
1143 3084 1276 3155 decima
1303 3086 1528 3175 manIpularis
1556 3091 1592 3157 et
1618 3086 1793 3177 canapalis

238 3220 307 3290 pro
335 3203 493 3274 custodia
520 3202 801 3294 Sandomiriensi,
829 3206 925 3275 cuius
952 3204 1050 3276 valor
1078 3206 1282 3277 aestimatur
1300 3206 1345 3276 ad
1365 3212 1443 3277 octo
1466 3211 1611 3297 marcae,
1639 3207 1793 3299 aliquan-

239 3323 288 3394 do
315 3325 360 3396 ad
387 3346 519 3397 norem.
563 3326 651 3397 Item
678 3327 728 3397 ihi
755 3347 824 3398 uon
852 3332 932 3399 sunt
957 3327 1187 3418 hortulaniae,
1215 3334 1362 3401 nonest
1388 3329 1577 3420 praedium,
1604 3349 1725 3420 neque·
1742 3335 1795 3407 ta·

238 3445 361 3517 berna.
423 3481 427 3486 ·
1432 3547 1434 3554 y

345 3567 598 3659 Pareornun,
635 3570 718 3644 villa
744 3571 808 3642 sub
835 3570 955 3642 eadem
982 3571 1149 3661 parochia
1176 3571 1219 3642 de
1251 3568 1535 3643 Glowaczow
1570 3573 1654 3662 alta,
1695 3571 1792 3644 cuius

238 3689 366 3761 haeres
389 3689 568 3780 praelatus
595 3691 825 3782 Sandivogius
860 3692 1115 3784 Lazansky.
1160 3693 1200 3762 In
1229 3713 1296 3782 qua
1323 3699 1404 3763 suut
1430 3693 1523 3764 lanei
1550 3692 1793 3783 emethonales,

239 3811 286 3882 de
313 3812 437 3902 quibus
465 3813 613 3884 solvitur
639 3819 675 3884 et
701 3813 906 3886 conducitur
933 3812 1065 3883 decima
1081 3813 1308 3904 manipularis
1335 3818 1370 3883 et
1385 3801 1571 3902 ⁴canapaIIs
1599 3834 1662 3902 pro
1681 3819 1795 3884 custo-

239 3933 301 4005 dia
328 3932 609 4026 Sandomiriensi,
637 3937 734 4008 culus
760 3936 860 4008 valor
885 3937 930 4007 ed
958 3955 1018 4007 sex
1045 3956 1178 4007 marcas
1206 3935 1420 4007 aestimatur.
1465 3935 1543 4006 Non
1571 3940 1625 4006 est
1652 3935 1700 4006 ihi
1727 3934 1790 4005 ali·

240 4057 336 4147 quod
362 4057 552 4149 praedium,
580 4079 648 4130 uon
675 4064 756 4130 suut
782 4059 1011 4149 hortulauiae,
1038 4077 1150 4149 neque
1177 4059 1364 4130 tabernae.¹

347 4175 494 4250 Wonrn
521 4179 781 4270 Phraoczsnn,
807 4180 892 4252 villa
918 4180 982 4253 sub
1009 4180 1176 4270 parochia
1202 4178 1245 4252 de
1273 4176 1555 4250 Glowaczow
1582 4177 1668 4268 sita,
1695 4177 1793 4250 cuius

238 4298 365 4372 haeres
391 4301 482 4372 idem
510 4299 740 4392 Saudirogius
776 4301 1030 4394 Lazausky.
1074 4301 1116 4372 in
1143 4321 1211 4392 qua
1238 4305 1319 4372 suut
1344 4299 1436 4372 lanei
1464 4297 1715 4388 cmethonales,
1751 4295 1793 4370 dc
1829 4399 1832 4407 .

240 4422 367 4514 quihus
394 4423 541 4498 solvitur
568 4430 604 4495 et
630 4423 836 4496 conducitur
863 4423 996 4495 dealma
1021 4423 1248 4514 manipularis
1276 4428 1312 4494 et
1339 4421 1513 4513 canapalis
1540 4441 1604 4510 pro
1631 4419 1789 4492 custodia

240 4543 522 4636 Sandomiriensi,
549 4553 586 4617 et
611 4546 711 4618 vulor
737 4546 812 4618 eius
839 4546 1042 4617 aestimatur
1069 4545 1114 4616 ad
1142 4549 1230 4617 octo·
1248 4565 1392 4616 marcas.
1425 4543 1512 4615 Item
1539 4547 1593 4614 est
1619 4542 1667 4614 ibi
1694 4561 1794 4632 prae-

238 4665 347 4757 dium3
374 4689 443 4740 nou
471 4674 552 4740 snut
578 4669 755 4759 tabernae,
780 4688 894 4759 neque
920 4667 1150 4740 hortulauiae.

345 4789 631 4882 Boanowurnr,
660 4789 744 4863 villa
769 4791 834 4862 sub
861 4790 1027 4881 parochia
1053 4789 1096 4860 de
1122 4788 1417 4860 Lauzanicze
1454 4789 1539 4880 sita,
1577 4786 1673 4858 cuius
1709 4784 1791 4856 hae·

239 4911 415 4984 residem
443 4912 681 5004 Saudirogius.
707 4913 748 4984 Iu
776 4934 844 5004 qua
871 4919 952 4984 sunt
978 4912 1069 4983 lanei
1097 4910 1339 5000 cmethonales,
1368 4909 1553 5000 dequibus
1581 4907 1729 4979 solvitur
1756 4913 1792 4976 et

243 5033 458 5125 conducitur,
486 5035 711 5126 manipularis
730 5042 767 5106 et
785 5035 959 5125 canopalis
978 5034 1111 5105 decima
1130 5032 1307 5104 custodiae
1335 5030 1614 5119 Sandomiriensi,
1640 5035 1677 5099 et
1694 5027 1793 5099 valor

240 5156 315 5228 eius
346 5153 556 5229 ‘aestimatur
583 5158 627 5228 ad
653 5179 777 5230 novem
804 5177 948 5228 marcas.
991 5157 1082 5226 Item
1117 5175 1186 5226 non
1224 5159 1304 5225 sunt
1331 5154 1380 5225 lbi
1407 5151 1644 5240 hortulaniae,
1680 5169 1792 5240 neque

239 5271 428 5370 tabernae,
445 5281 528 5352 item
555 5283 610 5352 est
636 5281 686 5352 ibi
712 5301 818 5351 uuum
844 5279 1024 5370 praedium
1051 5277 1211 5366 militare,
1239 5275 1282 5371 dc
1310 5295 1377 5366 quo
1405 5274 1597 5346 decimatur
1625 5269 1790 5362 ecclesiae

215 5402 431 5491 ‚parochiali
458 5402 494 5473 in
522 5400 812 5493 Glowaczo‘w,
839 5402 936 5473 ouius
964 5399 1063 5472 valor
1091 5399 1307 5470 aestimetur
1323 5395 1367 5468 ad
1396 5395 1482 5468 duas
1509 5413 1652 5466 marcas.

889 5523 1149 5594 Lnnzsurczs.

342 5645 437 5717 Villa
462 5645 595 5718 hahens
623 5647 658 5717 in
685 5666 722 5717 sc
750 5645 930 5718 ecclesiam
957 5642 1187 5735 parochialem
1216 5641 1383 5730 ligneam,
1410 5637 1537 5710 Sancto
1557 5691 1671 5708 .....
1698 5636 1790 5707 dica-

236 5773 319 5860 tam,
346 5769 444 5839 culus
471 5769 594 5841 haeres
622 5769 850 5859 Sandivogius
877 5764 1181 5858 Lauzyczsky
1210 5764 1252 5832 de
1282 5763 1386 5834 armis
1415 5761 1627 5833 Nalancz.
1654 5760 1694 5830 In
1724 5782 1791 5850 qua
