<?xml version="1.0" encoding="UTF-8"?>
<!DOCTYPE html PUBLIC "-//W3C//DTD XHTML 1.0 Transitional//EN"
    "http://www.w3.org/TR/xhtml1/DTD/xhtml1-transitional.dtd">
<html xmlns="http://www.w3.org/1999/xhtml" xml:lang="en" lang="en">
 <head>
  <title>
</title>
<meta http-equiv="Content-Type" content="text/html;charset=utf-8" />
  <meta name='ocr-system' content='tesseract 3.04.00' />
  <meta name='ocr-capabilities' content='ocr_page ocr_carea ocr_par ocr_line ocrx_word'/>
</head>
<body>
  <div class='ocr_page' id='page_1' title='image "./operaomnia03paulgoog_0595.png"; bbox 0 0 4550 6600; ppageno 0'>
   <div class='ocr_carea' id='block_1_1' title="bbox 490 780 564 853">
    <p class='ocr_par' dir='ltr' id='par_1_1' title="bbox 490 780 564 853">
     <span class='ocr_line' id='line_1_1' title="bbox 490 780 564 853; baseline 0 -1"><span class='ocrx_word' id='word_1_1' title='bbox 490 780 564 853; x_wconf 82' lang='lat'>550</span> 
     </span>
    </p>
   </div>
   <div class='ocr_carea' id='block_1_2' title="bbox 489 957 2090 1073">
    <p class='ocr_par' dir='ltr' id='par_1_2' title="bbox 489 957 2090 1073">
     <span class='ocr_line' id='line_1_2' title="bbox 489 957 2090 1073; baseline -0.006 -14"><span class='ocrx_word' id='word_1_2' title='bbox 489 989 534 1059; x_wconf 92' lang='lat' dir='ltr'>ad</span> <span class='ocrx_word' id='word_1_3' title='bbox 569 993 646 1058; x_wconf 90' lang='lat' dir='ltr'>octo</span> <span class='ocrx_word' id='word_1_4' title='bbox 681 1006 825 1058; x_wconf 84' lang='lat' dir='ltr'>marcas.</span> <span class='ocrx_word' id='word_1_5' title='bbox 860 957 950 1056; x_wconf 85' lang='lat' dir='ltr'>Item</span> <span class='ocrx_word' id='word_1_6' title='bbox 976 990 1031 1055; x_wconf 89' lang='lat' dir='ltr'>est</span> <span class='ocrx_word' id='word_1_7' title='bbox 1057 983 1106 1056; x_wconf 92' lang='lat' dir='ltr'>ibi</span> <span class='ocrx_word' id='word_1_8' title='bbox 1133 1004 1222 1055; x_wconf 89' lang='grc'>9999</span> <span class='ocrx_word' id='word_1_9' title='bbox 1250 984 1371 1055; x_wconf 88' lang='grc'>199999</span> <span class='ocrx_word' id='word_1_10' title='bbox 1399 980 1560 1073; x_wconf 81' lang='lat' dir='ltr'>specialis</span> <span class='ocrx_word' id='word_1_11' title='bbox 1587 970 1726 1073; x_wconf 88' lang='lat' dir='ltr'>plebani</span> <span class='ocrx_word' id='word_1_12' title='bbox 1753 981 1796 1052; x_wconf 91' lang='lat' dir='ltr'>de</span> <span class='ocrx_word' id='word_1_13' title='bbox 1826 978 2045 1070; x_wconf 89' lang='lat' dir='ltr'>Biskupi-</span> <span class='ocrx_word' id='word_1_14' title='bbox 2085 1044 2090 1051; x_wconf 85' lang='lat'>.</span> 
     </span>
    </p>
   </div>
   <div class='ocr_carea' id='block_1_3' title="bbox 343 1102 2094 3023">
    <p class='ocr_par' dir='ltr' id='par_1_3' title="bbox 397 1102 2047 1423">
     <span class='ocr_line' id='line_1_3' title="bbox 491 1102 2047 1199; baseline -0.005 -19"><span class='ocrx_word' id='word_1_15' title='bbox 491 1130 584 1199; x_wconf 89' lang='lat' dir='ltr'>cze,</span> <span class='ocrx_word' id='word_1_16' title='bbox 612 1128 712 1199; x_wconf 92' lang='lat' dir='ltr'>quem</span> <span class='ocrx_word' id='word_1_17' title='bbox 739 1107 866 1179; x_wconf 89' lang='lat' dir='ltr'>nobilis</span> <span class='ocrx_word' id='word_1_18' title='bbox 892 1105 1010 1177; x_wconf 88' lang='lat' dir='ltr'>Mirz</span> <span class='ocrx_word' id='word_1_19' title='bbox 1037 1105 1081 1177; x_wconf 89' lang='lat' dir='ltr'>de</span> <span class='ocrx_word' id='word_1_20' title='bbox 1108 1105 1210 1177; x_wconf 91' lang='lat' dir='ltr'>domo</span> <span class='ocrx_word' id='word_1_21' title='bbox 1238 1104 1532 1195; x_wconf 87' lang='lat' dir='ltr'>Accipitrum</span> <span class='ocrx_word' id='word_1_22' title='bbox 1560 1103 1603 1175; x_wconf 92' lang='lat' dir='ltr'>de</span> <span class='ocrx_word' id='word_1_23' title='bbox 1639 1124 1703 1175; x_wconf 89' lang='lat' dir='ltr'>sua</span> <span class='ocrx_word' id='word_1_24' title='bbox 1736 1102 1958 1175; x_wconf 87' lang='lat' dir='ltr'>haereditate</span> <span class='ocrx_word' id='word_1_25' title='bbox 1996 1122 2047 1173; x_wconf 86' lang='lat' dir='ltr'>se·</span> 
     </span>
     <span class='ocr_line' id='line_1_4' title="bbox 490 1225 2047 1321; baseline -0.004 -20"><span class='ocrx_word' id='word_1_26' title='bbox 490 1236 690 1321; x_wconf 72' lang='lat' dir='ltr'>querneus,</span> <span class='ocrx_word' id='word_1_27' title='bbox 726 1229 829 1300; x_wconf 85' lang='lat' dir='ltr'>villae</span> <span class='ocrx_word' id='word_1_28' title='bbox 869 1228 1149 1301; x_wconf 87' lang='lat' dir='ltr'>Brzeszicze</span> <span class='ocrx_word' id='word_1_29' title='bbox 1189 1248 1252 1317; x_wconf 93' lang='lat' dir='ltr'>pro</span> <span class='ocrx_word' id='word_1_30' title='bbox 1293 1226 1438 1299; x_wconf 89' lang='lat' dir='ltr'>ecclesia</span> <span class='ocrx_word' id='word_1_31' title='bbox 1477 1228 1513 1297; x_wconf 93' lang='grc'>19</span> <span class='ocrx_word' id='word_1_32' title='bbox 1549 1225 1840 1315; x_wconf 85' lang='lat' dir='ltr'>Bislrupicze</span> <span class='ocrx_word' id='word_1_33' title='bbox 1874 1228 2047 1315; x_wconf 89' lang='lat' dir='ltr'>perpetuo</span> 
     </span>
     <span class='ocr_line' id='line_1_5' title="bbox 397 1350 654 1423; baseline -0.012 0"><span class='ocrx_word' id='word_1_34' title='bbox 397 1387 400 1393; x_wconf 93' lang='lat'><em>·</em></span> <span class='ocrx_word' id='word_1_35' title='bbox 489 1350 654 1423; x_wconf 84' lang='lat' dir='ltr'>adiunxit.</span> 
     </span>
    </p>

    <p class='ocr_par' dir='ltr' id='par_1_4' title="bbox 490 1466 2049 2051">
     <span class='ocr_line' id='line_1_6' title="bbox 593 1466 2049 1562; baseline -0.005 -19"><span class='ocrx_word' id='word_1_36' title='bbox 593 1471 864 1562; x_wconf 83' lang='grc'>0999999999,</span> <span class='ocrx_word' id='word_1_37' title='bbox 892 1471 976 1543; x_wconf 86' lang='lat' dir='ltr'>uilla</span> <span class='ocrx_word' id='word_1_38' title='bbox 1012 1472 1076 1543; x_wconf 89' lang='lat' dir='ltr'>sub</span> <span class='ocrx_word' id='word_1_39' title='bbox 1112 1471 1279 1560; x_wconf 90' lang='lat' dir='ltr'>parochia</span> <span class='ocrx_word' id='word_1_40' title='bbox 1314 1470 1356 1541; x_wconf 92' lang='lat' dir='ltr'>de</span> <span class='ocrx_word' id='word_1_41' title='bbox 1391 1466 1762 1561; x_wconf 81' lang='lat' dir='ltr'>Gzyemyerniky</span> <span class='ocrx_word' id='word_1_42' title='bbox 1790 1468 1865 1539; x_wconf 86' lang='lat' dir='ltr'>sita.</span> <span class='ocrx_word' id='word_1_43' title='bbox 1905 1466 1949 1536; x_wconf 92' lang='grc'>19</span> <span class='ocrx_word' id='word_1_44' title='bbox 1980 1488 2049 1555; x_wconf 87' lang='lat' dir='ltr'>qna</span> 
     </span>
     <span class='ocr_line' id='line_1_7' title="bbox 490 1590 2048 1683; baseline -0.005 -17"><span class='ocrx_word' id='word_1_45' title='bbox 490 1594 613 1667; x_wconf 89' lang='lat' dir='ltr'>haeres</span> <span class='ocrx_word' id='word_1_46' title='bbox 640 1600 695 1666; x_wconf 86' lang='lat' dir='ltr'>est</span> <span class='ocrx_word' id='word_1_47' title='bbox 713 1650 720 1663; x_wconf 89' lang='lat'><strong>.</strong></span> <span class='ocrx_word' id='word_1_48' title='bbox 740 1648 747 1663; x_wconf 92' lang='lat'>.</span> <span class='ocrx_word' id='word_1_49' title='bbox 767 1649 774 1663; x_wconf 93' lang='lat'><strong>.</strong></span> <span class='ocrx_word' id='word_1_50' title='bbox 793 1594 841 1665; x_wconf 87' lang='lat' dir='ltr'>Et</span> <span class='ocrx_word' id='word_1_51' title='bbox 867 1594 903 1664; x_wconf 93' lang='grc'>19</span> <span class='ocrx_word' id='word_1_52' title='bbox 930 1613 999 1683; x_wconf 90' lang='lat' dir='ltr'>qua</span> <span class='ocrx_word' id='word_1_53' title='bbox 1025 1599 1106 1664; x_wconf 89' lang='lat' dir='ltr'>sunt</span> <span class='ocrx_word' id='word_1_54' title='bbox 1131 1592 1224 1663; x_wconf 89' lang='lat' dir='ltr'>lanei</span> <span class='ocrx_word' id='word_1_55' title='bbox 1252 1591 1494 1681; x_wconf 87' lang='lat' dir='ltr'>cmethonales,</span> <span class='ocrx_word' id='word_1_56' title='bbox 1522 1590 1565 1663; x_wconf 90' lang='lat' dir='ltr'>de</span> <span class='ocrx_word' id='word_1_57' title='bbox 1593 1590 1718 1681; x_wconf 87' lang='lat' dir='ltr'>quihus</span> <span class='ocrx_word' id='word_1_58' title='bbox 1745 1590 1892 1660; x_wconf 88' lang='lat' dir='ltr'>solvitur</span> <span class='ocrx_word' id='word_1_59' title='bbox 1910 1594 1949 1659; x_wconf 91' lang='lat' dir='ltr'>et</span> <span class='ocrx_word' id='word_1_60' title='bbox 1969 1607 2048 1658; x_wconf 90' lang='lat' dir='ltr'>con·</span> 
     </span>
     <span class='ocr_line' id='line_1_8' title="bbox 491 1710 2047 1805; baseline -0.005 -19"><span class='ocrx_word' id='word_1_61' title='bbox 491 1716 630 1798; x_wconf 78' lang='lat' dir='ltr'>ducitur</span> <span class='ocrx_word' id='word_1_62' title='bbox 657 1715 790 1787; x_wconf 91' lang='lat' dir='ltr'>decima</span> <span class='ocrx_word' id='word_1_63' title='bbox 817 1715 1042 1805; x_wconf 79' lang='lat' dir='ltr'>manipularis</span> <span class='ocrx_word' id='word_1_64' title='bbox 1070 1721 1106 1785; x_wconf 90' lang='lat' dir='ltr'>et</span> <span class='ocrx_word' id='word_1_65' title='bbox 1132 1713 1390 1803; x_wconf 90' lang='lat' dir='ltr'>canapalispro</span> <span class='ocrx_word' id='word_1_66' title='bbox 1410 1710 1609 1783; x_wconf 88' lang='grc'>9991991919</span> <span class='ocrx_word' id='word_1_67' title='bbox 1629 1710 1922 1801; x_wconf 87' lang='lat' dir='ltr'>Bisknpicze,</span> <span class='ocrx_word' id='word_1_68' title='bbox 1947 1729 2047 1799; x_wconf 85' lang='lat' dir='ltr'>quam</span> 
     </span>
     <span class='ocr_line' id='line_1_9' title="bbox 491 1828 2049 1926; baseline -0.004 -18"><span class='ocrx_word' id='word_1_69' title='bbox 491 1837 665 1908; x_wconf 90' lang='lat' dir='ltr'>eidemin</span> <span class='ocrx_word' id='word_1_70' title='bbox 693 1836 807 1908; x_wconf 91' lang='lat' dir='ltr'>dotem</span> <span class='ocrx_word' id='word_1_71' title='bbox 836 1835 980 1907; x_wconf 90' lang='lat' dir='ltr'>contulit</span> <span class='ocrx_word' id='word_1_72' title='bbox 1008 1832 1238 1925; x_wconf 84' lang='lat' dir='ltr'>Shignens</span> <span class='ocrx_word' id='word_1_73' title='bbox 1266 1835 1446 1925; x_wconf 88' lang='lat' dir='ltr'>episcopus</span> <span class='ocrx_word' id='word_1_74' title='bbox 1474 1832 1722 1926; x_wconf 66' lang='lat' dir='ltr'>(traconensis,</span> <span class='ocrx_word' id='word_1_75' title='bbox 1751 1834 1847 1904; x_wconf 89' lang='grc'>99199</span> <span class='ocrx_word' id='word_1_76' title='bbox 1874 1831 1979 1903; x_wconf 84' lang='grc'>99199</span> <span class='ocrx_word' id='word_1_77' title='bbox 2006 1828 2049 1901; x_wconf 85' lang='lat' dir='ltr'>ad</span> 
     </span>
     <span class='ocr_line' id='line_1_10' title="bbox 493 1956 1729 2051; baseline -0.004 -20"><span class='ocrx_word' id='word_1_78' title='bbox 493 1964 644 2051; x_wconf 87' lang='lat' dir='ltr'>quatuor</span> <span class='ocrx_word' id='word_1_79' title='bbox 670 1978 815 2029; x_wconf 86' lang='lat' dir='ltr'>marcas.</span> <span class='ocrx_word' id='word_1_80' title='bbox 842 1956 929 2029; x_wconf 92' lang='lat' dir='ltr'>Item</span> <span class='ocrx_word' id='word_1_81' title='bbox 957 1956 1136 2048; x_wconf 79' lang='lat' dir='ltr'>praedium</span> <span class='ocrx_word' id='word_1_82' title='bbox 1165 1958 1270 2029; x_wconf 83' lang='lat' dir='ltr'>solvit</span> <span class='ocrx_word' id='word_1_83' title='bbox 1297 1956 1545 2043; x_wconf 80' lang='lat' dir='ltr'>decimam...</span> <span class='ocrx_word' id='word_1_84' title='bbox 1725 1965 1729 1973; x_wconf 89' lang='grc'><strong>’</strong></span> 
     </span>
    </p>

    <p class='ocr_par' dir='ltr' id='par_1_5' title="bbox 492 2075 2048 2414">
     <span class='ocr_line' id='line_1_11' title="bbox 596 2075 2048 2170; baseline -0.006 -18"><span class='ocrx_word' id='word_1_85' title='bbox 596 2078 883 2170; x_wconf 78' lang='lat' dir='ltr'>Gnnnzrnrczn,</span> <span class='ocrx_word' id='word_1_86' title='bbox 911 2079 994 2149; x_wconf 90' lang='lat' dir='ltr'>villa</span> <span class='ocrx_word' id='word_1_87' title='bbox 1021 2078 1084 2150; x_wconf 89' lang='lat' dir='ltr'>sub</span> <span class='ocrx_word' id='word_1_88' title='bbox 1112 2079 1278 2169; x_wconf 90' lang='lat' dir='ltr'>parochia</span> <span class='ocrx_word' id='word_1_89' title='bbox 1305 2078 1347 2149; x_wconf 90' lang='lat' dir='ltr'>de</span> <span class='ocrx_word' id='word_1_90' title='bbox 1368 2132 1374 2149; x_wconf 94' lang='lat'>.</span> <span class='ocrx_word' id='word_1_91' title='bbox 1395 2134 1402 2148; x_wconf 95' lang='lat'><strong>.</strong></span> <span class='ocrx_word' id='word_1_92' title='bbox 1421 2134 1429 2149; x_wconf 91' lang='lat'><strong>.</strong></span> <span class='ocrx_word' id='word_1_93' title='bbox 1447 2079 1525 2170; x_wconf 83' lang='lat' dir='ltr'>sita,</span> <span class='ocrx_word' id='word_1_94' title='bbox 1555 2076 1651 2151; x_wconf 89' lang='lat' dir='ltr'>cuius</span> <span class='ocrx_word' id='word_1_95' title='bbox 1679 2078 1801 2149; x_wconf 78' lang='lat' dir='ltr'>haeres</span> <span class='ocrx_word' id='word_1_96' title='bbox 1821 2130 1828 2145; x_wconf 93' lang='lat'><strong>.</strong></span> <span class='ocrx_word' id='word_1_97' title='bbox 1848 2130 1882 2145; x_wconf 92' lang='lat'>..</span> <span class='ocrx_word' id='word_1_98' title='bbox 1910 2075 1954 2145; x_wconf 91' lang='lat' dir='ltr'>In</span> <span class='ocrx_word' id='word_1_99' title='bbox 1984 2092 2048 2165; x_wconf 83' lang='lat' dir='ltr'>qua</span> 
     </span>
     <span class='ocr_line' id='line_1_12' title="bbox 492 2182 2046 2290; baseline -0.005 -17"><span class='ocrx_word' id='word_1_100' title='bbox 492 2208 574 2274; x_wconf 87' lang='lat' dir='ltr'>sunt</span> <span class='ocrx_word' id='word_1_101' title='bbox 599 2182 692 2273; x_wconf 83' lang='lat' dir='ltr'>lanei</span> <span class='ocrx_word' id='word_1_102' title='bbox 718 2201 963 2290; x_wconf 87' lang='lat' dir='ltr'>emethonales‚</span> <span class='ocrx_word' id='word_1_103' title='bbox 991 2200 1033 2271; x_wconf 92' lang='lat' dir='ltr'>de</span> <span class='ocrx_word' id='word_1_104' title='bbox 1061 2200 1185 2290; x_wconf 89' lang='lat' dir='ltr'>quihus</span> <span class='ocrx_word' id='word_1_105' title='bbox 1214 2200 1360 2271; x_wconf 86' lang='lat' dir='ltr'>solvitur</span> <span class='ocrx_word' id='word_1_106' title='bbox 1388 2206 1425 2273; x_wconf 92' lang='grc'>91</span> <span class='ocrx_word' id='word_1_107' title='bbox 1443 2200 1647 2271; x_wconf 83' lang='lat' dir='ltr'>conducitur</span> <span class='ocrx_word' id='word_1_108' title='bbox 1666 2199 1799 2271; x_wconf 87' lang='grc'>199199</span> <span class='ocrx_word' id='word_1_109' title='bbox 1816 2195 2046 2287; x_wconf 86' lang='lat' dir='ltr'>manipularis</span> 
     </span>
     <span class='ocr_line' id='line_1_13' title="bbox 492 2318 2046 2414; baseline -0.005 -19"><span class='ocrx_word' id='word_1_110' title='bbox 492 2344 556 2414; x_wconf 94' lang='lat' dir='ltr'>pro</span> <span class='ocrx_word' id='word_1_111' title='bbox 584 2323 792 2395; x_wconf 89' lang='grc'>9991991919</span> <span class='ocrx_word' id='word_1_112' title='bbox 819 2322 1124 2413; x_wconf 76' lang='grc' dir='ltr'>Β1919991999,</span> <span class='ocrx_word' id='word_1_113' title='bbox 1153 2340 1255 2412; x_wconf 89' lang='lat' dir='ltr'>quam</span> <span class='ocrx_word' id='word_1_114' title='bbox 1291 2322 1401 2393; x_wconf 90' lang='lat' dir='ltr'>eidem</span> <span class='ocrx_word' id='word_1_115' title='bbox 1438 2322 1473 2392; x_wconf 93' lang='lat' dir='ltr'>in</span> <span class='ocrx_word' id='word_1_116' title='bbox 1501 2322 1617 2393; x_wconf 88' lang='lat' dir='ltr'>dotem</span> <span class='ocrx_word' id='word_1_117' title='bbox 1645 2320 1791 2392; x_wconf 90' lang='grc'>99919111</span> <span class='ocrx_word' id='word_1_118' title='bbox 1817 2318 2046 2407; x_wconf 82' lang='lat' dir='ltr'>Sbigneus</span> 
     </span>
    </p>

    <p class='ocr_par' dir='ltr' id='par_1_6' title="bbox 343 2440 1852 2534">
     <span class='ocr_line' id='line_1_14' title="bbox 343 2440 1852 2534; baseline 0.001 -25"><span class='ocrx_word' id='word_1_119' title='bbox 343 2502 350 2509; x_wconf 93' lang='lat'>.</span> <span class='ocrx_word' id='word_1_120' title='bbox 493 2443 731 2517; x_wconf 84' lang='lat' dir='ltr'>Oracoriensis</span> <span class='ocrx_word' id='word_1_121' title='bbox 758 2445 948 2534; x_wconf 84' lang='lat' dir='ltr'>episcopus,</span> <span class='ocrx_word' id='word_1_122' title='bbox 975 2442 1197 2515; x_wconf 80' lang='grc'>9919999199</span> <span class='ocrx_word' id='word_1_123' title='bbox 1224 2443 1429 2515; x_wconf 89' lang='lat' dir='ltr'>aestimatur</span> <span class='ocrx_word' id='word_1_124' title='bbox 1456 2442 1500 2515; x_wconf 91' lang='grc'>91</span> <span class='ocrx_word' id='word_1_125' title='bbox 1528 2448 1677 2533; x_wconf 87' lang='lat' dir='ltr'>quatuor</span> <span class='ocrx_word' id='word_1_126' title='bbox 1703 2440 1852 2511; x_wconf 85' lang='lat' dir='ltr'>mareas.&#39;</span> 
     </span>
    </p>

    <p class='ocr_par' dir='ltr' id='par_1_7' title="bbox 493 2562 2094 3023">
     <span class='ocr_line' id='line_1_15' title="bbox 596 2562 2048 2655; baseline -0.005 -19"><span class='ocrx_word' id='word_1_127' title='bbox 596 2564 806 2655; x_wconf 81' lang='lat' dir='ltr'>Sncnnonr,</span> <span class='ocrx_word' id='word_1_128' title='bbox 833 2565 916 2636; x_wconf 83' lang='lat' dir='ltr'>villa</span> <span class='ocrx_word' id='word_1_129' title='bbox 941 2565 1006 2636; x_wconf 88' lang='lat' dir='ltr'>suh</span> <span class='ocrx_word' id='word_1_130' title='bbox 1024 2564 1189 2655; x_wconf 91' lang='lat' dir='ltr'>parochia</span> <span class='ocrx_word' id='word_1_131' title='bbox 1216 2564 1258 2635; x_wconf 91' lang='lat' dir='ltr'>de</span> <span class='ocrx_word' id='word_1_132' title='bbox 1279 2620 1285 2633; x_wconf 96' lang='lat'>.</span> <span class='ocrx_word' id='word_1_133' title='bbox 1305 2618 1312 2634; x_wconf 92' lang='lat'><strong>.</strong></span> <span class='ocrx_word' id='word_1_134' title='bbox 1332 2564 1430 2655; x_wconf 75' lang='lat' dir='ltr'>sito,</span> <span class='ocrx_word' id='word_1_135' title='bbox 1458 2564 1554 2635; x_wconf 87' lang='lat' dir='ltr'>cuius</span> <span class='ocrx_word' id='word_1_136' title='bbox 1582 2564 1757 2635; x_wconf 86' lang='lat' dir='ltr'>haeres..</span> <span class='ocrx_word' id='word_1_137' title='bbox 1778 2616 1785 2632; x_wconf 92' lang='lat'><strong>.</strong></span> <span class='ocrx_word' id='word_1_138' title='bbox 1803 2562 1843 2632; x_wconf 92' lang='lat' dir='ltr'>ln</span> <span class='ocrx_word' id='word_1_139' title='bbox 1872 2580 1943 2651; x_wconf 90' lang='lat' dir='ltr'>qua</span> <span class='ocrx_word' id='word_1_140' title='bbox 1970 2564 2048 2630; x_wconf 89' lang='grc'>9991</span> 
     </span>
     <span class='ocr_line' id='line_1_16' title="bbox 493 2681 2094 2777; baseline -0.003 -21"><span class='ocrx_word' id='word_1_141' title='bbox 493 2686 585 2757; x_wconf 89' lang='grc'>19991</span> <span class='ocrx_word' id='word_1_142' title='bbox 621 2686 874 2776; x_wconf 84' lang='grc'>9991999199,</span> <span class='ocrx_word' id='word_1_143' title='bbox 901 2685 944 2756; x_wconf 94' lang='grc'>19</span> <span class='ocrx_word' id='word_1_144' title='bbox 971 2687 1096 2777; x_wconf 86' lang='lat' dir='ltr'>quihus</span> <span class='ocrx_word' id='word_1_145' title='bbox 1123 2686 1272 2757; x_wconf 87' lang='lat' dir='ltr'>solvitur</span> <span class='ocrx_word' id='word_1_146' title='bbox 1299 2692 1335 2757; x_wconf 90' lang='grc'>91</span> <span class='ocrx_word' id='word_1_147' title='bbox 1362 2685 1566 2757; x_wconf 79' lang='lat' dir='ltr'>conducitur</span> <span class='ocrx_word' id='word_1_148' title='bbox 1598 2685 1732 2756; x_wconf 90' lang='grc'>199199</span> <span class='ocrx_word' id='word_1_149' title='bbox 1757 2681 1988 2772; x_wconf 81' lang='lat' dir='ltr'>manipularis</span> <span class='ocrx_word' id='word_1_150' title='bbox 2014 2688 2047 2751; x_wconf 91' lang='lat' dir='ltr'>et</span> <span class='ocrx_word' id='word_1_151' title='bbox 2089 2728 2094 2735; x_wconf 91' lang='lat'><em>-</em></span> 
     </span>
     <span class='ocr_line' id='line_1_17' title="bbox 493 2801 2046 2897; baseline -0.003 -20"><span class='ocrx_word' id='word_1_152' title='bbox 493 2806 668 2897; x_wconf 85' lang='lat' dir='ltr'>canapalis</span> <span class='ocrx_word' id='word_1_153' title='bbox 695 2827 759 2897; x_wconf 90' lang='lat' dir='ltr'>pro</span> <span class='ocrx_word' id='word_1_154' title='bbox 787 2806 933 2879; x_wconf 87' lang='grc'>99919919</span> <span class='ocrx_word' id='word_1_155' title='bbox 959 2808 996 2877; x_wconf 94' lang='grc'>19</span> <span class='ocrx_word' id='word_1_156' title='bbox 1022 2806 1319 2897; x_wconf 82' lang='lat' dir='ltr'>Biskupicze,</span> <span class='ocrx_word' id='word_1_157' title='bbox 1348 2828 1449 2897; x_wconf 85' lang='lat' dir='ltr'>quam</span> <span class='ocrx_word' id='word_1_158' title='bbox 1477 2806 1588 2879; x_wconf 90' lang='lat' dir='ltr'>eidem</span> <span class='ocrx_word' id='word_1_159' title='bbox 1607 2806 1643 2876; x_wconf 96' lang='grc'>19</span> <span class='ocrx_word' id='word_1_160' title='bbox 1662 2804 1778 2876; x_wconf 89' lang='grc'>19199</span> <span class='ocrx_word' id='word_1_161' title='bbox 1797 2803 1947 2874; x_wconf 88' lang='lat' dir='ltr'>contulit</span> <span class='ocrx_word' id='word_1_162' title='bbox 1965 2801 2046 2873; x_wconf 85' lang='lat' dir='ltr'>Shi-</span> 
     </span>
     <span class='ocr_line' id='line_1_18' title="bbox 493 2924 2045 3023; baseline -0.005 -24"><span class='ocrx_word' id='word_1_163' title='bbox 493 2949 611 3017; x_wconf 80' lang='lat' dir='ltr'>guen</span> <span class='ocrx_word' id='word_1_164' title='bbox 618 2950 636 3023; x_wconf 86' lang='lat' dir='ltr'>s</span> <span class='ocrx_word' id='word_1_165' title='bbox 664 2928 846 3021; x_wconf 88' lang='lat' dir='ltr'>episcopus</span> <span class='ocrx_word' id='word_1_166' title='bbox 874 2927 1123 3018; x_wconf 74' lang='lat' dir='ltr'>Crotoniensis,</span> <span class='ocrx_word' id='word_1_167' title='bbox 1151 2933 1187 3000; x_wconf 91' lang='lat' dir='ltr'>et</span> <span class='ocrx_word' id='word_1_168' title='bbox 1213 2929 1311 2999; x_wconf 86' lang='lat' dir='ltr'>valor</span> <span class='ocrx_word' id='word_1_169' title='bbox 1339 2929 1413 3002; x_wconf 88' lang='lat' dir='ltr'>eius</span> <span class='ocrx_word' id='word_1_170' title='bbox 1441 2928 1647 2999; x_wconf 89' lang='lat' dir='ltr'>aestimatur</span> <span class='ocrx_word' id='word_1_171' title='bbox 1665 2924 1710 2997; x_wconf 93' lang='lat' dir='ltr'>ad</span> <span class='ocrx_word' id='word_1_172' title='bbox 1735 2931 1884 3016; x_wconf 90' lang='lat' dir='ltr'>quatuor</span> <span class='ocrx_word' id='word_1_173' title='bbox 1903 2943 2045 2995; x_wconf 88' lang='grc'>999999.</span> 
     </span>
    </p>
   </div>
   <div class='ocr_carea' id='block_1_4' title="bbox 1128 3152 1417 3227">
    <p class='ocr_par' dir='ltr' id='par_1_8' title="bbox 1128 3152 1417 3227">
     <span class='ocr_line' id='line_1_19' title="bbox 1128 3152 1417 3227; baseline -0.007 -2"><span class='ocrx_word' id='word_1_174' title='bbox 1128 3152 1417 3227; x_wconf 73' lang='grc'>(1999999999.</span> 
     </span>
    </p>
   </div>
   <div class='ocr_carea' id='block_1_5' title="bbox 494 3288 2069 5823">
    <p class='ocr_par' dir='ltr' id='par_1_9' title="bbox 494 3288 2046 3625">
     <span class='ocr_line' id='line_1_20' title="bbox 597 3288 2045 3383; baseline -0.003 -18"><span class='ocrx_word' id='word_1_175' title='bbox 597 3289 693 3365; x_wconf 84' lang='lat' dir='ltr'>Villa</span> <span class='ocrx_word' id='word_1_176' title='bbox 728 3292 861 3365; x_wconf 89' lang='lat' dir='ltr'>hahens</span> <span class='ocrx_word' id='word_1_177' title='bbox 896 3293 932 3364; x_wconf 92' lang='lat' dir='ltr'>in</span> <span class='ocrx_word' id='word_1_178' title='bbox 969 3314 1006 3363; x_wconf 91' lang='lat' dir='ltr'>se</span> <span class='ocrx_word' id='word_1_179' title='bbox 1042 3292 1275 3383; x_wconf 75' lang='lat' dir='ltr'>parochialem</span> <span class='ocrx_word' id='word_1_180' title='bbox 1303 3292 1484 3364; x_wconf 85' lang='lat' dir='ltr'>ecclesiam</span> <span class='ocrx_word' id='word_1_181' title='bbox 1511 3290 1680 3382; x_wconf 82' lang='lat' dir='ltr'>ligneam,</span> <span class='ocrx_word' id='word_1_182' title='bbox 1707 3289 1834 3361; x_wconf 88' lang='lat' dir='ltr'>Sancto</span> <span class='ocrx_word' id='word_1_183' title='bbox 1862 3288 2045 3360; x_wconf 89' lang='lat' dir='ltr'>Vincentio</span> 
     </span>
     <span class='ocr_line' id='line_1_21' title="bbox 494 3411 2046 3503; baseline -0.003 -19"><span class='ocrx_word' id='word_1_184' title='bbox 494 3414 654 3503; x_wconf 86' lang='lat' dir='ltr'>dicatam,</span> <span class='ocrx_word' id='word_1_185' title='bbox 683 3415 779 3485; x_wconf 90' lang='grc'>99199</span> <span class='ocrx_word' id='word_1_186' title='bbox 805 3413 1004 3486; x_wconf 88' lang='lat' dir='ltr'>haeres...</span> <span class='ocrx_word' id='word_1_187' title='bbox 1024 3414 1092 3486; x_wconf 89' lang='lat' dir='ltr'>.de</span> <span class='ocrx_word' id='word_1_188' title='bbox 1119 3414 1221 3487; x_wconf 92' lang='lat' dir='ltr'>domo</span> <span class='ocrx_word' id='word_1_189' title='bbox 1250 3414 1543 3486; x_wconf 86' lang='lat' dir='ltr'>Acervorum.</span> <span class='ocrx_word' id='word_1_190' title='bbox 1570 3413 1610 3484; x_wconf 93' lang='grc'>19</span> <span class='ocrx_word' id='word_1_191' title='bbox 1639 3433 1707 3502; x_wconf 90' lang='lat' dir='ltr'>qua</span> <span class='ocrx_word' id='word_1_192' title='bbox 1734 3417 1815 3482; x_wconf 90' lang='lat' dir='ltr'>sunt</span> <span class='ocrx_word' id='word_1_193' title='bbox 1840 3411 1934 3481; x_wconf 89' lang='lat' dir='ltr'>lanei</span> <span class='ocrx_word' id='word_1_194' title='bbox 1963 3431 2046 3481; x_wconf 85' lang='grc'>999-</span> 
     </span>
     <span class='ocr_line' id='line_1_22' title="bbox 495 3534 1062 3625; baseline 0 -21"><span class='ocrx_word' id='word_1_195' title='bbox 495 3534 664 3624; x_wconf 79' lang='grc'>1999199,</span> <span class='ocrx_word' id='word_1_196' title='bbox 691 3535 775 3606; x_wconf 90' lang='grc'>1199</span> <span class='ocrx_word' id='word_1_197' title='bbox 802 3535 982 3625; x_wconf 86' lang='lat' dir='ltr'>praedium</span> <span class='ocrx_word' id='word_1_198' title='bbox 1002 3589 1009 3604; x_wconf 92' lang='lat'><strong>.</strong></span> <span class='ocrx_word' id='word_1_199' title='bbox 1028 3590 1035 3606; x_wconf 90' lang='lat'><strong>.</strong></span> <span class='ocrx_word' id='word_1_200' title='bbox 1055 3591 1062 3604; x_wconf 93' lang='lat'><strong>.</strong></span> 
     </span>
    </p>

    <p class='ocr_par' dir='ltr' id='par_1_10' title="bbox 495 3655 2045 4215">
     <span class='ocr_line' id='line_1_23' title="bbox 600 3655 2045 3750; baseline -0.003 -22"><span class='ocrx_word' id='word_1_201' title='bbox 600 3655 748 3742; x_wconf 84' lang='lat' dir='ltr'>Juprcrs</span> <span class='ocrx_word' id='word_1_202' title='bbox 775 3655 980 3748; x_wconf 82' lang='lat' dir='ltr'>Srnocznn‚</span> <span class='ocrx_word' id='word_1_203' title='bbox 1008 3657 1094 3728; x_wconf 84' lang='lat' dir='ltr'>villa</span> <span class='ocrx_word' id='word_1_204' title='bbox 1120 3658 1185 3729; x_wconf 86' lang='lat' dir='ltr'>sub</span> <span class='ocrx_word' id='word_1_205' title='bbox 1203 3657 1369 3750; x_wconf 73' lang='lat' dir='ltr'>parochiis</span> <span class='ocrx_word' id='word_1_206' title='bbox 1388 3657 1430 3732; x_wconf 89' lang='lat' dir='ltr'>de</span> <span class='ocrx_word' id='word_1_207' title='bbox 1449 3657 1792 3750; x_wconf 77' lang='grc'>09999999919</span> <span class='ocrx_word' id='word_1_208' title='bbox 1820 3655 1896 3728; x_wconf 86' lang='lat' dir='ltr'>sita</span> <span class='ocrx_word' id='word_1_209' title='bbox 1925 3655 1965 3724; x_wconf 93' lang='lat' dir='ltr'>In</span> <span class='ocrx_word' id='word_1_210' title='bbox 1985 3673 2045 3744; x_wconf 85' lang='lat' dir='ltr'>qua</span> 
     </span>
     <span class='ocr_line' id='line_1_24' title="bbox 495 3776 2044 3869; baseline -0.002 -22"><span class='ocrx_word' id='word_1_211' title='bbox 495 3782 577 3849; x_wconf 88' lang='grc'>9991</span> <span class='ocrx_word' id='word_1_212' title='bbox 594 3777 702 3849; x_wconf 74' lang='lat' dir='ltr'>&#39;lanei</span> <span class='ocrx_word' id='word_1_213' title='bbox 738 3779 990 3869; x_wconf 83' lang='lat' dir='ltr'>cmethonales‚</span> <span class='ocrx_word' id='word_1_214' title='bbox 1018 3779 1061 3850; x_wconf 90' lang='lat' dir='ltr'>de</span> <span class='ocrx_word' id='word_1_215' title='bbox 1089 3778 1213 3869; x_wconf 86' lang='lat' dir='ltr'>quihus</span> <span class='ocrx_word' id='word_1_216' title='bbox 1241 3779 1373 3852; x_wconf 86' lang='lat' dir='ltr'>decima</span> <span class='ocrx_word' id='word_1_217' title='bbox 1400 3779 1677 3868; x_wconf 54' lang='lat' dir='ltr'>diversificatum</span> <span class='ocrx_word' id='word_1_218' title='bbox 1713 3799 1792 3850; x_wconf 88' lang='grc'>999</span> <span class='ocrx_word' id='word_1_219' title='bbox 1820 3777 1863 3848; x_wconf 89' lang='grc'>19</span> <span class='ocrx_word' id='word_1_220' title='bbox 1892 3776 2044 3848; x_wconf 89' lang='lat' dir='ltr'>undecim</span> 
     </span>
     <span class='ocr_line' id='line_1_25' title="bbox 496 3899 2042 3991; baseline -0.001 -22"><span class='ocrx_word' id='word_1_221' title='bbox 496 3920 571 3970; x_wconf 90' lang='lat' dir='ltr'>cum</span> <span class='ocrx_word' id='word_1_222' title='bbox 607 3899 720 3971; x_wconf 91' lang='lat' dir='ltr'>medio</span> <span class='ocrx_word' id='word_1_223' title='bbox 756 3900 867 3972; x_wconf 90' lang='lat' dir='ltr'>laneis</span> <span class='ocrx_word' id='word_1_224' title='bbox 905 3901 1052 3972; x_wconf 83' lang='lat' dir='ltr'>soluitur</span> <span class='ocrx_word' id='word_1_225' title='bbox 1087 3921 1151 3991; x_wconf 90' lang='lat' dir='ltr'>pro</span> <span class='ocrx_word' id='word_1_226' title='bbox 1180 3903 1390 3973; x_wconf 90' lang='lat' dir='ltr'>monasterio</span> <span class='ocrx_word' id='word_1_227' title='bbox 1428 3900 1573 3972; x_wconf 83' lang='lat' dir='ltr'>Sanctae</span> <span class='ocrx_word' id='word_1_228' title='bbox 1606 3899 1743 3990; x_wconf 81' lang='grc'>099919,</span> <span class='ocrx_word' id='word_1_229' title='bbox 1772 3899 1814 3970; x_wconf 90' lang='grc'>19</span> <span class='ocrx_word' id='word_1_230' title='bbox 1842 3899 1939 3990; x_wconf 80' lang='lat' dir='ltr'>agris</span> <span class='ocrx_word' id='word_1_231' title='bbox 1968 3917 2042 3970; x_wconf 81' lang='lat' dir='ltr'>uero</span> 
     </span>
     <span class='ocr_line' id='line_1_26' title="bbox 496 4019 2040 4114; baseline -0.001 -24"><span class='ocrx_word' id='word_1_232' title='bbox 496 4075 662 4091; x_wconf 92' lang='grc'><strong>.......</strong></span> <span class='ocrx_word' id='word_1_233' title='bbox 681 4021 829 4094; x_wconf 86' lang='lat' dir='ltr'>solvitur</span> <span class='ocrx_word' id='word_1_234' title='bbox 855 4027 891 4094; x_wconf 89' lang='grc'>91</span> <span class='ocrx_word' id='word_1_235' title='bbox 915 4021 1121 4098; x_wconf 84' lang='lat' dir='ltr'>conducitur</span> <span class='ocrx_word' id='word_1_236' title='bbox 1148 4044 1211 4114; x_wconf 93' lang='lat' dir='ltr'>pro</span> <span class='ocrx_word' id='word_1_237' title='bbox 1240 4024 1400 4114; x_wconf 74' lang='lat' dir='ltr'>episcopo</span> <span class='ocrx_word' id='word_1_238' title='bbox 1428 4023 1663 4113; x_wconf 82' lang='lat' dir='ltr'>Cracuvieusi,</span> <span class='ocrx_word' id='word_1_239' title='bbox 1692 4021 1788 4092; x_wconf 90' lang='grc'>99199</span> <span class='ocrx_word' id='word_1_240' title='bbox 1817 4020 1917 4093; x_wconf 86' lang='lat' dir='ltr'>valor</span> <span class='ocrx_word' id='word_1_241' title='bbox 1944 4019 2040 4091; x_wconf 87' lang='lat' dir='ltr'>aesti-</span> 
     </span>
     <span class='ocr_line' id='line_1_27' title="bbox 496 4141 761 4215; baseline 0.004 -3"><span class='ocrx_word' id='word_1_242' title='bbox 496 4141 761 4215; x_wconf 89' lang='grc'>9919991...</span> 
     </span>
    </p>

    <p class='ocr_par' dir='ltr' id='par_1_11' title="bbox 495 4245 2069 5090">
     <span class='ocr_line' id='line_1_28' title="bbox 600 4245 2041 4360; baseline 0 -27"><span class='ocrx_word' id='word_1_243' title='bbox 600 4262 931 4357; x_wconf 73' lang='grc'>0999999999,</span> <span class='ocrx_word' id='word_1_244' title='bbox 967 4264 1051 4339; x_wconf 87' lang='grc'>9119</span> <span class='ocrx_word' id='word_1_245' title='bbox 1087 4269 1152 4339; x_wconf 86' lang='lat' dir='ltr'>sub</span> <span class='ocrx_word' id='word_1_246' title='bbox 1189 4269 1355 4358; x_wconf 91' lang='lat' dir='ltr'>parochia</span> <span class='ocrx_word' id='word_1_247' title='bbox 1390 4267 1433 4338; x_wconf 86' lang='lat' dir='ltr'>de</span> <span class='ocrx_word' id='word_1_248' title='bbox 1469 4245 1810 4360; x_wconf 71' lang='grc'>(19999999119</span> <span class='ocrx_word' id='word_1_249' title='bbox 1838 4266 1926 4354; x_wconf 86' lang='grc'>9119,</span> <span class='ocrx_word' id='word_1_250' title='bbox 1955 4264 2041 4335; x_wconf 88' lang='lat' dir='ltr'>cuius</span> 
     </span>
     <span class='ocr_line' id='line_1_29' title="bbox 495 4366 2042 4480; baseline 0 -26"><span class='ocrx_word' id='word_1_251' title='bbox 495 4383 693 4457; x_wconf 88' lang='lat' dir='ltr'>haereditas</span> <span class='ocrx_word' id='word_1_252' title='bbox 720 4387 802 4461; x_wconf 91' lang='lat' dir='ltr'>olim</span> <span class='ocrx_word' id='word_1_253' title='bbox 828 4389 1027 4478; x_wconf 87' lang='lat' dir='ltr'>pertinebat</span> <span class='ocrx_word' id='word_1_254' title='bbox 1053 4389 1097 4460; x_wconf 86' lang='lat' dir='ltr'>ad</span> <span class='ocrx_word' id='word_1_255' title='bbox 1124 4389 1372 4461; x_wconf 88' lang='lat' dir='ltr'>monasterium</span> <span class='ocrx_word' id='word_1_256' title='bbox 1399 4387 1545 4463; x_wconf 81' lang='lat' dir='ltr'>Sanctae</span> <span class='ocrx_word' id='word_1_257' title='bbox 1573 4388 1701 4480; x_wconf 77' lang='lat' dir='ltr'>Crocia,</span> <span class='ocrx_word' id='word_1_258' title='bbox 1716 4366 1782 4459; x_wconf 84' lang='grc'>991</span> <span class='ocrx_word' id='word_1_259' title='bbox 1801 4408 1891 4458; x_wconf 89' lang='grc'>9999</span> <span class='ocrx_word' id='word_1_260' title='bbox 1911 4385 2042 4457; x_wconf 88' lang='lat' dir='ltr'>Domini</span> 
     </span>
     <span class='ocr_line' id='line_1_30' title="bbox 499 4489 2042 4602; baseline 0 -26"><span class='ocrx_word' id='word_1_261' title='bbox 499 4508 569 4576; x_wconf 85' lang='lat'>14.</span> <span class='ocrx_word' id='word_1_262' title='bbox 589 4561 596 4576; x_wconf 95' lang='lat'><strong>.</strong></span> <span class='ocrx_word' id='word_1_263' title='bbox 615 4506 795 4579; x_wconf 83' lang='grc' dir='ltr'>,Μ9119199</span> <span class='ocrx_word' id='word_1_264' title='bbox 822 4509 930 4581; x_wconf 90' lang='lat' dir='ltr'>abhas</span> <span class='ocrx_word' id='word_1_265' title='bbox 957 4515 993 4582; x_wconf 91' lang='grc'>91</span> <span class='ocrx_word' id='word_1_266' title='bbox 1020 4517 1219 4602; x_wconf 75' lang='lat' dir='ltr'>conventus,</span> <span class='ocrx_word' id='word_1_267' title='bbox 1247 4511 1403 4583; x_wconf 85' lang='lat' dir='ltr'>vendidit</span> <span class='ocrx_word' id='word_1_268' title='bbox 1430 4511 1534 4601; x_wconf 89' lang='lat' dir='ltr'>illam,</span> <span class='ocrx_word' id='word_1_269' title='bbox 1561 4515 1726 4602; x_wconf 85' lang='lat' dir='ltr'>tanquam</span> <span class='ocrx_word' id='word_1_270' title='bbox 1753 4489 1875 4600; x_wconf 75' lang='lat' dir='ltr'>parum</span> <span class='ocrx_word' id='word_1_271' title='bbox 1896 4527 2042 4582; x_wconf 89' lang='grc'>999999-</span> 
     </span>
     <span class='ocr_line' id='line_1_31' title="bbox 497 4627 2069 4722; baseline 0 -25"><span class='ocrx_word' id='word_1_272' title='bbox 497 4627 585 4718; x_wconf 83' lang='grc'>199,</span> <span class='ocrx_word' id='word_1_273' title='bbox 612 4629 750 4700; x_wconf 89' lang='grc'>9999191</span> <span class='ocrx_word' id='word_1_274' title='bbox 776 4650 840 4721; x_wconf 91' lang='lat' dir='ltr'>pro</span> <span class='ocrx_word' id='word_1_275' title='bbox 868 4636 1005 4703; x_wconf 87' lang='lat' dir='ltr'>eentum</span> <span class='ocrx_word' id='word_1_276' title='bbox 1032 4634 1158 4703; x_wconf 90' lang='lat' dir='ltr'>marcis</span> <span class='ocrx_word' id='word_1_277' title='bbox 1186 4632 1330 4705; x_wconf 85' lang='lat' dir='ltr'>Nicolao</span> <span class='ocrx_word' id='word_1_278' title='bbox 1349 4639 1385 4704; x_wconf 90' lang='grc'>91</span> <span class='ocrx_word' id='word_1_279' title='bbox 1403 4632 1554 4706; x_wconf 75' lang='lat' dir='ltr'>iohanni</span> <span class='ocrx_word' id='word_1_280' title='bbox 1575 4633 1617 4704; x_wconf 92' lang='lat' dir='ltr'>de</span> <span class='ocrx_word' id='word_1_281' title='bbox 1636 4631 2040 4722; x_wconf 78' lang='lat' dir='ltr'>Szestrnewython·</span> <span class='ocrx_word' id='word_1_282' title='bbox 2067 4708 2069 4712; x_wconf 44' lang='grc'><strong>,</strong></span> 
     </span>
     <span class='ocr_line' id='line_1_32' title="bbox 498 4742 2040 4850; baseline 0 -30"><span class='ocrx_word' id='word_1_283' title='bbox 498 4749 669 4822; x_wconf 88' lang='lat' dir='ltr'>dedomo</span> <span class='ocrx_word' id='word_1_284' title='bbox 697 4750 999 4850; x_wconf 81' lang='lat' dir='ltr'>Accipitrnru.</span> <span class='ocrx_word' id='word_1_285' title='bbox 1039 4753 1080 4824; x_wconf 92' lang='lat' dir='ltr'>In</span> <span class='ocrx_word' id='word_1_286' title='bbox 1108 4775 1175 4845; x_wconf 87' lang='lat' dir='ltr'>qua</span> <span class='ocrx_word' id='word_1_287' title='bbox 1202 4761 1284 4826; x_wconf 88' lang='lat' dir='ltr'>sunt</span> <span class='ocrx_word' id='word_1_288' title='bbox 1311 4755 1426 4827; x_wconf 91' lang='lat' dir='ltr'>decem</span> <span class='ocrx_word' id='word_1_289' title='bbox 1455 4755 1546 4826; x_wconf 90' lang='lat' dir='ltr'>lanei</span> <span class='ocrx_word' id='word_1_290' title='bbox 1575 4742 1827 4844; x_wconf 82' lang='grc'>9991999199,</span> <span class='ocrx_word' id='word_1_291' title='bbox 1855 4754 1898 4824; x_wconf 90' lang='grc'>19</span> <span class='ocrx_word' id='word_1_292' title='bbox 1927 4751 2040 4844; x_wconf 85' lang='lat' dir='ltr'>quihus</span> 
     </span>
     <span class='ocr_line' id='line_1_33' title="bbox 495 4871 2041 4969; baseline -0.001 -27"><span class='ocrx_word' id='word_1_293' title='bbox 495 4871 643 4945; x_wconf 88' lang='lat' dir='ltr'>solvitur</span> <span class='ocrx_word' id='word_1_294' title='bbox 670 4879 706 4944; x_wconf 91' lang='grc'>91</span> <span class='ocrx_word' id='word_1_295' title='bbox 733 4873 937 4946; x_wconf 88' lang='lat' dir='ltr'>conducitur</span> <span class='ocrx_word' id='word_1_296' title='bbox 964 4873 1096 4946; x_wconf 85' lang='lat' dir='ltr'>decima</span> <span class='ocrx_word' id='word_1_297' title='bbox 1119 4877 1347 4966; x_wconf 85' lang='lat' dir='ltr'>&#39;manipularis</span> <span class='ocrx_word' id='word_1_298' title='bbox 1372 4885 1408 4949; x_wconf 90' lang='lat' dir='ltr'>et</span> <span class='ocrx_word' id='word_1_299' title='bbox 1427 4877 1602 4969; x_wconf 86' lang='lat' dir='ltr'>canapalis</span> <span class='ocrx_word' id='word_1_300' title='bbox 1621 4899 1684 4969; x_wconf 94' lang='lat' dir='ltr'>pro</span> <span class='ocrx_word' id='word_1_301' title='bbox 1703 4875 1914 4949; x_wconf 85' lang='lat' dir='ltr'>monasterio</span> <span class='ocrx_word' id='word_1_302' title='bbox 1934 4873 2041 4945; x_wconf 78' lang='lat' dir='ltr'>Calui</span> 
     </span>
     <span class='ocr_line' id='line_1_34' title="bbox 496 4991 1627 5090; baseline 0.004 -27"><span class='ocrx_word' id='word_1_303' title='bbox 496 4991 682 5084; x_wconf 80' lang='lat' dir='ltr'>Montio,</span> <span class='ocrx_word' id='word_1_304' title='bbox 711 5001 747 5066; x_wconf 90' lang='grc'>91</span> <span class='ocrx_word' id='word_1_305' title='bbox 773 4995 873 5067; x_wconf 85' lang='grc'>99199</span> <span class='ocrx_word' id='word_1_306' title='bbox 899 4997 974 5067; x_wconf 90' lang='grc'>9199</span> <span class='ocrx_word' id='word_1_307' title='bbox 1001 4997 1206 5069; x_wconf 89' lang='lat' dir='ltr'>aestimatur</span> <span class='ocrx_word' id='word_1_308' title='bbox 1233 4999 1277 5070; x_wconf 91' lang='lat' dir='ltr'>ad</span> <span class='ocrx_word' id='word_1_309' title='bbox 1306 5000 1627 5090; x_wconf 81' lang='lat' dir='ltr'>quinquemareas.</span> 
     </span>
    </p>

    <p class='ocr_par' dir='ltr' id='par_1_12' title="bbox 600 5112 1997 5213">
     <span class='ocr_line' id='line_1_35' title="bbox 600 5112 1997 5213; baseline -0.001 -25"><span class='ocrx_word' id='word_1_310' title='bbox 600 5112 706 5207; x_wconf 73' lang='lat' dir='ltr'>Vror,</span> <span class='ocrx_word' id='word_1_311' title='bbox 733 5116 816 5187; x_wconf 86' lang='lat' dir='ltr'>villa</span> <span class='ocrx_word' id='word_1_312' title='bbox 842 5117 906 5188; x_wconf 90' lang='lat' dir='ltr'>suh</span> <span class='ocrx_word' id='word_1_313' title='bbox 933 5119 1100 5208; x_wconf 85' lang='lat' dir='ltr'>parochia</span> <span class='ocrx_word' id='word_1_314' title='bbox 1126 5119 1170 5190; x_wconf 92' lang='lat' dir='ltr'>de</span> <span class='ocrx_word' id='word_1_315' title='bbox 1198 5117 1544 5213; x_wconf 81' lang='lat' dir='ltr'>Ozemyernyky</span> <span class='ocrx_word' id='word_1_316' title='bbox 1572 5121 1652 5211; x_wconf 85' lang='lat' dir='ltr'>sita,</span> <span class='ocrx_word' id='word_1_317' title='bbox 1678 5120 1774 5192; x_wconf 88' lang='lat' dir='ltr'>cuius</span> <span class='ocrx_word' id='word_1_318' title='bbox 1793 5119 1919 5191; x_wconf 88' lang='lat' dir='ltr'>haeres</span> <span class='ocrx_word' id='word_1_319' title='bbox 1939 5173 1946 5187; x_wconf 94' lang='lat'>.</span> <span class='ocrx_word' id='word_1_320' title='bbox 1966 5171 1997 5186; x_wconf 93' lang='lat'>..</span> 
     </span>
    </p>

    <p class='ocr_par' dir='ltr' id='par_1_13' title="bbox 601 5220 1988 5334">
     <span class='ocr_line' id='line_1_36' title="bbox 601 5220 1988 5334; baseline -0.001 -22"><span class='ocrx_word' id='word_1_321' title='bbox 601 5235 802 5312; x_wconf 79' lang='lat' dir='ltr'>Sruocznn</span> <span class='ocrx_word' id='word_1_322' title='bbox 829 5236 973 5331; x_wconf 79' lang='grc'>199999,</span> <span class='ocrx_word' id='word_1_323' title='bbox 1000 5241 1083 5311; x_wconf 87' lang='lat' dir='ltr'>villa</span> <span class='ocrx_word' id='word_1_324' title='bbox 1109 5243 1174 5313; x_wconf 90' lang='lat' dir='ltr'>sub</span> <span class='ocrx_word' id='word_1_325' title='bbox 1201 5242 1368 5332; x_wconf 88' lang='lat' dir='ltr'>parochia</span> <span class='ocrx_word' id='word_1_326' title='bbox 1395 5242 1437 5314; x_wconf 93' lang='lat' dir='ltr'>de</span> <span class='ocrx_word' id='word_1_327' title='bbox 1466 5220 1812 5334; x_wconf 75' lang='lat' dir='ltr'>Ozemyernyky</span> <span class='ocrx_word' id='word_1_328' title='bbox 1839 5232 1988 5312; x_wconf 83' lang='lat' dir='ltr'>sita...</span> 
     </span>
    </p>

    <p class='ocr_par' dir='ltr' id='par_1_14' title="bbox 599 5357 1774 5456">
     <span class='ocr_line' id='line_1_37' title="bbox 599 5357 1774 5456; baseline 0.003 -25"><span class='ocrx_word' id='word_1_329' title='bbox 599 5357 852 5452; x_wconf 78' lang='lat' dir='ltr'>Buncznrrozn²</span> <span class='ocrx_word' id='word_1_330' title='bbox 879 5361 963 5433; x_wconf 84' lang='lat' dir='ltr'>villa</span> <span class='ocrx_word' id='word_1_331' title='bbox 989 5363 1053 5434; x_wconf 92' lang='lat' dir='ltr'>suh</span> <span class='ocrx_word' id='word_1_332' title='bbox 1080 5364 1247 5454; x_wconf 91' lang='lat' dir='ltr'>parochia</span> <span class='ocrx_word' id='word_1_333' title='bbox 1274 5363 1316 5435; x_wconf 91' lang='lat' dir='ltr'>de</span> <span class='ocrx_word' id='word_1_334' title='bbox 1344 5363 1720 5456; x_wconf 79' lang='grc'>09999999919.</span> <span class='ocrx_word' id='word_1_335' title='bbox 1741 5419 1774 5434; x_wconf 94' lang='grc'>..</span> 
     </span>
    </p>

    <p class='ocr_par' dir='ltr' id='par_1_15' title="bbox 601 5478 1782 5578">
     <span class='ocr_line' id='line_1_38' title="bbox 601 5478 1782 5578; baseline 0.002 -23"><span class='ocrx_word' id='word_1_336' title='bbox 601 5478 748 5573; x_wconf 73' lang='lat' dir='ltr'>Gom,</span> <span class='ocrx_word' id='word_1_337' title='bbox 774 5483 858 5554; x_wconf 86' lang='lat' dir='ltr'>villa</span> <span class='ocrx_word' id='word_1_338' title='bbox 885 5483 949 5555; x_wconf 89' lang='lat' dir='ltr'>suh</span> <span class='ocrx_word' id='word_1_339' title='bbox 975 5485 1142 5575; x_wconf 87' lang='lat' dir='ltr'>parochia</span> <span class='ocrx_word' id='word_1_340' title='bbox 1169 5485 1215 5556; x_wconf 76' lang='lat' dir='ltr'>de&#39;</span> <span class='ocrx_word' id='word_1_341' title='bbox 1239 5483 1586 5578; x_wconf 79' lang='lat' dir='ltr'>(lzemyernylry</span> <span class='ocrx_word' id='word_1_342' title='bbox 1607 5542 1613 5555; x_wconf 93' lang='lat'>.</span> <span class='ocrx_word' id='word_1_343' title='bbox 1638 5541 1671 5557; x_wconf 92' lang='lat'>..</span> <span class='ocrx_word' id='word_1_344' title='bbox 1776 5502 1782 5515; x_wconf 88' lang='lat'><strong>·</strong></span> 
     </span>
    </p>

    <p class='ocr_par' dir='ltr' id='par_1_16' title="bbox 602 5599 1925 5713">
     <span class='ocr_line' id='line_1_39' title="bbox 602 5599 1925 5713; baseline 0.002 -39"><span class='ocrx_word' id='word_1_345' title='bbox 602 5599 730 5675; x_wconf 75' lang='lat' dir='ltr'>Suana</span> <span class='ocrx_word' id='word_1_346' title='bbox 755 5603 912 5713; x_wconf 74' lang='lat' dir='ltr'>Wourn,</span> <span class='ocrx_word' id='word_1_347' title='bbox 939 5605 1022 5677; x_wconf 85' lang='lat' dir='ltr'>villa</span> <span class='ocrx_word' id='word_1_348' title='bbox 1048 5608 1112 5679; x_wconf 92' lang='lat' dir='ltr'>sub</span> <span class='ocrx_word' id='word_1_349' title='bbox 1140 5607 1306 5699; x_wconf 83' lang='lat' dir='ltr'>parochia</span> <span class='ocrx_word' id='word_1_350' title='bbox 1332 5607 1375 5684; x_wconf 86' lang='grc'>(19</span> <span class='ocrx_word' id='word_1_351' title='bbox 1403 5607 1652 5701; x_wconf 82' lang='lat' dir='ltr'>Caemyern</span> <span class='ocrx_word' id='word_1_352' title='bbox 1662 5607 1716 5699; x_wconf 87' lang='grc'>91(</span> <span class='ocrx_word' id='word_1_353' title='bbox 1726 5628 1749 5700; x_wconf 91' lang='grc'>9</span> <span class='ocrx_word' id='word_1_354' title='bbox 1776 5605 1925 5678; x_wconf 87' lang='grc'>9119...</span> 
     </span>
    </p>

    <p class='ocr_par' dir='ltr' id='par_1_17' title="bbox 603 5719 1592 5823">
     <span class='ocr_line' id='line_1_40' title="bbox 603 5719 1592 5823; baseline 0.005 -27"><span class='ocrx_word' id='word_1_355' title='bbox 603 5719 765 5817; x_wconf 75' lang='lat' dir='ltr'>Ouum,</span> <span class='ocrx_word' id='word_1_356' title='bbox 791 5726 875 5798; x_wconf 84' lang='lat' dir='ltr'>nilla</span> <span class='ocrx_word' id='word_1_357' title='bbox 900 5729 1067 5818; x_wconf 88' lang='lat' dir='ltr'>parochia</span> <span class='ocrx_word' id='word_1_358' title='bbox 1093 5727 1136 5800; x_wconf 90' lang='lat' dir='ltr'>de</span> <span class='ocrx_word' id='word_1_359' title='bbox 1164 5728 1592 5823; x_wconf 78' lang='lat' dir='ltr'>Ozemyeruylry...</span> 
     </span>
    </p>
   </div>
   <div class='ocr_carea' id='block_1_6' title="bbox 0 0 2284 6596">
    <p class='ocr_par' dir='ltr' id='par_1_18' title="bbox 0 0 2284 6596">
     <span class='ocr_line' id='line_1_41' title="bbox 0 0 2284 6596; baseline 0 0"><span class='ocrx_word' id='word_1_360' title='bbox 0 0 2284 6596; x_wconf 95' lang='lat' dir='ltr'> </span> 
     </span>
    </p>
   </div>
  </div>
 </body>
</html>
