4550 6600
525 790 597 865 302
661 788 663 793 ’

418 984 421 993 ⁴
523 1000 670 1071 solvitur
706 998 840 1071 decima
873 999 1100 1090 manipularis
1128 997 1558 1088 9199999911999199999
1586 996 1827 1087 cracoviensi,
1854 997 2078 1069 9919999199

521 1122 726 1193 aestimatur
752 1122 795 1192 ad
824 1177 830 1191 .
860 1177 866 1191 .
894 1178 901 1191 .
930 1178 954 1211 .,
982 1123 1064 1191 item
1091 1126 1146 1191 est
1172 1121 1221 1191 ibi
1247 1140 1353 1191 unum
1381 1118 1561 1209 praedium
1587 1120 1756 1207 militare,
1784 1120 1827 1191 (19
1854 1120 1956 1191 99199
1981 1121 2077 1209 agria

520 1243 667 1314 solvitur
694 1242 827 1315 decima
861 1243 1087 1333 manipularis
1124 1242 1289 1313 ecclesiae
1318 1247 1362 1331 et
1388 1242 1535 1331 plebano
1562 1242 1598 1312 in
1626 1242 1952 1331 Przyschowa,
1980 1242 2077 1312 cuius

522 1365 619 1437 valor
647 1366 852 1437 aestimatur
880 1366 923 1436 ad
951 1370 1099 1456 quatuor
1126 1385 1271 1435 marcas

626 1486 857 1578 Gaesarem,
884 1488 968 1558 villa
995 1487 1058 1558 sub
1085 1486 1252 1576 parochia
1277 1485 1321 1556 de
1348 1483 1648 1575 Pothgrod-ze
1675 1486 1753 1575 sita,
1782 1486 1881 1555 cuins
1908 1484 2079 1555 haeredes

523 1608 793 1700 Gabansczy
821 1610 864 1681 (19
891 1609 992 1679 domo
1019 1608 1209 1699 Janyna.
1236 1608 1276 1678 In
1303 1628 1373 1699 qna
1399 1607 1600 1679 999119991
1627 1607 1870 1697 cmethoneles,
1889 1606 1935 1677 de
1955 1608 2079 1696 quibus

521 1706 669 1803 solvitur
695 1731 845 1820 deeima3
873 1731 955 1801 item
983 1736 1038 1801 991
1064 1730 1113 1800 111
1140 1752 1243 1801 unum
1271 1729 1451 1819 praedium
1479 1729 1640 1819 militare,
1666 1728 1710 1800 de
1737 1730 1835 1801 cuius
1861 1728 1962 1819 agris
1988 1729 2079 1799 daei·

522 1858 638 1923 matur
665 1853 811 1943 plebano
840 1853 874 1923 in
903 1852 1217 1943 Prnyschowa,
1244 1856 1280 1923 et
1306 1852 1404 1923 valor
1431 1852 1505 1922 eius
1532 1851 1577 1922 ad
1603 1857 1678 1923 tres
1703 1872 1840 1921 marcas
1862 1851 2081 1923 aestimatur.

1163 1973 1438 2045 Kuusennown.

496 2129 498 2137 r
626 2096 721 2167 Villa
747 2096 879 2167 habens
906 2096 1137 2186 parochialem
1165 2096 1346 2166 ecclesiam
1365 2097 1402 2166 in
1419 2116 1457 2166 99
1475 2095 1637 2185 ligneam,
1656 2094 1805 2166 Sanctae
1823 2094 1965 2165 Mariae
1983 2092 2082 2167 Nati·

522 2220 624 2291 vitati
651 2219 811 2307 dicatam,
839 2220 936 2290 cuius
963 2219 1160 2307 proprietas
1186 2218 1233 2289 ad
1256 2217 1451 2289 Johanuem
1487 2217 1769 2307 1199999991(
1794 2215 2084 2287 1199991199-

524 2340 606 2431 shy
634 2339 677 2409 de
703 2340 808 2411 armis
835 2338 1146 2411 Odrowansch
1171 2340 1332 2429 99911991.
1370 2339 1410 2408 19
1438 2360 1507 2429 qna
1535 2345 1617 2410 9991
1643 2338 1736 2409 19991
1762 2338 2014 2426 emethonales,
2039 2338 2082 2408 de

524 2462 648 2550 quibus
684 2460 818 2531 decima
853 2460 1078 2551 manipularis
1115 2468 1152 2532 91
1178 2462 1355 2551 999999119
1383 2461 1532 2532 99191199
1557 2466 1594 2531 91
1621 2460 1827 2532 conducitur
1854 2482 1920 2549 pro
1949 2460 2081 2549 episeo-

523 2588 608 2673 patu
635 2581 875 2673 Gracoviensi3
903 2586 985 2654 item
1013 2590 1068 2654 991
1095 2584 1145 2654 111
1172 2606 1277 2654 unum
1305 2582 1485 2672 praedium
1513 2582 1676 2671 militare,
1687 2582 1738 2653 de
1756 2583 1855 2653 cuius
1874 2584 1974 2672 agris
1992 2582 2081 2653 deci-

524 2710 640 2775 matur
666 2725 730 2795 pro
759 2706 903 2777 eeclesia
930 2711 964 2776 et
991 2706 1064 2776 eius
1092 2706 1240 2795 plebano
1268 2706 1302 2774 in
1330 2703 1656 2793 Kruschlowa,
1683 2710 1720 2774 et
1746 2685 1845 2775 valor
1871 2705 1951 2775 eius
1979 2704 2082 2775 aesti-

525 2832 641 2897 matur
666 2826 745 2898 ad.
774 2884 781 2898 .
809 2883 815 2897 .
1039 2818 1044 2829 ’

628 2948 755 3019 Srnan
783 2968 916 3038 urusz,
947 2948 1028 3019 villa
1055 2950 1119 3021 sub
1147 2950 1314 3039 parochia
1340 2949 1384 3019 de
1406 2948 1713 3020 Krusehlowa
1741 2948 1939 3038 911999199
1958 2949 2080 3019 haeres

526 3070 617 3141 idem
644 3069 673 3140 P
682 3071 917 3161 yenyazek
945 3077 980 3141 91
1006 3068 1197 3159 Procopius
1225 3126 1232 3140 .
1260 3127 1267 3140 .
1295 3127 1302 3141 .
1331 3126 1338 3139 .
1373 3071 1413 3141 ln
1441 3092 1511 3171 qua
1537 3079 1618 3142 sunt
1643 3071 1744 3142 lanei·
1764 3070 2014 3160 emethonales‚
2039 3071 2080 3141 de

526 3192 651 3280 quibus
687 3191 820 3261 decima
855 3191 1002 3262 solvitur
1038 3213 1101 3281 pro
1129 3194 1290 3283 episcopo
1317 3192 1556 3283 Graecanicum,
1583 3200 1621 3264 et
1646 3192 1745 3265 valor
1772 3193 1847 3263 eius
1874 3194 2083 3264 aestimatur

527 3313 570 3384 ad
600 3368 606 3383 .
635 3369 642 3382 .
671 3313 883 3384 ,11991999
912 3320 966 3384 991
992 3315 1041 3385 111
1069 3315 1210 3404 aliquod
1236 3316 1426 3406 praedium.
1508 3286 1513 3304 ¹

1203 3436 1414 3508 Goaznnun.

630 3555 725 3628 Villa
759 3557 890 3629 babens
927 3559 961 3630 in
998 3579 1035 3630 se
1071 3557 1306 3648 parochialem
1341 3559 1522 3631 eeclesiam
1560 3559 1730 3649 ligneam,
1756 3558 1894 3630 Sanctis
1922 3560 2081 3632 undecim

527 3677 636 3748 millia
662 3677 867 3768 Virginibus
895 3678 1056 3770 dicatam,
1082 3679 1180 3752 cuius
1206 3682 1331 3760 haeres
1359 3681 1517 3754 Clemens
1535 3682 1579 3753 dc
1596 3682 1703 3753 armis
1729 3680 2016 3771 Streparnnr.
2042 3682 2081 3752 In

527 3821 596 3890 qua
622 3805 702 3870 sunt
729 3801 819 3872 lanei
848 3803 1090 3895 emethonaleS,
1117 3803 1160 3874 de
1187 3804 1311 3895 quibus
1339 3805 1486 3876 solvitur
1513 3805 1647 3910 decima
1672 3823 1736 3894 pro
1763 3805 1927 3894 episcopo
1955 3804 2079 3875 (1999·

527 3921 659 4012 919991;
686 3921 767 3993 itenr
796 3929 850 3994 est
877 3925 925 3996 ibi
952 3945 1058 3995 unum
1085 3926 1266 4015 praedium
1292 3926 1454 4017 militare,
1479 3926 1523 3998 de
1548 3927 1647 3998 euius
1673 3926 1768 4015 agris
1794 3926 1992 3997 decimator
2017 3946 2079 4016 pro

527 4043 673 4114 ecelesia
708 4049 744 4115 91
778 4044 926 4134 plebano
962 4047 1036 4117 eius
1064 4047 1099 4118 19
1128 4046 1385 4139 (19999999,
1412 4054 1449 4119 91
1476 4049 1574 4120 99199
1600 4047 1644 4120 ad
1672 4102 1679 4117 .
1707 4101 1714 4116 .
1742 4101 1750 4116 .
1778 4103 1785 4115 .
1813 4068 1950 4119 marcas
1978 4047 2080 4119 aesti-

528 4169 654 4235 matur.

632 4285 855 4378 Nrnezwrn,
882 4288 966 4359 villa
993 4289 1057 4360 sub
1084 4291 1252 4380 parochia
1270 4291 1313 4363 de
1331 4291 1572 4362 Gorzenna
1597 4292 1676 4382 sita,
1694 4291 1792 4364 cuius
1808 4293 1934 4372 haeres
1951 4290 2081 4364 Johan·

526 4427 589 4480 nes
615 4408 658 4480 de
684 4409 790 4480 armis
816 4408 1095 4502 Streparnm.
1122 4413 1163 4484 In
1191 4435 1259 4504 qna
1285 4435 1374 4485 9999
1400 4414 1520 4484 laneus
1546 4413 1791 4503 9991199919,
1820 4415 1902 4484 ilem
1930 4419 2079 4503 quatuor

473 4627 480 4640 ,
527 4531 756 4622 hortulaniae,
783 4531 951 4604 babentes
979 4553 1092 4624 agros,
1120 4534 1163 4606 de
1191 4537 1315 4626 quibus
1343 4536 1502 4608 omnibus
1519 4535 1667 4606 solvitur
1684 4535 1819 4606 (1991999
1836 4556 1901 4624 999
1919 4537 2080 4626 episeopo

528 4651 769 4743 cracoviensi3
804 4654 886 4726 item
923 4660 977 4726 est
1012 4655 1061 4726 ibi
1097 4656 1277 4746 praedium
1313 4677 1438 4747 unum,
1465 4657 1509 4728 (19
1544 4658 1642 4728 99199
1678 4658 1772 4748 agris
1799 4650 1993 4729 decimatur
2019 4678 2079 4747 pro

528 4773 676 4864 plebano
704 4775 739 4846 in
767 4774 1011 4868 Gorzenna,
1039 4778 1135 4849 cuius
1163 4779 1262 4850 valor
1289 4779 1333 4850 ad
1361 4834 1368 4849 .
1396 4835 1404 4850 .
1432 4834 1439 4848 .
1466 4800 1603 4850 mareas
1629 4780 1843 4879 aestimatur.
1881 4804 1897 4822 =

633 4895 940 4990 Turuuseuown,
968 4900 1052 4973 villa
1087 4902 1152 4973 sub
1188 4901 1353 4990 parocbia
1379 4901 1422 4971 de
1449 4899 1693 4972 Gorzenna
1718 4901 1805 4991 sita,
1832 4900 1933 4971 99199
1959 4901 2081 4972 haeres

528 5014 686 5091 Clemens
713 5018 986 5114 Gorzenaky
1022 5023 1065 5094 de
1092 5023 1199 5094 armis
1226 5023 1506 5112 Streparum.
1541 5023 1580 5093 In
1609 5044 1678 5112 qua
1704 5028 1786 5094 9991
1802 4997 1903 5092 ἱ19991
1931 5024 2081 5095 cmetbo

528 5142 634 5234 99199,
662 5141 705 5214 (19
732 5144 858 5234 quibus
885 5137 1072 5214 decima...
1091 5166 1155 5235 999
1173 5145 1353 5235 episcopm
1379 5145 1461 5215 item
1481 5151 1563 5216 sunt
1580 5145 1629 5216 ibi
1647 5145 1824 5234 19199999,
1851 5145 1937 5215 item
1964 5146 2082 5216 hortu·

528 5263 640 5335 laniae
666 5265 836 5336 habentes
862 5285 975 5356 99999,
1002 5265 1045 5337 (19
1073 5266 1197 5356 quibus
1223 5267 1328 5338 etiam
1356 5266 1491 5338 decima
1507 5258 1690 5356 episcopo;
1715 5267 1800 5336 item
1827 5273 1883 5336 991
1909 5267 1960 5338 111
1978 5287 2080 5341 unam

527 5385 727 5478 praedium,
755 5386 797 5458 de
829 5388 925 5458 euius
962 5389 1056 5478 agris
1083 5389 1276 5460 decimatur
1302 5389 1451 5478 plebano
1479 5410 1559 5477 999,
1587 5395 1623 5458 91
1650 5387 1749 5459 99199
1775 5388 1850 5458 9199
1876 5389 2081 5459 aestimatur

530 5507 608 5576 ad.
638 5563 644 5578 .
673 5563 680 5578 .

633 5599 824 5721 Lrozaun,
850 5632 934 5702 villa
960 5633 1025 5704 sub
1052 5633 1218 5722 parochia
1244 5633 1287 5703 (19
1314 5630 1551 5704 Gorzenna
1567 5631 1663 5723 sita,
1690 5632 1790 5703 cuins
1814 5634 2015 5722 proprietas
2041 5630 2081 5703 ad

530 5747 674 5821 Petrum
708 5751 990 5843 Zawaezsky
1026 5753 1070 5825 de
1105 5753 1212 5824 annis
1246 5752 1558 5844 Antiquorum
1584 5753 1817 5846 Equorum
1844 5755 2011 5844 pertinet.
2043 5753 2081 5825 In
