<?xml version="1.0" encoding="UTF-8"?>
<!DOCTYPE html PUBLIC "-//W3C//DTD XHTML 1.0 Transitional//EN"
    "http://www.w3.org/TR/xhtml1/DTD/xhtml1-transitional.dtd">
<html xmlns="http://www.w3.org/1999/xhtml" xml:lang="en" lang="en">
 <head>
  <title>
</title>
<meta http-equiv="Content-Type" content="text/html;charset=utf-8" />
  <meta name='ocr-system' content='tesseract 3.04.00' />
  <meta name='ocr-capabilities' content='ocr_page ocr_carea ocr_par ocr_line ocrx_word'/>
</head>
<body>
  <div class='ocr_page' id='page_1' title='image "./operaomnia03paulgoog_0382.png"; bbox 0 0 4550 6600; ppageno 0'>
   <div class='ocr_carea' id='block_1_1' title="bbox 1708 774 1865 891">
    <p class='ocr_par' dir='ltr' id='par_1_1' title="bbox 1708 774 1865 891">
     <span class='ocr_line' id='line_1_1' title="bbox 1708 774 1865 891; baseline 0.064 -45"><span class='ocrx_word' id='word_1_1' title='bbox 1708 774 1782 891; x_wconf 68' lang='lat'>337</span> <span class='ocrx_word' id='word_1_2' title='bbox 1863 847 1865 856; x_wconf 93' lang='lat'><em>.</em></span> 
     </span>
    </p>
   </div>
   <div class='ocr_carea' id='block_1_2' title="bbox 129 972 1847 1560">
    <p class='ocr_par' dir='ltr' id='par_1_2' title="bbox 129 972 1847 1560">
     <span class='ocr_line' id='line_1_2' title="bbox 229 972 1781 1066; baseline 0.006 -19"><span class='ocrx_word' id='word_1_3' title='bbox 229 973 320 1047; x_wconf 88' lang='lat' dir='ltr'>ltem</span> <span class='ocrx_word' id='word_1_4' title='bbox 346 972 454 1059; x_wconf 89' lang='lat' dir='ltr'>habet</span> <span class='ocrx_word' id='word_1_5' title='bbox 482 972 661 1065; x_wconf 91' lang='lat' dir='ltr'>proprium</span> <span class='ocrx_word' id='word_1_6' title='bbox 689 976 827 1064; x_wconf 91' lang='lat' dir='ltr'>pratum</span> <span class='ocrx_word' id='word_1_7' title='bbox 853 973 1018 1066; x_wconf 91' lang='lat' dir='ltr'>liberum,</span> <span class='ocrx_word' id='word_1_8' title='bbox 1044 975 1143 1049; x_wconf 87' lang='lat' dir='ltr'>iuxta</span> <span class='ocrx_word' id='word_1_9' title='bbox 1167 975 1297 1049; x_wconf 85' lang='lat' dir='ltr'>limites</span> <span class='ocrx_word' id='word_1_10' title='bbox 1323 978 1426 1051; x_wconf 92' lang='lat' dir='ltr'>villae</span> <span class='ocrx_word' id='word_1_11' title='bbox 1452 978 1655 1055; x_wconf 85' lang='lat' dir='ltr'>Zdanow.</span> <span class='ocrx_word' id='word_1_12' title='bbox 1691 982 1781 1057; x_wconf 89' lang='lat' dir='ltr'>Item</span> 
     </span>
     <span class='ocr_line' id='line_1_3' title="bbox 225 1096 1783 1195; baseline 0.005 -25"><span class='ocrx_word' id='word_1_13' title='bbox 225 1097 333 1173; x_wconf 88' lang='lat' dir='ltr'>habet</span> <span class='ocrx_word' id='word_1_14' title='bbox 367 1098 506 1171; x_wconf 89' lang='lat' dir='ltr'>hortum</span> <span class='ocrx_word' id='word_1_15' title='bbox 543 1096 723 1188; x_wconf 89' lang='lat' dir='ltr'>proprium</span> <span class='ocrx_word' id='word_1_16' title='bbox 759 1096 924 1187; x_wconf 89' lang='lat' dir='ltr'>liberum,</span> <span class='ocrx_word' id='word_1_17' title='bbox 952 1097 1049 1169; x_wconf 81' lang='lat' dir='ltr'>iuxta</span> <span class='ocrx_word' id='word_1_18' title='bbox 1081 1096 1195 1171; x_wconf 91' lang='lat' dir='ltr'>dotem</span> <span class='ocrx_word' id='word_1_19' title='bbox 1222 1099 1448 1190; x_wconf 88' lang='lat' dir='ltr'>plebanalem.</span> <span class='ocrx_word' id='word_1_20' title='bbox 1488 1102 1577 1175; x_wconf 90' lang='lat' dir='ltr'>Item</span> <span class='ocrx_word' id='word_1_21' title='bbox 1604 1105 1783 1195; x_wconf 55' lang='lat' dir='ltr'>pausatae</span> 
     </span>
     <span class='ocr_line' id='line_1_4' title="bbox 225 1217 1782 1313; baseline 0.006 -23"><span class='ocrx_word' id='word_1_22' title='bbox 225 1218 392 1291; x_wconf 86' lang='lat' dir='ltr'>ecclesiae</span> <span class='ocrx_word' id='word_1_23' title='bbox 418 1219 455 1291; x_wconf 92' lang='lat' dir='ltr'>iu</span> <span class='ocrx_word' id='word_1_24' title='bbox 482 1217 758 1310; x_wconf 80' lang='lat' dir='ltr'>Olyczanovv</span> <span class='ocrx_word' id='word_1_25' title='bbox 794 1218 916 1291; x_wconf 89' lang='lat' dir='ltr'>unicus</span> <span class='ocrx_word' id='word_1_26' title='bbox 943 1218 1089 1293; x_wconf 90' lang='lat' dir='ltr'>collator</span> <span class='ocrx_word' id='word_1_27' title='bbox 1115 1224 1170 1293; x_wconf 92' lang='lat' dir='ltr'>est</span> <span class='ocrx_word' id='word_1_28' title='bbox 1194 1221 1415 1313; x_wconf 87' lang='lat' dir='ltr'>praepositus</span> <span class='ocrx_word' id='word_1_29' title='bbox 1441 1228 1478 1295; x_wconf 91' lang='lat' dir='ltr'>et</span> <span class='ocrx_word' id='word_1_30' title='bbox 1503 1219 1782 1300; x_wconf 71' lang='lat' dir='ltr'><strong>sanctimoniales</strong></span> 
     </span>
     <span class='ocr_line' id='line_1_5' title="bbox 129 1316 1115 1413; baseline 0.007 -3"><span class='ocrx_word' id='word_1_31' title='bbox 129 1316 132 1323; x_wconf 39' lang='lat'>¹</span> <span class='ocrx_word' id='word_1_32' title='bbox 227 1340 266 1411; x_wconf 94' lang='lat' dir='ltr'>in</span> <span class='ocrx_word' id='word_1_33' title='bbox 291 1340 486 1413; x_wconf 89' lang='lat' dir='ltr'>Buszko.</span> <span class='ocrx_word' id='word_1_34' title='bbox 1112 1326 1115 1332; x_wconf 37' lang='lat'><strong>⁴</strong></span> 
     </span>
     <span class='ocr_line' id='line_1_6' title="bbox 322 1457 1847 1560; baseline 0.007 -27"><span class='ocrx_word' id='word_1_35' title='bbox 322 1460 418 1535; x_wconf 86' lang='lat' dir='ltr'>Villa</span> <span class='ocrx_word' id='word_1_36' title='bbox 443 1482 514 1535; x_wconf 92' lang='lat' dir='ltr'>una</span> <span class='ocrx_word' id='word_1_37' title='bbox 540 1461 693 1553; x_wconf 78' lang='lat' dir='ltr'>pertinet</span> <span class='ocrx_word' id='word_1_38' title='bbox 710 1461 787 1535; x_wconf 89' lang='lat' dir='ltr'>iure</span> <span class='ocrx_word' id='word_1_39' title='bbox 805 1461 998 1553; x_wconf 79' lang='lat' dir='ltr'>parochiali</span> <span class='ocrx_word' id='word_1_40' title='bbox 1015 1462 1061 1535; x_wconf 89' lang='lat' dir='ltr'>ad</span> <span class='ocrx_word' id='word_1_41' title='bbox 1078 1464 1260 1537; x_wconf 87' lang='lat' dir='ltr'>ecclesiam</span> <span class='ocrx_word' id='word_1_42' title='bbox 1277 1464 1516 1540; x_wconf 88' lang='lat' dir='ltr'>tantummodo</span> <span class='ocrx_word' id='word_1_43' title='bbox 1534 1464 1781 1560; x_wconf 81' lang='lat' dir='ltr'>Olyczanovv.</span> <span class='ocrx_word' id='word_1_44' title='bbox 1845 1457 1847 1468; x_wconf 79' lang='lat'>&#39;</span> 
     </span>
    </p>
   </div>
   <div class='ocr_carea' id='block_1_3' title="bbox 224 1703 1822 2044">
    <p class='ocr_par' dir='ltr' id='par_1_3' title="bbox 224 1703 1822 2044">
     <span class='ocr_line' id='line_1_7' title="bbox 911 1703 1096 1779; baseline 0.005 -3"><span class='ocrx_word' id='word_1_45' title='bbox 911 1703 1096 1779; x_wconf 80' lang='lat' dir='ltr'>Mvunovv.</span> 
     </span>
     <span class='ocr_line' id='line_1_8' title="bbox 328 1824 1822 1924; baseline 0.005 -25"><span class='ocrx_word' id='word_1_46' title='bbox 328 1824 423 1899; x_wconf 86' lang='lat' dir='ltr'>Villa</span> <span class='ocrx_word' id='word_1_47' title='bbox 449 1826 580 1900; x_wconf 86' lang='lat' dir='ltr'>habeus</span> <span class='ocrx_word' id='word_1_48' title='bbox 607 1826 644 1897; x_wconf 90' lang='lat' dir='ltr'>iu</span> <span class='ocrx_word' id='word_1_49' title='bbox 671 1846 709 1899; x_wconf 90' lang='lat' dir='ltr'>se</span> <span class='ocrx_word' id='word_1_50' title='bbox 735 1826 967 1918; x_wconf 78' lang='lat' dir='ltr'>parochialem</span> <span class='ocrx_word' id='word_1_51' title='bbox 994 1827 1174 1901; x_wconf 88' lang='lat' dir='ltr'>ecclesiam</span> <span class='ocrx_word' id='word_1_52' title='bbox 1193 1829 1353 1922; x_wconf 80' lang='lat' dir='ltr'>ligneam,</span> <span class='ocrx_word' id='word_1_53' title='bbox 1372 1830 1523 1905; x_wconf 71' lang='lat' dir='ltr'>dicatm</span> <span class='ocrx_word' id='word_1_54' title='bbox 1540 1831 1782 1924; x_wconf 84' lang='lat' dir='ltr'>Assumptioni</span> <span class='ocrx_word' id='word_1_55' title='bbox 1818 1865 1822 1872; x_wconf 54' lang='lat'><strong><em>¹</em></strong></span> 
     </span>
     <span class='ocr_line' id='line_1_9' title="bbox 224 1944 1780 2044; baseline 0.004 -23"><span class='ocrx_word' id='word_1_56' title='bbox 224 1948 356 2021; x_wconf 88' lang='lat' dir='ltr'>Beatae</span> <span class='ocrx_word' id='word_1_57' title='bbox 383 1947 520 2020; x_wconf 87' lang='lat' dir='ltr'>Mariae</span> <span class='ocrx_word' id='word_1_58' title='bbox 546 1944 719 2039; x_wconf 73' lang='lat' dir='ltr'>VirginiS,</span> <span class='ocrx_word' id='word_1_59' title='bbox 747 1949 844 2021; x_wconf 86' lang='lat' dir='ltr'>cuius</span> <span class='ocrx_word' id='word_1_60' title='bbox 871 1949 1039 2040; x_wconf 88' lang='lat' dir='ltr'>plebanus</span> <span class='ocrx_word' id='word_1_61' title='bbox 1066 1950 1232 2031; x_wconf 82' lang='lat' dir='ltr'>Nicotaus</span> <span class='ocrx_word' id='word_1_62' title='bbox 1257 1952 1460 2044; x_wconf 78' lang='lat' dir='ltr'>presbyter,</span> <span class='ocrx_word' id='word_1_63' title='bbox 1488 1953 1585 2027; x_wconf 91' lang='lat' dir='ltr'>cuius</span> <span class='ocrx_word' id='word_1_64' title='bbox 1611 1954 1780 2027; x_wconf 88' lang='lat' dir='ltr'>haeredes</span> 
     </span>
    </p>
   </div>
   <div class='ocr_carea' id='block_1_4' title="bbox 222 2068 1924 2163">
    <p class='ocr_par' dir='ltr' id='par_1_4' title="bbox 222 2068 1924 2163">
     <span class='ocr_line' id='line_1_10' title="bbox 222 2068 1924 2163; baseline 0.005 -21"><span class='ocrx_word' id='word_1_65' title='bbox 222 2069 402 2143; x_wconf 78' lang='lat' dir='ltr'>lohannes</span> <span class='ocrx_word' id='word_1_66' title='bbox 428 2068 472 2141; x_wconf 93' lang='lat' dir='ltr'>de</span> <span class='ocrx_word' id='word_1_67' title='bbox 498 2068 845 2162; x_wconf 87' lang='lat' dir='ltr'>Olyeschnicza</span> <span class='ocrx_word' id='word_1_68' title='bbox 872 2069 915 2142; x_wconf 91' lang='lat' dir='ltr'>de</span> <span class='ocrx_word' id='word_1_69' title='bbox 942 2069 1048 2143; x_wconf 89' lang='lat' dir='ltr'>armis</span> <span class='ocrx_word' id='word_1_70' title='bbox 1073 2069 1781 2163; x_wconf 84' lang='lat' dir='ltr'>Dambno,etPetrusGramatica</span> <span class='ocrx_word' id='word_1_71' title='bbox 1920 2106 1924 2111; x_wconf 70' lang='grc'>’</span> 
     </span>
    </p>
   </div>
   <div class='ocr_carea' id='block_1_5' title="bbox 223 2189 1863 2899">
    <p class='ocr_par' dir='ltr' id='par_1_5' title="bbox 223 2189 1863 2899">
     <span class='ocr_line' id='line_1_11' title="bbox 223 2189 1779 2285; baseline 0.004 -22"><span class='ocrx_word' id='word_1_72' title='bbox 223 2198 259 2263; x_wconf 93' lang='lat' dir='ltr'>et</span> <span class='ocrx_word' id='word_1_73' title='bbox 293 2191 461 2265; x_wconf 89' lang='lat' dir='ltr'>Nicolaus</span> <span class='ocrx_word' id='word_1_74' title='bbox 497 2189 866 2285; x_wconf 85' lang='lat' dir='ltr'>Ozyoblovszky</span> <span class='ocrx_word' id='word_1_75' title='bbox 902 2191 945 2265; x_wconf 89' lang='lat' dir='ltr'>dc</span> <span class='ocrx_word' id='word_1_76' title='bbox 980 2191 1086 2264; x_wconf 87' lang='lat' dir='ltr'>armis</span> <span class='ocrx_word' id='word_1_77' title='bbox 1121 2190 1315 2285; x_wconf 86' lang='lat' dir='ltr'>Ostoya,</span> <span class='ocrx_word' id='word_1_78' title='bbox 1353 2196 1414 2285; x_wconf 91' lang='lat' dir='ltr'>qui</span> <span class='ocrx_word' id='word_1_79' title='bbox 1449 2196 1554 2267; x_wconf 90' lang='lat' dir='ltr'>etiam</span> <span class='ocrx_word' id='word_1_80' title='bbox 1579 2202 1661 2271; x_wconf 91' lang='lat' dir='ltr'>snut</span> <span class='ocrx_word' id='word_1_81' title='bbox 1685 2198 1779 2269; x_wconf 90' lang='lat' dir='ltr'>illius</span> 
     </span>
     <span class='ocr_line' id='line_1_12' title="bbox 224 2306 1781 2407; baseline 0.004 -22"><span class='ocrx_word' id='word_1_82' title='bbox 224 2306 391 2385; x_wconf 80' lang='lat' dir='ltr'>eeclesiae</span> <span class='ocrx_word' id='word_1_83' title='bbox 418 2312 602 2387; x_wconf 81' lang='lat' dir='ltr'>collatores</span> <span class='ocrx_word' id='word_1_84' title='bbox 629 2318 665 2385; x_wconf 92' lang='lat' dir='ltr'>et</span> <span class='ocrx_word' id='word_1_85' title='bbox 682 2314 830 2405; x_wconf 89' lang='lat' dir='ltr'>patroni.</span> <span class='ocrx_word' id='word_1_86' title='bbox 858 2312 964 2387; x_wconf 85' lang='lat' dir='ltr'>Cuius</span> <span class='ocrx_word' id='word_1_87' title='bbox 981 2313 1197 2405; x_wconf 81' lang='lat' dir='ltr'>infrascripti</span> <span class='ocrx_word' id='word_1_88' title='bbox 1213 2319 1296 2388; x_wconf 91' lang='lat' dir='ltr'>sunt</span> <span class='ocrx_word' id='word_1_89' title='bbox 1312 2321 1511 2407; x_wconf 87' lang='lat' dir='ltr'>proventus.</span> <span class='ocrx_word' id='word_1_90' title='bbox 1539 2316 1655 2389; x_wconf 91' lang='lat' dir='ltr'>Primo</span> <span class='ocrx_word' id='word_1_91' title='bbox 1672 2319 1781 2392; x_wconf 85' lang='lat' dir='ltr'>habet</span> 
     </span>
     <span class='ocr_line' id='line_1_13' title="bbox 223 2434 1780 2531; baseline 0.004 -25"><span class='ocrx_word' id='word_1_92' title='bbox 223 2455 285 2525; x_wconf 92' lang='lat' dir='ltr'>pro</span> <span class='ocrx_word' id='word_1_93' title='bbox 312 2434 459 2525; x_wconf 89' lang='lat' dir='ltr'>praedio</span> <span class='ocrx_word' id='word_1_94' title='bbox 487 2454 549 2507; x_wconf 88' lang='lat' dir='ltr'>suo</span> <span class='ocrx_word' id='word_1_95' title='bbox 576 2439 649 2507; x_wconf 91' lang='lat' dir='ltr'>tres</span> <span class='ocrx_word' id='word_1_96' title='bbox 677 2456 780 2508; x_wconf 86' lang='lat' dir='ltr'>arvos</span> <span class='ocrx_word' id='word_1_97' title='bbox 807 2439 903 2508; x_wconf 91' lang='lat' dir='ltr'>retro</span> <span class='ocrx_word' id='word_1_98' title='bbox 932 2434 1070 2508; x_wconf 90' lang='lat' dir='ltr'>domum</span> <span class='ocrx_word' id='word_1_99' title='bbox 1096 2435 1322 2529; x_wconf 88' lang='lat' dir='ltr'>plebaualem,</span> <span class='ocrx_word' id='word_1_100' title='bbox 1350 2438 1436 2511; x_wconf 87' lang='lat' dir='ltr'>item</span> <span class='ocrx_word' id='word_1_101' title='bbox 1453 2438 1638 2531; x_wconf 88' lang='lat' dir='ltr'>specialem</span> <span class='ocrx_word' id='word_1_102' title='bbox 1656 2458 1780 2512; x_wconf 87' lang='lat' dir='ltr'>arvum</span> 
     </span>
     <span class='ocr_line' id='line_1_14' title="bbox 223 2555 1778 2651; baseline 0.003 -24"><span class='ocrx_word' id='word_1_103' title='bbox 223 2558 257 2627; x_wconf 90' lang='lat' dir='ltr'>in</span> <span class='ocrx_word' id='word_1_104' title='bbox 284 2555 507 2629; x_wconf 83' lang='lat' dir='ltr'>Oaczicze</span> <span class='ocrx_word' id='word_1_105' title='bbox 533 2578 684 2649; x_wconf 88' lang='lat' dir='ltr'>parva,</span> <span class='ocrx_word' id='word_1_106' title='bbox 711 2558 794 2633; x_wconf 89' lang='lat' dir='ltr'>item</span> <span class='ocrx_word' id='word_1_107' title='bbox 821 2557 928 2629; x_wconf 87' lang='lat' dir='ltr'>habet</span> <span class='ocrx_word' id='word_1_108' title='bbox 955 2558 1097 2629; x_wconf 87' lang='lat' dir='ltr'>tertium</span> <span class='ocrx_word' id='word_1_109' title='bbox 1124 2579 1256 2651; x_wconf 88' lang='lat' dir='ltr'>arvum,</span> <span class='ocrx_word' id='word_1_110' title='bbox 1282 2559 1367 2633; x_wconf 90' lang='lat' dir='ltr'>item</span> <span class='ocrx_word' id='word_1_111' title='bbox 1392 2560 1501 2634; x_wconf 90' lang='lat' dir='ltr'>habet</span> <span class='ocrx_word' id='word_1_112' title='bbox 1526 2560 1633 2633; x_wconf 91' lang='lat' dir='ltr'>alium</span> <span class='ocrx_word' id='word_1_113' title='bbox 1656 2582 1778 2633; x_wconf 88' lang='lat' dir='ltr'>arvum</span> 
     </span>
     <span class='ocr_line' id='line_1_15' title="bbox 223 2657 1779 2773; baseline 0.002 -23"><span class='ocrx_word' id='word_1_114' title='bbox 223 2698 327 2769; x_wconf 89' lang='lat' dir='ltr'>penes</span> <span class='ocrx_word' id='word_1_115' title='bbox 366 2678 536 2769; x_wconf 88' lang='lat' dir='ltr'>granicies</span> <span class='ocrx_word' id='word_1_116' title='bbox 573 2679 675 2751; x_wconf 90' lang='lat' dir='ltr'>villae</span> <span class='ocrx_word' id='word_1_117' title='bbox 709 2657 902 2751; x_wconf 85' lang='lat' dir='ltr'>maioris</span> <span class='ocrx_word' id='word_1_118' title='bbox 939 2677 1161 2752; x_wconf 83' lang='lat' dir='ltr'>Carnicae</span> <span class='ocrx_word' id='word_1_119' title='bbox 1195 2685 1233 2753; x_wconf 90' lang='lat' dir='ltr'>et</span> <span class='ocrx_word' id='word_1_120' title='bbox 1268 2702 1312 2753; x_wconf 88' lang='lat' dir='ltr'>ex</span> <span class='ocrx_word' id='word_1_121' title='bbox 1338 2682 1450 2754; x_wconf 90' lang='lat' dir='ltr'>altera</span> <span class='ocrx_word' id='word_1_122' title='bbox 1475 2702 1582 2773; x_wconf 89' lang='lat' dir='ltr'>penes</span> <span class='ocrx_word' id='word_1_123' title='bbox 1607 2666 1779 2772; x_wconf 84' lang='lat' dir='ltr'>granicies</span> 
     </span>
     <span class='ocr_line' id='line_1_16' title="bbox 223 2798 1863 2899; baseline 0.003 -29"><span class='ocrx_word' id='word_1_124' title='bbox 223 2800 260 2870; x_wconf 90' lang='lat' dir='ltr'>M</span> <span class='ocrx_word' id='word_1_125' title='bbox 268 2799 429 2891; x_wconf 79' lang='lat' dir='ltr'>ydlovv.</span> <span class='ocrx_word' id='word_1_126' title='bbox 468 2799 558 2871; x_wconf 86' lang='lat' dir='ltr'>Item</span> <span class='ocrx_word' id='word_1_127' title='bbox 593 2798 662 2872; x_wconf 92' lang='lat' dir='ltr'>duo</span> <span class='ocrx_word' id='word_1_128' title='bbox 698 2800 812 2873; x_wconf 91' lang='lat' dir='ltr'>stadia</span> <span class='ocrx_word' id='word_1_129' title='bbox 847 2820 953 2899; x_wconf 89' lang='lat' dir='ltr'>penes</span> <span class='ocrx_word' id='word_1_130' title='bbox 980 2801 1152 2890; x_wconf 86' lang='lat' dir='ltr'>granioies</span> <span class='ocrx_word' id='word_1_131' title='bbox 1178 2802 1511 2895; x_wconf 83' lang='lat' dir='ltr'>Borkowszky,</span> <span class='ocrx_word' id='word_1_132' title='bbox 1536 2804 1621 2875; x_wconf 90' lang='lat' dir='ltr'>item</span> <span class='ocrx_word' id='word_1_133' title='bbox 1647 2802 1777 2876; x_wconf 86' lang='lat' dir='ltr'>ibidem</span> <span class='ocrx_word' id='word_1_134' title='bbox 1860 2844 1863 2849; x_wconf 93' lang='lat'>·</span> 
     </span>
    </p>
   </div>
   <div class='ocr_carea' id='block_1_6' title="bbox 169 2920 1898 3013">
    <p class='ocr_par' dir='ltr' id='par_1_6' title="bbox 169 2920 1898 3013">
     <span class='ocr_line' id='line_1_17' title="bbox 169 2920 1898 3013; baseline 0.001 -18"><span class='ocrx_word' id='word_1_135' title='bbox 169 2962 173 2971; x_wconf 93' lang='lat'>·</span> <span class='ocrx_word' id='word_1_136' title='bbox 223 2922 313 2995; x_wconf 87' lang='lat' dir='ltr'>circa</span> <span class='ocrx_word' id='word_1_137' title='bbox 341 2920 455 2993; x_wconf 88' lang='lat' dir='ltr'>dictos</span> <span class='ocrx_word' id='word_1_138' title='bbox 482 2942 602 3012; x_wconf 85' lang='lat' dir='ltr'>agros,</span> <span class='ocrx_word' id='word_1_139' title='bbox 630 2921 737 2994; x_wconf 90' lang='lat' dir='ltr'>hahet</span> <span class='ocrx_word' id='word_1_140' title='bbox 762 2926 901 3012; x_wconf 88' lang='lat' dir='ltr'>pratum</span> <span class='ocrx_word' id='word_1_141' title='bbox 928 2942 1033 3013; x_wconf 91' lang='lat' dir='ltr'>penes</span> <span class='ocrx_word' id='word_1_142' title='bbox 1059 2922 1189 2996; x_wconf 91' lang='lat' dir='ltr'>limites</span> <span class='ocrx_word' id='word_1_143' title='bbox 1214 2923 1319 2996; x_wconf 89' lang='lat' dir='ltr'>villae</span> <span class='ocrx_word' id='word_1_144' title='bbox 1344 2923 1533 3013; x_wconf 79' lang='lat' dir='ltr'>Malaia,</span> <span class='ocrx_word' id='word_1_145' title='bbox 1560 2924 1646 3006; x_wconf 90' lang='lat' dir='ltr'>item</span> <span class='ocrx_word' id='word_1_146' title='bbox 1671 2925 1779 2996; x_wconf 88' lang='lat' dir='ltr'>habet</span> <span class='ocrx_word' id='word_1_147' title='bbox 1894 2974 1898 2982; x_wconf 78' lang='lat'>·</span> 
     </span>
    </p>
   </div>
   <div class='ocr_carea' id='block_1_7' title="bbox 129 3042 1842 4113">
    <p class='ocr_par' dir='ltr' id='par_1_7' title="bbox 129 3042 1842 4113">
     <span class='ocr_line' id='line_1_18' title="bbox 132 3042 1777 3135; baseline 0.001 -20"><span class='ocrx_word' id='word_1_148' title='bbox 132 3094 137 3104; x_wconf 50' lang='lat'><em>1</em></span> <span class='ocrx_word' id='word_1_149' title='bbox 223 3042 306 3118; x_wconf 87' lang='lat' dir='ltr'>duas</span> <span class='ocrx_word' id='word_1_150' title='bbox 333 3042 495 3135; x_wconf 86' lang='lat' dir='ltr'>piscinas,</span> <span class='ocrx_word' id='word_1_151' title='bbox 523 3064 628 3114; x_wconf 91' lang='lat' dir='ltr'>uuam</span> <span class='ocrx_word' id='word_1_152' title='bbox 655 3049 750 3115; x_wconf 89' lang='lat' dir='ltr'>retro</span> <span class='ocrx_word' id='word_1_153' title='bbox 778 3043 917 3115; x_wconf 91' lang='lat' dir='ltr'>domum</span> <span class='ocrx_word' id='word_1_154' title='bbox 944 3044 1169 3135; x_wconf 88' lang='lat' dir='ltr'>plebanalem,</span> <span class='ocrx_word' id='word_1_155' title='bbox 1188 3049 1225 3117; x_wconf 93' lang='lat' dir='ltr'>et</span> <span class='ocrx_word' id='word_1_156' title='bbox 1241 3045 1347 3117; x_wconf 87' lang='lat' dir='ltr'>aliam</span> <span class='ocrx_word' id='word_1_157' title='bbox 1364 3044 1403 3117; x_wconf 88' lang='lat' dir='ltr'>iu</span> <span class='ocrx_word' id='word_1_158' title='bbox 1427 3045 1599 3118; x_wconf 87' lang='lat' dir='ltr'>minori</span> <span class='ocrx_word' id='word_1_159' title='bbox 1623 3043 1777 3118; x_wconf 83' lang='lat' dir='ltr'>Gaczi-</span> 
     </span>
     <span class='ocr_line' id='line_1_19' title="bbox 222 3164 1776 3258; baseline 0.002 -23"><span class='ocrx_word' id='word_1_160' title='bbox 222 3186 295 3236; x_wconf 88' lang='lat' dir='ltr'>eze</span> <span class='ocrx_word' id='word_1_161' title='bbox 329 3186 439 3257; x_wconf 88' lang='lat' dir='ltr'>penes</span> <span class='ocrx_word' id='word_1_162' title='bbox 474 3184 577 3256; x_wconf 84' lang='lat' dir='ltr'>agros</span> <span class='ocrx_word' id='word_1_163' title='bbox 614 3164 831 3255; x_wconf 82' lang='lat' dir='ltr'>plebanalas,</span> <span class='ocrx_word' id='word_1_164' title='bbox 859 3166 943 3238; x_wconf 87' lang='lat' dir='ltr'>item</span> <span class='ocrx_word' id='word_1_165' title='bbox 979 3166 1086 3237; x_wconf 90' lang='lat' dir='ltr'>habet</span> <span class='ocrx_word' id='word_1_166' title='bbox 1121 3166 1272 3256; x_wconf 90' lang='lat' dir='ltr'>speciale</span> <span class='ocrx_word' id='word_1_167' title='bbox 1306 3170 1448 3258; x_wconf 88' lang='lat' dir='ltr'>pratum</span> <span class='ocrx_word' id='word_1_168' title='bbox 1482 3166 1582 3239; x_wconf 83' lang='lat' dir='ltr'>iuxta</span> <span class='ocrx_word' id='word_1_169' title='bbox 1606 3166 1776 3257; x_wconf 88' lang='lat' dir='ltr'>piscinam</span> 
     </span>
     <span class='ocr_line' id='line_1_20' title="bbox 129 3285 1723 3382; baseline -0.001 -22"><span class='ocrx_word' id='word_1_170' title='bbox 129 3373 134 3377; x_wconf 41' lang='grc'><em>,</em></span> <span class='ocrx_word' id='word_1_171' title='bbox 223 3307 326 3380; x_wconf 71' lang='lat' dir='ltr'>suana,</span> <span class='ocrx_word' id='word_1_172' title='bbox 355 3288 439 3360; x_wconf 90' lang='lat' dir='ltr'>item</span> <span class='ocrx_word' id='word_1_173' title='bbox 465 3288 571 3361; x_wconf 90' lang='lat' dir='ltr'>habet</span> <span class='ocrx_word' id='word_1_174' title='bbox 597 3286 831 3360; x_wconf 84' lang='lat' dir='ltr'>hortulaniaur</span> <span class='ocrx_word' id='word_1_175' title='bbox 857 3288 894 3360; x_wconf 89' lang='lat' dir='ltr'>iu</span> <span class='ocrx_word' id='word_1_176' title='bbox 921 3287 1089 3362; x_wconf 91' lang='lat' dir='ltr'>maiori</span> <span class='ocrx_word' id='word_1_177' title='bbox 1115 3285 1334 3361; x_wconf 85' lang='lat' dir='ltr'>Gaczicze</span> <span class='ocrx_word' id='word_1_178' title='bbox 1361 3293 1398 3363; x_wconf 91' lang='lat' dir='ltr'>et</span> <span class='ocrx_word' id='word_1_179' title='bbox 1423 3310 1488 3382; x_wconf 92' lang='lat' dir='ltr'>pro</span> <span class='ocrx_word' id='word_1_180' title='bbox 1515 3309 1652 3361; x_wconf 90' lang='lat' dir='ltr'>censu.</span> <span class='ocrx_word' id='word_1_181' title='bbox 1680 3345 1687 3360; x_wconf 92' lang='lat'>.</span> <span class='ocrx_word' id='word_1_182' title='bbox 1715 3345 1723 3358; x_wconf 92' lang='lat'><em>.</em></span> 
     </span>
     <span class='ocr_line' id='line_1_21' title="bbox 322 3409 1777 3503; baseline 0.001 -21"><span class='ocrx_word' id='word_1_183' title='bbox 322 3409 563 3484; x_wconf 89' lang='lat' dir='ltr'>Molendiuum</span> <span class='ocrx_word' id='word_1_184' title='bbox 591 3411 801 3484; x_wconf 88' lang='lat' dir='ltr'>Bouussow</span> <span class='ocrx_word' id='word_1_185' title='bbox 826 3411 864 3482; x_wconf 89' lang='lat' dir='ltr'>in</span> <span class='ocrx_word' id='word_1_186' title='bbox 890 3410 1029 3484; x_wconf 85' lang='lat' dir='ltr'>flumine</span> <span class='ocrx_word' id='word_1_187' title='bbox 1055 3409 1256 3503; x_wconf 90' lang='lat' dir='ltr'>Krampa</span> <span class='ocrx_word' id='word_1_188' title='bbox 1281 3411 1396 3503; x_wconf 90' lang='lat' dir='ltr'>situm,</span> <span class='ocrx_word' id='word_1_189' title='bbox 1424 3410 1516 3503; x_wconf 91' lang='lat' dir='ltr'>quod</span> <span class='ocrx_word' id='word_1_190' title='bbox 1535 3431 1579 3485; x_wconf 82' lang='lat' dir='ltr'>ex</span> <span class='ocrx_word' id='word_1_191' title='bbox 1597 3411 1777 3502; x_wconf 86' lang='lat' dir='ltr'>primaevo</span> 
     </span>
     <span class='ocr_line' id='line_1_22' title="bbox 222 3525 1776 3624; baseline -0.001 -20"><span class='ocrx_word' id='word_1_192' title='bbox 222 3532 528 3605; x_wconf 77' lang='lat' dir='ltr'>fundationeeum</span> <span class='ocrx_word' id='word_1_193' title='bbox 555 3532 648 3604; x_wconf 91' lang='lat' dir='ltr'>omui</span> <span class='ocrx_word' id='word_1_194' title='bbox 675 3533 751 3604; x_wconf 91' lang='lat' dir='ltr'>iure</span> <span class='ocrx_word' id='word_1_195' title='bbox 778 3538 814 3604; x_wconf 90' lang='lat' dir='ltr'>et</span> <span class='ocrx_word' id='word_1_196' title='bbox 839 3533 1054 3624; x_wconf 88' lang='lat' dir='ltr'>proprietate</span> <span class='ocrx_word' id='word_1_197' title='bbox 1081 3532 1126 3606; x_wconf 90' lang='lat' dir='ltr'>ad</span> <span class='ocrx_word' id='word_1_198' title='bbox 1153 3532 1390 3620; x_wconf 83' lang='lat' dir='ltr'>ecclesiamjn</span> <span class='ocrx_word' id='word_1_199' title='bbox 1407 3525 1596 3606; x_wconf 74' lang='lat' dir='ltr'>Midlo&#39;vv</span> <span class='ocrx_word' id='word_1_200' title='bbox 1623 3533 1776 3623; x_wconf 89' lang='lat' dir='ltr'>pertinet</span> 
     </span>
     <span class='ocr_line' id='line_1_23' title="bbox 222 3654 1774 3746; baseline -0.001 -20"><span class='ocrx_word' id='word_1_201' title='bbox 222 3659 255 3726; x_wconf 90' lang='lat' dir='ltr'>et</span> <span class='ocrx_word' id='word_1_202' title='bbox 279 3655 488 3745; x_wconf 86' lang='lat' dir='ltr'>pertinebat.</span> <span class='ocrx_word' id='word_1_203' title='bbox 529 3654 569 3726; x_wconf 92' lang='lat' dir='ltr'>In</span> <span class='ocrx_word' id='word_1_204' title='bbox 606 3676 673 3746; x_wconf 90' lang='lat' dir='ltr'>quo</span> <span class='ocrx_word' id='word_1_205' title='bbox 709 3654 855 3746; x_wconf 90' lang='lat' dir='ltr'>quilibet</span> <span class='ocrx_word' id='word_1_206' title='bbox 887 3655 1055 3746; x_wconf 87' lang='lat' dir='ltr'>plebanus</span> <span class='ocrx_word' id='word_1_207' title='bbox 1082 3654 1335 3746; x_wconf 89' lang='lat' dir='ltr'>Mydloviensis</span> <span class='ocrx_word' id='word_1_208' title='bbox 1361 3676 1425 3728; x_wconf 91' lang='lat' dir='ltr'>sua</span> <span class='ocrx_word' id='word_1_209' title='bbox 1449 3654 1624 3727; x_wconf 87' lang='lat' dir='ltr'>frumenta</span> <span class='ocrx_word' id='word_1_210' title='bbox 1650 3656 1774 3745; x_wconf 89' lang='lat' dir='ltr'>omnia,</span> 
     </span>
     <span class='ocr_line' id='line_1_24' title="bbox 222 3776 1809 3882; baseline 0 -36"><span class='ocrx_word' id='word_1_211' title='bbox 222 3777 350 3869; x_wconf 89' lang='lat' dir='ltr'>absque</span> <span class='ocrx_word' id='word_1_212' title='bbox 376 3796 540 3850; x_wconf 90' lang='lat' dir='ltr'>mensura</span> <span class='ocrx_word' id='word_1_213' title='bbox 565 3777 726 3868; x_wconf 89' lang='lat' dir='ltr'>molebat,</span> <span class='ocrx_word' id='word_1_214' title='bbox 753 3782 791 3850; x_wconf 92' lang='lat' dir='ltr'>et</span> <span class='ocrx_word' id='word_1_215' title='bbox 816 3777 975 3850; x_wconf 88' lang='lat' dir='ltr'>solvebat</span> <span class='ocrx_word' id='word_1_216' title='bbox 1001 3776 1149 3868; x_wconf 90' lang='lat' dir='ltr'>plebano</span> <span class='ocrx_word' id='word_1_217' title='bbox 1176 3797 1241 3867; x_wconf 90' lang='lat' dir='ltr'>pro</span> <span class='ocrx_word' id='word_1_218' title='bbox 1269 3797 1374 3850; x_wconf 88' lang='lat' dir='ltr'>censu</span> <span class='ocrx_word' id='word_1_219' title='bbox 1400 3781 1550 3867; x_wconf 90' lang='lat' dir='ltr'>quatuor</span> <span class='ocrx_word' id='word_1_220' title='bbox 1575 3796 1720 3866; x_wconf 85' lang='lat' dir='ltr'>marcas,</span> <span class='ocrx_word' id='word_1_221' title='bbox 1737 3781 1775 3847; x_wconf 89' lang='lat' dir='ltr'>et</span> <span class='ocrx_word' id='word_1_222' title='bbox 1805 3875 1809 3882; x_wconf 18' lang='lat'>¹</span> 
     </span>
     <span class='ocr_line' id='line_1_25' title="bbox 222 3896 1772 3991; baseline -0.002 -21"><span class='ocrx_word' id='word_1_223' title='bbox 222 3899 404 3990; x_wconf 82' lang='lat' dir='ltr'>saginabat</span> <span class='ocrx_word' id='word_1_224' title='bbox 429 3919 493 3991; x_wconf 90' lang='lat' dir='ltr'>per</span> <span class='ocrx_word' id='word_1_225' title='bbox 520 3919 647 3971; x_wconf 90' lang='lat' dir='ltr'>annum</span> <span class='ocrx_word' id='word_1_226' title='bbox 675 3897 761 3972; x_wconf 89' lang='lat' dir='ltr'>duos</span> <span class='ocrx_word' id='word_1_227' title='bbox 788 3918 932 3990; x_wconf 84' lang='lat' dir='ltr'>porcos;</span> <span class='ocrx_word' id='word_1_228' title='bbox 960 3898 1025 3970; x_wconf 90' lang='lat' dir='ltr'>sub</span> <span class='ocrx_word' id='word_1_229' title='bbox 1051 3898 1241 3990; x_wconf 88' lang='lat' dir='ltr'>plebanatu</span> <span class='ocrx_word' id='word_1_230' title='bbox 1266 3903 1383 3970; x_wconf 86' lang='lat' dir='ltr'>autem</span> <span class='ocrx_word' id='word_1_231' title='bbox 1409 3896 1575 3969; x_wconf 88' lang='lat' dir='ltr'>Stanislai</span> <span class='ocrx_word' id='word_1_232' title='bbox 1597 3896 1640 3969; x_wconf 89' lang='lat' dir='ltr'>de</span> <span class='ocrx_word' id='word_1_233' title='bbox 1658 3897 1772 3967; x_wconf 91' lang='lat' dir='ltr'>Dmo·</span> 
     </span>
     <span class='ocr_line' id='line_1_26' title="bbox 222 4011 1842 4113; baseline -0.003 -22"><span class='ocrx_word' id='word_1_234' title='bbox 222 4022 406 4112; x_wconf 88' lang='lat' dir='ltr'>sczi&#39;cze,</span> <span class='ocrx_word' id='word_1_235' title='bbox 423 4020 602 4094; x_wconf 73' lang='lat' dir='ltr'>lohannes</span> <span class='ocrx_word' id='word_1_236' title='bbox 626 4019 837 4094; x_wconf 85' lang='lat' dir='ltr'>Glovvacz</span> <span class='ocrx_word' id='word_1_237' title='bbox 863 4019 907 4092; x_wconf 93' lang='lat' dir='ltr'>de</span> <span class='ocrx_word' id='word_1_238' title='bbox 925 4018 1266 4113; x_wconf 87' lang='lat' dir='ltr'>Olyeschnicza</span> <span class='ocrx_word' id='word_1_239' title='bbox 1291 4016 1465 4110; x_wconf 88' lang='lat' dir='ltr'>palatinus</span> <span class='ocrx_word' id='word_1_240' title='bbox 1484 4017 1773 4090; x_wconf 90' lang='lat' dir='ltr'>Sandomirieosis</span> <span class='ocrx_word' id='word_1_241' title='bbox 1802 4011 1808 4021; x_wconf 85' lang='lat'>&#39;</span> <span class='ocrx_word' id='word_1_242' title='bbox 1838 4045 1842 4057; x_wconf 93' lang='lat'>·</span> 
     </span>
    </p>
   </div>
   <div class='ocr_carea' id='block_1_8' title="bbox 222 4138 1772 4234">
    <p class='ocr_par' dir='ltr' id='par_1_8' title="bbox 222 4130 1917 4234">
     <span class='ocr_line' id='line_1_27' title="bbox 222 4138 1772 4234; baseline -0.004 -20"><span class='ocrx_word' id='word_1_243' title='bbox 222 4144 374 4215; x_wconf 82' lang='lat' dir='ltr'>existens</span> <span class='ocrx_word' id='word_1_244' title='bbox 401 4143 495 4215; x_wconf 91' lang='lat' dir='ltr'>solus</span> <span class='ocrx_word' id='word_1_245' title='bbox 521 4147 690 4234; x_wconf 89' lang='lat' dir='ltr'>patronus</span> <span class='ocrx_word' id='word_1_246' title='bbox 718 4141 830 4214; x_wconf 89' lang='lat' dir='ltr'>dictae</span> <span class='ocrx_word' id='word_1_247' title='bbox 857 4142 1024 4215; x_wconf 88' lang='lat' dir='ltr'>ecclesiae</span> <span class='ocrx_word' id='word_1_248' title='bbox 1050 4141 1291 4232; x_wconf 86' lang='lat' dir='ltr'>facta&#39;magna</span> <span class='ocrx_word' id='word_1_249' title='bbox 1305 4141 1441 4233; x_wconf 88' lang='lat' dir='ltr'>piscina</span> <span class='ocrx_word' id='word_1_250' title='bbox 1458 4138 1772 4228; x_wconf 84' lang='lat' dir='ltr'>inBodussow,</span> 
     </span>
    </p>
   </div>
   <div class='ocr_carea' id='block_1_9' title="bbox 124 4258 1771 5085">
    <p class='ocr_par' dir='ltr' id='par_1_9' title="bbox 124 4258 1771 4598">
     <span class='ocr_line' id='line_1_28' title="bbox 222 4258 1771 4354; baseline -0.004 -18"><span class='ocrx_word' id='word_1_251' title='bbox 222 4265 433 4353; x_wconf 88' lang='lat' dir='ltr'>praedictum</span> <span class='ocrx_word' id='word_1_252' title='bbox 466 4263 698 4336; x_wconf 88' lang='lat' dir='ltr'>molendinum</span> <span class='ocrx_word' id='word_1_253' title='bbox 717 4303 719 4307; x_wconf 94' lang='lat'>·</span> <span class='ocrx_word' id='word_1_254' title='bbox 735 4263 918 4337; x_wconf 88' lang='lat' dir='ltr'>absorbuit</span> <span class='ocrx_word' id='word_1_255' title='bbox 943 4267 979 4336; x_wconf 92' lang='lat' dir='ltr'>et</span> <span class='ocrx_word' id='word_1_256' title='bbox 1005 4263 1151 4354; x_wconf 88' lang='lat' dir='ltr'>delevit,</span> <span class='ocrx_word' id='word_1_257' title='bbox 1179 4269 1216 4336; x_wconf 93' lang='lat' dir='ltr'>et</span> <span class='ocrx_word' id='word_1_258' title='bbox 1241 4261 1398 4354; x_wconf 90' lang='lat' dir='ltr'>praefato</span> <span class='ocrx_word' id='word_1_259' title='bbox 1425 4260 1596 4334; x_wconf 88' lang='lat' dir='ltr'>Stauislao</span> <span class='ocrx_word' id='word_1_260' title='bbox 1623 4258 1771 4348; x_wconf 91' lang='lat' dir='ltr'>plebano</span> 
     </span>
     <span class='ocr_line' id='line_1_29' title="bbox 124 4377 1771 4477; baseline -0.004 -20"><span class='ocrx_word' id='word_1_261' title='bbox 124 4395 126 4404; x_wconf 88' lang='lat'>&#39;</span> <span class='ocrx_word' id='word_1_262' title='bbox 222 4387 416 4477; x_wconf 84' lang='lat' dir='ltr'>negligente</span> <span class='ocrx_word' id='word_1_263' title='bbox 441 4390 479 4458; x_wconf 91' lang='lat' dir='ltr'>et</span> <span class='ocrx_word' id='word_1_264' title='bbox 502 4391 651 4476; x_wconf 87' lang='lat' dir='ltr'>tacente,</span> <span class='ocrx_word' id='word_1_265' title='bbox 678 4386 714 4456; x_wconf 88' lang='lat' dir='ltr'>in</span> <span class='ocrx_word' id='word_1_266' title='bbox 742 4384 936 4459; x_wconf 85' lang='lat' dir='ltr'>evidentem</span> <span class='ocrx_word' id='word_1_267' title='bbox 962 4385 1125 4460; x_wconf 90' lang='lat' dir='ltr'>iniuriam</span> <span class='ocrx_word' id='word_1_268' title='bbox 1152 4384 1283 4458; x_wconf 92' lang='lat' dir='ltr'>dictum</span> <span class='ocrx_word' id='word_1_269' title='bbox 1308 4382 1541 4461; x_wconf 86' lang='lat' dir='ltr'>molendinum</span> <span class='ocrx_word' id='word_1_270' title='bbox 1557 4377 1625 4451; x_wconf 85' lang='lat' dir='ltr'>fuit</span> <span class='ocrx_word' id='word_1_271' title='bbox 1642 4380 1771 4452; x_wconf 88' lang='lat' dir='ltr'>aliena-</span> 
     </span>
     <span class='ocr_line' id='line_1_30' title="bbox 222 4505 1333 4598; baseline -0.001 -20"><span class='ocrx_word' id='word_1_272' title='bbox 222 4511 291 4578; x_wconf 92' lang='lat' dir='ltr'>tum</span> <span class='ocrx_word' id='word_1_273' title='bbox 318 4508 364 4580; x_wconf 91' lang='lat' dir='ltr'>ab</span> <span class='ocrx_word' id='word_1_274' title='bbox 391 4506 536 4580; x_wconf 89' lang='lat' dir='ltr'>ecclesia</span> <span class='ocrx_word' id='word_1_275' title='bbox 561 4505 803 4598; x_wconf 82' lang='lat' dir='ltr'>Mydloviensi.</span> <span class='ocrx_word' id='word_1_276' title='bbox 952 4521 955 4525; x_wconf 87' lang='grc'><strong><em>·</em></strong></span> <span class='ocrx_word' id='word_1_277' title='bbox 1330 4515 1333 4521; x_wconf 88' lang='grc'><strong>’</strong></span> 
     </span>
    </p>

    <p class='ocr_par' dir='ltr' id='par_1_10' title="bbox 173 4621 1770 5085">
     <span class='ocr_line' id='line_1_31' title="bbox 173 4621 1770 4723; baseline -0.006 -22"><span class='ocrx_word' id='word_1_278' title='bbox 173 4645 177 4652; x_wconf 82' lang='grc'><em>“</em></span> <span class='ocrx_word' id='word_1_279' title='bbox 323 4627 519 4720; x_wconf 83' lang='lat' dir='ltr'>Mrouovv,</span> <span class='ocrx_word' id='word_1_280' title='bbox 544 4627 639 4723; x_wconf 87' lang='lat' dir='ltr'>villa</span> <span class='ocrx_word' id='word_1_281' title='bbox 674 4629 805 4701; x_wconf 88' lang='lat' dir='ltr'>habens</span> <span class='ocrx_word' id='word_1_282' title='bbox 832 4633 872 4700; x_wconf 93' lang='lat' dir='ltr'>ut</span> <span class='ocrx_word' id='word_1_283' title='bbox 907 4627 1149 4720; x_wconf 86' lang='lat' dir='ltr'>praemisimus</span> <span class='ocrx_word' id='word_1_284' title='bbox 1183 4623 1416 4718; x_wconf 87' lang='lat' dir='ltr'>parochialem</span> <span class='ocrx_word' id='word_1_285' title='bbox 1448 4621 1634 4713; x_wconf 84' lang='lat' dir='ltr'>ecclesiam</span> <span class='ocrx_word' id='word_1_286' title='bbox 1659 4622 1695 4692; x_wconf 93' lang='lat' dir='ltr'>in</span> <span class='ocrx_word' id='word_1_287' title='bbox 1723 4641 1770 4693; x_wconf 89' lang='lat' dir='ltr'>se.</span> 
     </span>
     <span class='ocr_line' id='line_1_32' title="bbox 223 4742 1769 4843; baseline -0.005 -22"><span class='ocrx_word' id='word_1_288' title='bbox 223 4749 261 4822; x_wconf 92' lang='lat' dir='ltr'>ln</span> <span class='ocrx_word' id='word_1_289' title='bbox 288 4771 358 4843; x_wconf 91' lang='lat' dir='ltr'>qua</span> <span class='ocrx_word' id='word_1_290' title='bbox 384 4755 465 4822; x_wconf 89' lang='lat' dir='ltr'>suut</span> <span class='ocrx_word' id='word_1_291' title='bbox 491 4755 624 4842; x_wconf 89' lang='lat' dir='ltr'>septem</span> <span class='ocrx_word' id='word_1_292' title='bbox 650 4749 743 4822; x_wconf 90' lang='lat' dir='ltr'>lanei</span> <span class='ocrx_word' id='word_1_293' title='bbox 769 4751 1023 4840; x_wconf 80' lang='lat' dir='ltr'>cmethonales,</span> <span class='ocrx_word' id='word_1_294' title='bbox 1040 4750 1124 4822; x_wconf 91' lang='lat' dir='ltr'>item</span> <span class='ocrx_word' id='word_1_295' title='bbox 1151 4744 1318 4820; x_wconf 87' lang='lat' dir='ltr'>tabernae</span> <span class='ocrx_word' id='word_1_296' title='bbox 1343 4744 1433 4818; x_wconf 88' lang='lat' dir='ltr'>duae</span> <span class='ocrx_word' id='word_1_297' title='bbox 1460 4742 1629 4816; x_wconf 88' lang='lat' dir='ltr'>habentes</span> <span class='ocrx_word' id='word_1_298' title='bbox 1655 4761 1769 4833; x_wconf 89' lang='lat' dir='ltr'>agros,</span> 
     </span>
     <span class='ocr_line' id='line_1_33' title="bbox 224 4855 1768 4964; baseline -0.006 -22"><span class='ocrx_word' id='word_1_299' title='bbox 224 4870 416 4964; x_wconf 88' lang='lat' dir='ltr'>dequibus</span> <span class='ocrx_word' id='word_1_300' title='bbox 453 4871 612 4944; x_wconf 88' lang='lat' dir='ltr'>omnibus</span> <span class='ocrx_word' id='word_1_301' title='bbox 649 4871 781 4944; x_wconf 91' lang='lat' dir='ltr'>decima</span> <span class='ocrx_word' id='word_1_302' title='bbox 816 4855 1041 4962; x_wconf 85' lang='lat' dir='ltr'>manipularis</span> <span class='ocrx_word' id='word_1_303' title='bbox 1078 4867 1224 4940; x_wconf 87' lang='lat' dir='ltr'>solvitur</span> <span class='ocrx_word' id='word_1_304' title='bbox 1258 4887 1322 4956; x_wconf 95' lang='lat' dir='ltr'>pro</span> <span class='ocrx_word' id='word_1_305' title='bbox 1353 4863 1554 4957; x_wconf 89' lang='lat' dir='ltr'>praebenda</span> <span class='ocrx_word' id='word_1_306' title='bbox 1587 4862 1768 4935; x_wconf 87' lang='lat' dir='ltr'>Sandomi-</span> 
     </span>
     <span class='ocr_line' id='line_1_34' title="bbox 221 4984 1767 5085; baseline -0.005 -23"><span class='ocrx_word' id='word_1_307' title='bbox 221 4993 325 5064; x_wconf 76' lang='lat' dir='ltr'>densi</span> <span class='ocrx_word' id='word_1_308' title='bbox 352 4993 447 5066; x_wconf 87' lang='lat' dir='ltr'>dicta</span> <span class='ocrx_word' id='word_1_309' title='bbox 473 4991 729 5085; x_wconf 84' lang='lat' dir='ltr'>Mydlouszha,</span> <span class='ocrx_word' id='word_1_310' title='bbox 767 4997 802 5064; x_wconf 91' lang='lat' dir='ltr'>et</span> <span class='ocrx_word' id='word_1_311' title='bbox 828 4993 927 5066; x_wconf 90' lang='lat' dir='ltr'>valor</span> <span class='ocrx_word' id='word_1_312' title='bbox 961 4992 1036 5064; x_wconf 87' lang='lat' dir='ltr'>eius</span> <span class='ocrx_word' id='word_1_313' title='bbox 1071 4987 1280 5060; x_wconf 88' lang='lat' dir='ltr'>aestimatur</span> <span class='ocrx_word' id='word_1_314' title='bbox 1310 4985 1356 5057; x_wconf 89' lang='lat' dir='ltr'>ad</span> <span class='ocrx_word' id='word_1_315' title='bbox 1392 4990 1471 5057; x_wconf 95' lang='lat' dir='ltr'>octo</span> <span class='ocrx_word' id='word_1_316' title='bbox 1506 5003 1650 5055; x_wconf 88' lang='lat' dir='ltr'>marcas.</span> <span class='ocrx_word' id='word_1_317' title='bbox 1677 4984 1767 5055; x_wconf 86' lang='lat' dir='ltr'>Item</span> 
     </span>
    </p>
   </div>
   <div class='ocr_carea' id='block_1_10' title="bbox 224 5103 1893 5206">
    <p class='ocr_par' dir='ltr' id='par_1_11' title="bbox 224 5103 1893 5206">
     <span class='ocr_line' id='line_1_35' title="bbox 224 5103 1893 5206; baseline -0.005 -22"><span class='ocrx_word' id='word_1_318' title='bbox 224 5119 300 5185; x_wconf 88' lang='lat' dir='ltr'>snut</span> <span class='ocrx_word' id='word_1_319' title='bbox 326 5115 375 5187; x_wconf 92' lang='lat' dir='ltr'>ibi</span> <span class='ocrx_word' id='word_1_320' title='bbox 402 5114 470 5187; x_wconf 94' lang='lat' dir='ltr'>duo</span> <span class='ocrx_word' id='word_1_321' title='bbox 487 5113 632 5206; x_wconf 90' lang='lat' dir='ltr'>praedia</span> <span class='ocrx_word' id='word_1_322' title='bbox 648 5114 824 5206; x_wconf 88' lang='lat' dir='ltr'>militaria,</span> <span class='ocrx_word' id='word_1_323' title='bbox 843 5113 1028 5205; x_wconf 88' lang='lat' dir='ltr'>dequibus</span> <span class='ocrx_word' id='word_1_324' title='bbox 1055 5108 1246 5182; x_wconf 85' lang='lat' dir='ltr'>decimatur</span> <span class='ocrx_word' id='word_1_325' title='bbox 1272 5125 1337 5198; x_wconf 91' lang='lat' dir='ltr'>pro</span> <span class='ocrx_word' id='word_1_326' title='bbox 1363 5104 1508 5178; x_wconf 87' lang='lat' dir='ltr'>ecclesia</span> <span class='ocrx_word' id='word_1_327' title='bbox 1525 5105 1562 5175; x_wconf 90' lang='lat' dir='ltr'>iu</span> <span class='ocrx_word' id='word_1_328' title='bbox 1580 5103 1766 5196; x_wconf 84' lang='lat' dir='ltr'>Mydlow.</span> <span class='ocrx_word' id='word_1_329' title='bbox 1890 5146 1893 5155; x_wconf 62' lang='lat'><em>=</em></span> 
     </span>
    </p>
   </div>
   <div class='ocr_carea' id='block_1_11' title="bbox 224 5229 1769 5815">
    <p class='ocr_par' dir='ltr' id='par_1_12' title="bbox 224 5229 1769 5815">
     <span class='ocr_line' id='line_1_36' title="bbox 224 5229 1769 5336; baseline -0.006 -30"><span class='ocrx_word' id='word_1_330' title='bbox 224 5232 307 5308; x_wconf 87' lang='lat' dir='ltr'>Sunt</span> <span class='ocrx_word' id='word_1_331' title='bbox 332 5241 448 5314; x_wconf 64' lang='lat' dir='ltr'>umen</span> <span class='ocrx_word' id='word_1_332' title='bbox 474 5236 567 5308; x_wconf 91' lang='lat' dir='ltr'>inter</span> <span class='ocrx_word' id='word_1_333' title='bbox 593 5236 712 5336; x_wconf 86' lang='lat' dir='ltr'>laneos</span> <span class='ocrx_word' id='word_1_334' title='bbox 735 5235 967 5310; x_wconf 90' lang='lat' dir='ltr'>cmethonales</span> <span class='ocrx_word' id='word_1_335' title='bbox 994 5233 1131 5323; x_wconf 86' lang='lat' dir='ltr'>aliquae</span> <span class='ocrx_word' id='word_1_336' title='bbox 1161 5229 1275 5322; x_wconf 86' lang='lat' dir='ltr'>pecies</span> <span class='ocrx_word' id='word_1_337' title='bbox 1293 5247 1465 5320; x_wconf 85' lang='lat' dir='ltr'>agrorum,</span> <span class='ocrx_word' id='word_1_338' title='bbox 1492 5230 1637 5298; x_wconf 87' lang='lat' dir='ltr'>vocatae</span> <span class='ocrx_word' id='word_1_339' title='bbox 1663 5249 1769 5322; x_wconf 77' lang='lat' dir='ltr'>aymo,</span> 
     </span>
     <span class='ocr_line' id='line_1_37' title="bbox 224 5348 1766 5450; baseline -0.006 -21"><span class='ocrx_word' id='word_1_340' title='bbox 224 5377 307 5448; x_wconf 87' lang='lat' dir='ltr'>quae</span> <span class='ocrx_word' id='word_1_341' title='bbox 333 5359 415 5431; x_wconf 88' lang='lat' dir='ltr'>olim</span> <span class='ocrx_word' id='word_1_342' title='bbox 442 5363 543 5431; x_wconf 91' lang='lat' dir='ltr'>eraut</span> <span class='ocrx_word' id='word_1_343' title='bbox 568 5359 746 5450; x_wconf 81' lang='lat' dir='ltr'>militares,</span> <span class='ocrx_word' id='word_1_344' title='bbox 774 5358 935 5430; x_wconf 87' lang='lat' dir='ltr'>videlicet</span> <span class='ocrx_word' id='word_1_345' title='bbox 961 5353 1004 5426; x_wconf 85' lang='lat' dir='ltr'>de</span> <span class='ocrx_word' id='word_1_346' title='bbox 1023 5354 1157 5428; x_wconf 90' lang='lat' dir='ltr'>duobus</span> <span class='ocrx_word' id='word_1_347' title='bbox 1183 5351 1313 5443; x_wconf 90' lang='lat' dir='ltr'>campis</span> <span class='ocrx_word' id='word_1_348' title='bbox 1340 5354 1489 5442; x_wconf 89' lang='lat' dir='ltr'>quatuor</span> <span class='ocrx_word' id='word_1_349' title='bbox 1514 5348 1703 5437; x_wconf 85' lang='lat' dir='ltr'>laneorum,</span> <span class='ocrx_word' id='word_1_350' title='bbox 1730 5349 1766 5420; x_wconf 90' lang='lat' dir='ltr'>in</span> 
     </span>
     <span class='ocr_line' id='line_1_38' title="bbox 224 5467 1767 5578; baseline -0.008 -27"><span class='ocrx_word' id='word_1_351' title='bbox 224 5479 343 5569; x_wconf 91' lang='lat' dir='ltr'>quibus</span> <span class='ocrx_word' id='word_1_352' title='bbox 369 5501 461 5553; x_wconf 90' lang='lat' dir='ltr'>uuuc</span> <span class='ocrx_word' id='word_1_353' title='bbox 487 5486 637 5572; x_wconf 87' lang='lat' dir='ltr'>quotuor</span> <span class='ocrx_word' id='word_1_354' title='bbox 663 5480 860 5554; x_wconf 89' lang='lat' dir='ltr'>cmethones</span> <span class='ocrx_word' id='word_1_355' title='bbox 887 5475 1059 5565; x_wconf 90' lang='lat' dir='ltr'>resident,</span> <span class='ocrx_word' id='word_1_356' title='bbox 1087 5474 1265 5547; x_wconf 89' lang='lat' dir='ltr'>videlicet:</span> <span class='ocrx_word' id='word_1_357' title='bbox 1301 5471 1444 5562; x_wconf 88' lang='lat' dir='ltr'>Okou,</span> <span class='ocrx_word' id='word_1_358' title='bbox 1478 5469 1563 5542; x_wconf 91' lang='lat' dir='ltr'>item</span> <span class='ocrx_word' id='word_1_359' title='bbox 1588 5467 1767 5578; x_wconf 79' lang='lat' dir='ltr'>lohannes</span> 
     </span>
     <span class='ocr_line' id='line_1_39' title="bbox 225 5590 1765 5700; baseline -0.005 -32"><span class='ocrx_word' id='word_1_360' title='bbox 225 5597 497 5700; x_wconf 83' lang='lat' dir='ltr'>Wyekscha,</span> <span class='ocrx_word' id='word_1_361' title='bbox 524 5603 608 5675; x_wconf 90' lang='lat' dir='ltr'>item</span> <span class='ocrx_word' id='word_1_362' title='bbox 635 5600 830 5690; x_wconf 89' lang='lat' dir='ltr'>Raszek,</span> <span class='ocrx_word' id='word_1_363' title='bbox 858 5601 940 5670; x_wconf 90' lang='lat' dir='ltr'>item</span> <span class='ocrx_word' id='word_1_364' title='bbox 959 5597 1154 5670; x_wconf 84' lang='lat' dir='ltr'>Stauislaus</span> <span class='ocrx_word' id='word_1_365' title='bbox 1180 5595 1311 5687; x_wconf 82' lang='lat' dir='ltr'>Zyla3</span> <span class='ocrx_word' id='word_1_366' title='bbox 1338 5595 1423 5692; x_wconf 89' lang='lat' dir='ltr'>item</span> <span class='ocrx_word' id='word_1_367' title='bbox 1441 5590 1765 5674; x_wconf 84' lang='lat' dir='ltr'>duaehortulauiae</span> 
     </span>
     <span class='ocr_line' id='line_1_40' title="bbox 224 5712 1764 5815; baseline -0.006 -22"><span class='ocrx_word' id='word_1_368' title='bbox 224 5719 383 5796; x_wconf 83' lang='lat' dir='ltr'>habentes</span> <span class='ocrx_word' id='word_1_369' title='bbox 400 5743 523 5815; x_wconf 75' lang='lat' dir='ltr'>agroS,</span> <span class='ocrx_word' id='word_1_370' title='bbox 549 5723 592 5797; x_wconf 91' lang='lat' dir='ltr'>de</span> <span class='ocrx_word' id='word_1_371' title='bbox 619 5719 743 5815; x_wconf 88' lang='lat' dir='ltr'>quibus</span> <span class='ocrx_word' id='word_1_372' title='bbox 769 5721 897 5813; x_wconf 90' lang='lat' dir='ltr'>partim</span> <span class='ocrx_word' id='word_1_373' title='bbox 912 5718 1112 5792; x_wconf 89' lang='lat' dir='ltr'>decimatur</span> <span class='ocrx_word' id='word_1_374' title='bbox 1140 5718 1313 5808; x_wconf 88' lang='lat' dir='ltr'>canonico,</span> <span class='ocrx_word' id='word_1_375' title='bbox 1339 5716 1467 5806; x_wconf 89' lang='lat' dir='ltr'>partim</span> <span class='ocrx_word' id='word_1_376' title='bbox 1492 5712 1649 5804; x_wconf 89' lang='lat' dir='ltr'>plebano.</span> <span class='ocrx_word' id='word_1_377' title='bbox 1675 5713 1764 5785; x_wconf 88' lang='lat' dir='ltr'>Item</span> 
     </span>
    </p>
   </div>
   <div class='ocr_carea' id='block_1_12' title="bbox 195 5861 1599 5954">
    <p class='ocr_par' dir='ltr' id='par_1_13' title="bbox 195 5861 1599 5954">
     <span class='ocr_line' id='line_1_41' title="bbox 195 5861 1599 5954; baseline -0.001 -18"><span class='ocrx_word' id='word_1_378' title='bbox 195 5949 201 5954; x_wconf 17' lang='grc' dir='ltr'>ἠ</span> <span class='ocrx_word' id='word_1_379' title='bbox 322 5891 528 5936; x_wconf 61' lang='lat' dir='ltr'>utrumnam</span> <span class='ocrx_word' id='word_1_380' title='bbox 899 5915 902 5926; x_wconf 70' lang='lat'>,</span> <span class='ocrx_word' id='word_1_381' title='bbox 1516 5941 1522 5944; x_wconf 60' lang='grc'><strong>,</strong></span> <span class='ocrx_word' id='word_1_382' title='bbox 1562 5861 1599 5914; x_wconf 73' lang='lat'>⁴³</span> 
     </span>
    </p>
   </div>
   <div class='ocr_carea' id='block_1_13' title="bbox 0 0 2280 6599">
    <p class='ocr_par' dir='ltr' id='par_1_14' title="bbox 0 0 2280 6599">
     <span class='ocr_line' id='line_1_42' title="bbox 0 0 2280 6599; baseline 0 0"><span class='ocrx_word' id='word_1_383' title='bbox 0 0 2280 6599; x_wconf 95' lang='lat' dir='ltr'> </span> 
     </span>
    </p>
   </div>
  </div>
 </body>
</html>
