4550 6600
504 752 584 827 232
636 822 641 837 .

613 958 883 1048 Summanos,
912 956 996 1031 villa
1022 957 1087 1031 sub
1105 956 1274 1049 parochia
1299 955 1343 1030 de
1360 955 1523 1031 Olecza
1548 958 1635 1049 sita,
1662 958 1760 1031 cuins
1777 956 1944 1033 haeredes
1971 1014 2052 1032 ....

507 1082 632 1155 nobilis
668 1080 710 1152 de
738 1079 840 1153 domo
992 1085 1029 1152 et
1054 1079 1215 1151 Andreas
1250 1079 1454 1171 Slupsky
1489 1080 1533 1151 de
1559 1080 1662 1153 (tomo
1815 1080 1856 1151 Iu
1883 1102 1953 1171 qua
1978 1088 2054 1153 suut

506 1203 598 1273 lanei
625 1202 876 1293 cmethonales‚
913 1202 956 1273 ule
983 1202 1108 1293 quibus
1135 1202 1295 1273 omnibus
1326 1201 1476 1273 solvitur
1510 1201 1643 1274 decima
1672 1202 1899 1293 manipularis
1925 1202 2054 1274 schola-

507 1324 613 1395 striae
639 1304 880 1411 Oracoviensi3
908 1323 1004 1397 cuius
1030 1324 1207 1414 perceptio
1234 1323 1271 1393 in
1296 1322 1482 1412 manipulis
1508 1324 1689 1397 abstracta
1714 1329 1769 1396 est
1794 1344 1816 1395 a
1841 1323 2053 1414 scholastria,

513 1450 551 1515 et
571 1444 703 1516 incolae
730 1444 825 1515 illam
853 1445 999 1536 quilibet
1025 1444 1068 1515 de
1086 1464 1149 1517 suo
1167 1464 1253 1534 agro
1280 1444 1345 1516 soli
1371 1445 1584 1535 percipiunt,
1610 1451 1647 1517 et
1663 1465 1729 1536 pro
1746 1466 1789 1517 ea
1814 1446 1956 1519 solvunt
1972 1464 2058 1517 suru-

508 1566 625 1636 matim
653 1570 727 1638 tres
753 1564 907 1639 fertones
933 1566 1083 1638 latorum
1111 1586 1314 1656 grossorum
1339 1565 1576 1656 Pragensium.

1154 1686 1412 1759 Pauczowrca.

395 1904 399 1912 .
610 1807 705 1880 Villa
730 1807 862 1880 habens
880 1808 916 1879 in
935 1828 972 1880 se
989 1806 1224 1898 parochialem
1255 1806 1434 1879 ecclesiam
1469 1807 1595 1880 Sancto
1617 1807 1749 1881 Jacobo
1767 1808 1937 1898 dicatam,
1964 1807 2056 1880 cuius

506 1931 631 2037 haerep
666 1929 830 2003 Nicolaus
865 1929 1222 2020 Myschkowsky
1257 1928 1429 2001 dedomo
1464 1928 1766 2020 Accipitrum
1804 1929 1846 1999 ln
1872 1950 1957 2020 qua.
1979 1934 2057 2001 sunt

507 2052 598 2123 lanei
624 2050 874 2141 emethonales,
911 2050 954 2121 de
982 2050 1107 2141 quibus
1143 2048 1302 2123 omnibus
1328 2050 1477 2123 solvitur
1512 2050 1646 2122 decima
1670 2051 1898 2141 manipularis
1925 2050 2057 2122 schola-

510 2172 619 2245 striae
646 2171 886 2261 Oracoviensi;
918 2172 1015 2243 cuius
1041 2171 1219 2263 perceptio
1245 2171 1281 2241 in
1307 2172 1484 2262 manipulo
1511 2192 1533 2243 a
1559 2171 1767 2244 scholastria
1792 2172 1974 2245 abstractu
1998 2178 2078 2261 est,-

464 2322 470 2335 ·
508 2301 545 2366 et
570 2294 703 2367 incolae
730 2294 825 2366 illam
844 2293 989 2385 quilibet
1015 2293 1058 2365 de
1076 2312 1140 2365 suo
1158 2313 1244 2384 agro
1271 2293 1337 2364 soli
1354 2293 1530 2384 accipiunt
1554 2298 1592 2365 et
1612 2292 1753 2365 solvunt
1771 2293 1971 2365 summatim
1995 2312 2059 2383 pro

508 2416 586 2507 ipsa
612 2416 818 2489 scholastico
846 2413 1067 2487 Oracoviensi
1094 2414 1181 2497 duas
1206 2433 1341 2487 marcas
1367 2414 1517 2486 latomm
1543 2434 1761 2505 grossomm:
1796 2415 1879 2486 item
1905 2415 2061 2503 taberna,

508 2537 592 2608 item
619 2535 795 2609 hortulani
822 2590 926 2627 ....,
953 2536 1036 2607 item
1063 2535 1243 2627 praedium
1269 2546 1375 2627 ’....,
1406 2536 1491 2607 item
1516 2535 1663 2608 ecclesia
1688 2536 1796 2608 habet
1820 2535 1871 2607 ibi
1897 2536 2060 2626 proprios

508 2678 611 2747 agros
638 2657 766 2731 liberos
793 2662 829 2729 et
854 2663 967 2750 pratu,
994 2678 1058 2750 pro
1084 2678 1148 2731 suo
1175 2678 1241 2733 usu
1267 2663 1307 2748 et
1329 2657 1547 2731 necessitate.

820 2852 823 2861 ,
1179 2777 1390 2851 (taccam.

609 2900 705 2975 Villa
731 2903 767 2974 in
786 2922 854 2993 qua
872 2906 926 2975 est
943 2901 1153 2992 parochialis
1180 2900 1338 2990 ecclesia,
1365 2898 1472 2973 Sauct
1498 2952 1632 2990 ......
1658 2899 1757 2973 cuius
1774 2900 1973 2990 proprietas
1997 2918 2062 2990 pro
2157 2940 2159 2963 .

508 3028 624 3095 castro
651 3023 864 3095 Barwald
891 3023 936 3094 ad
954 3022 1159 3094 Gasimirum
1187 3020 1351 3093 Poloniae
1377 3040 1495 3111 regem
1521 3021 1683 3111 pertinet
1722 3022 1763 3092 In
1781 3042 1851 3112 qna
1868 3026 1952 3093 sunt
1967 3021 2060 3091 lanei

508 3144 756 3233 emethonales,
783 3144 969 3233 dequibus
996 3144 1155 3216 omnibus
1182 3143 1331 3215 solvitur
1357 3142 1491 3215 decima
1516 3142 1743 3233 manipularis
1768 3163 1832 3233 pro
1851 3142 2060 3213 scholastria

507 3263 746 3356 tirasonensi,
773 3265 871 3340 cuius
898 3265 1076 3357 perceptio
1103 3266 1282 3338 abstractu
1308 3264 1417 3337 estin
1434 3264 1609 3354 manipulo
1636 3264 1885 3337 ascholastria
1911 3267 1948 3336 et
1964 3263 2059 3336 inco

507 3385 563 3456 lae
591 3386 656 3457 soli
686 3387 781 3458 illam
817 3387 963 3476 quilibet
989 3386 1033 3458 de
1063 3407 1134 3459 suo.
1153 3407 1238 3476 agro
1264 3407 1330 3477 pro
1356 3405 1394 3458 se
1420 3385 1607 3489 accipiunt,
1634 3392 1672 3458 et
1697 3386 1837 3458 solmut
1863 3386 2062 3458 summatim

508 3527 573 3598 pro
600 3508 676 3598 ipsa
702 3507 909 3579 scholastico
945 3507 1166 3580 Gracovieusi
1201 3507 1351 3579 mediam
1385 3527 1538 3579 marcam
1572 3505 1724 3579 latorum
1748 3527 1951 3598 grossorum
1976 3506 2064 3578 Pra-

508 3629 677 3719 gensium,
704 3629 787 3701 item
813 3629 980 3702 tabernae
1136 3628 1220 3700 item
1246 3628 1467 3701 hortulaniae
1627 3628 1712 3700 item
1746 3628 1928 3718 praedium

507 3749 591 3822 item
617 3751 724 3824 habet
749 3751 799 3824 ibi
826 3751 970 3825 ecclesia
1005 3755 1042 3825 et
1067 3749 1236 3842 plebanus
1262 3749 1424 3842 proprios
1458 3769 1562 3839 agros
1588 3755 1626 3822 et
1650 3755 1772 3840 prata,
1807 3769 1872 3840 pro
1904 3770 1969 3822 suo
1994 3771 2059 3821 usu

508 3878 544 3943 et
570 3873 785 3947 necessitate.
2027 3895 2032 3902 ·

1198 3991 1370 4065 Wrnrnz.

611 4112 706 4187 Villa
731 4115 863 4187 hahens
890 4117 926 4186 in
945 4135 983 4186 se
1000 4114 1180 4186 ecclesiam
1206 4115 1458 4206 parochialem,
1486 4111 1593 4186 Sanct
1619 4165 1826 4204 .........
1853 4113 1953 4186 cuius
1977 4114 2059 4199 hae

507 4234 608 4305 redes
626 4234 704 4324 duo,
731 4235 895 4308 Nicolaus
923 4235 1272 4326 Schachowsky,
1299 4235 1461 4308 Nicolaus
1488 4242 1524 4308 et
1541 4236 1735 4308 Stanislaus
1761 4237 1804 4307 do
1827 4234 1990 4326 Weprz
2016 4235 2060 4306 oie

507 4355 609 4428 domo
637 4353 722 4428 Gru
731 4355 888 4447 ymala.
928 4357 967 4427 ln
987 4377 1055 4446 qna
1073 4361 1155 4428 sunt
1171 4356 1264 4428 lanei
1282 4358 1531 4448 cmethonales,
1558 4356 1602 4428 ‹le
1620 4356 1745 4448 quihus
1758 4357 1910 4429 solvitur
1927 4356 2060 4428 decima

491 4467 752 4567 'manipularis
788 4477 1014 4550 scholastriae
1050 4475 1289 4551 Oracoviensi:
1320 4477 1382 4552 sed
1417 4479 1492 4551 eius
1517 4477 1695 4569 perceptio
1728 4479 1766 4549 in
1791 4477 1979 4569 manipulis
2005 4480 2057 4548 est

507 4598 685 4671 abstracta
711 4618 733 4669 a
751 4597 957 4671 scholastria
983 4603 1019 4671 11
1036 4599 1101 4670 soli
1119 4599 1253 4672 incolae
1279 4599 1426 4690 quilibet
1451 4600 1495 4671 de
1513 4621 1598 4690 agro
1618 4621 1680 4672 suo
1707 4599 1803 4670 illam
1828 4620 1893 4690 pro
1910 4619 1950 4672 se
1967 4598 2056 4670 aas

508 4719 617 4812 piant,
644 4720 784 4792 solmnt
811 4725 926 4792 autern
953 4720 1138 4793 summarie
1164 4719 1373 4793 scholastico
1391 4719 1613 4822 Oracoviensi
1638 4741 1704 4812 pro
1722 4720 1799 4810 ipsa
1823 4720 1949 4811 viginti
1966 4724 2056 4792 scot·

506 4847 563 4914 tos
589 4841 740 4915 latorum
765 4862 965 4933 grossorum
992 4841 1239 4933 Pragensinm:
1272 4843 1355 4914 item
1383 4843 1548 4914 tabernae
1670 4842 1755 4913 item
1780 4841 1958 4914 hortulani

505 4963 589 5035 item
616 4964 723 5036 hahet
758 4964 807 5036 ibi
833 4963 976 5038 ecclesia
1003 4968 1038 5036 et
1063 4963 1233 5054 plebanus
1267 4964 1429 5055 proprios
1463 4983 1566 5054 agros
1593 4968 1629 5035 et
1653 4967 1776 5054 prata,
1811 4982 1877 5054 pro
1904 4983 1968 5034 suo
1994 4981 2058 5033 usu

507 5091 545 5156 et
570 5087 787 5158 necessitat.

613 5206 907 5298 Jaunazrcnow,
934 5205 1018 5278 villa
1044 5205 1109 5279 sub
1135 5206 1301 5299 parochia
1318 5206 1362 5279 de
1379 5205 1485 5299 Wye
1496 5225 1574 5297 pra
1600 5206 1679 5297 sita,
1697 5205 1794 5278 cuius
1812 5207 1937 5278 haeres
1955 5205 2055 5278 Nino

507 5323 583 5398 lans
610 5326 950 5420 Schuchowslry
977 5328 1103 5402 nobilis
1130 5329 1174 5400 de
1200 5330 1302 5401 domo
1328 5327 1585 5400 Fossorum.
1611 5327 1652 5398 ln
1671 5333 1841 5418 quasunt
1857 5327 1951 5399 lanei
1969 5347 2055 5399 eme

466 5479 470 5488 ·
508 5449 676 5538 thonales,
703 5450 746 5520 de
774 5450 899 5540 quibus
926 5451 1085 5521 omuibus
1113 5450 1259 5522 solvitur
1285 5449 1420 5522 decima
1445 5448 1672 5539 manipularis
1690 5449 1917 5520 scholastriae
1934 5445 2055 5520 Graoo

507 5569 638 5655 viensi3
665 5569 762 5640 cuius
798 5571 902 5641 etiam
938 5572 1114 5661 perceptio
1149 5574 1184 5642 in
1221 5572 1405 5662 manipulis
1440 5573 1619 5642 abstracta
1643 5575 1699 5642 est
1724 5591 1746 5640 a
1772 5570 1997 5660 scholastria,
2022 5573 2057 5639 et

430 5711 434 5718 ·
508 5687 640 5760 incolae
667 5689 732 5764 soli
760 5691 854 5763 illam
882 5692 1028 5786 quilibet
1053 5693 1096 5766 de
1123 5694 1196 5766 suis
1223 5693 1317 5782 agris
1343 5713 1407 5783 pro
1434 5713 1473 5766 se
1499 5691 1683 5784 accipiunt,
1710 5696 1747 5763 et
1764 5691 1904 5765 solvunt
1920 5709 1986 5783 pro
2002 5689 2060 5761 illa
