4550 6600
496 727 569 803 228

495 933 696 1008 conducitur
723 930 856 1002 decima
883 928 1108 1019 manipularis
1135 932 1172 997 et
1198 926 1375 1017 canapalis
1410 947 1475 1016 pro
1501 927 1648 997 ecclesia
1673 931 1710 999 et
1735 927 1883 1018 plebano
1910 927 1986 999 eins
2010 929 2044 998 in

495 1053 761 1143 Landzyny,
797 1051 894 1122 cuins
910 1050 1019 1121 ‘valor
1045 1049 1090 1120 ad
1118 1055 1270 1139 quatuor
1305 1069 1440 1119 marcas
1478 1046 1700 1119 aestimatur:
1735 1047 1820 1119 item
1846 1048 2045 1120 cmethones

495 1180 657 1249 tenentur
676 1173 811 1245 solvere
828 1195 908 1269 spcp
927 1171 1092 1243 ecclesiae
1110 1172 1146 1242 in
1173 1169 1461 1261 Lyendziny,
1491 1168 1637 1259 quilibet
1658 1168 1702 1239 de
1727 1168 1829 1241 laneo
1856 1175 1931 1241 tres
1948 1190 2046 1241 coros

495 1296 642 1387 siliginis
669 1300 706 1367 et
732 1315 794 1365 sex
821 1312 961 1381 avenae;
988 1294 1070 1363 item
1098 1297 1153 1363 est
1179 1292 1228 1362 ibi
1255 1291 1436 1381 praedium
1467 1291 1617 1361 militare
1644 1290 1688 1361 de
1715 1311 1783 1380 quo
1802 1344 1946 1361 ......

600 1417 816 1505 anonzuo,
843 1414 926 1485 villa
952 1414 1084 1484 habens
1109 1413 1147 1483 in
1175 1434 1213 1483 se
1240 1412 1419 1483 ecclesiam
1448 1412 1700 1501 parochialem,
1726 1411 1824 1483 cuius
1852 1413 2046 1503 proprietas

495 1541 540 1613 ad
567 1540 764 1629 episcopum
793 1535 1056 1607 Oracoviensem
1083 1534 1245 1624 pertinet.
1272 1534 1312 1603 ln
1340 1554 1410 1625 qua
1432 1538 1514 1605 sunt
1541 1533 1664 1622 viginti
1691 1552 1813 1604 novem
1840 1533 1934 1605 lanei
1961 1555 2049 1605 cme-

496 1660 670 1749 thonaleS,
706 1657 748 1729 de
777 1656 901 1747 quibus
929 1656 1088 1727 omnibus
1124 1654 1270 1726 solvitur
1297 1660 1334 1725 et
1360 1654 1565 1725 conducitur
1600 1646 1733 1724 decima
1759 1654 2049 1743 manipulariset

463 1783 466 1795 '
496 1780 674 1871 canapalis
700 1800 764 1869 pro
793 1778 937 1849 ecclesia
964 1776 1156 1867 parochiali
1187 1776 1224 1845 in
1250 1775 1520 1866 Landzyny,
1556 1779 1593 1846 et
1618 1774 1717 1846 valor
1744 1775 1818 1845 eins
1853 1775 1901 1845 ad
1927 1777 2049 1865 viginti

497 1923 633 1977 marcas
660 1901 873 1971 aestimatur.
918 1898 1006 1969 Item
1033 1903 1087 1969 cst
1114 1897 1164 1967 ihi
1190 1896 1350 1968 scoltetia
1376 1896 1508 1971 hahens
1534 1896 1623 1967 duos
1649 1896 1778 1986 laneos,
1804 1897 1989 1969 tabernam
2013 1904 2050 1967 et

497 2023 720 2098 hortulanum
755 2020 925 2091 habentes
961 2020 1064 2089 etiam
1092 2039 1211 2108 agroS,
1247 2018 1290 2089 de
1328 2018 1451 2107 quibus
1488 2015 1680 2088 decimatur
1716 2016 1884 2089 ecclesiae
1921 2020 1959 2089 in
1983 2018 2008 2091 J
2013 2039 2049 2089 a

499 2165 700 2233 uorzno,
728 2142 826 2213 cuius
853 2140 952 2213 valor
978 2140 1023 2211 ad
1050 2139 1136 2211 duas
1163 2160 1298 2210 marcas
1325 2139 1541 2210 aestimator.

602 2264 907 2352 Gznszuowuozn,
935 2260 1017 2333 villa
1044 2262 1108 2333 snb
1126 2261 1294 2351 parochia
1320 2260 1364 2331 dc
1389 2259 1636 2331 Jaworzno
1663 2260 1741 2350 sita,
1767 2260 1866 2332 cuins
1893 2262 2050 2352 proprie-

353 2446 357 2451 .
497 2394 551 2460 tas
579 2408 642 2477 pro
670 2405 740 2457 una
765 2382 951 2455 medie-tate
978 2382 1022 2453 ad
1049 2382 1247 2472 episcopum
1275 2380 1539 2453 cracoviensem
1566 2382 1728 2472 pertinet,
1755 2403 1819 2471 pro
1837 2383 1951 2453 altera
1968 2402 2051 2455 vero

500 2508 684 2584 medietate
712 2506 757 2578 ad
783 2505 994 2595 Stephanum
1022 2504 1265 2594 Pogorslry
1297 2502 1340 2573 de
1366 2502 1473 2573 armis
1491 2556 1660 2573 .......
1687 2503 1728 2573 ln
1755 2524 1824 2593 qua
1850 2509 1934 2575 sunt
1960 2504 2050 2575 lanei

500 2629 751 2718 cmethonales‚
778 2628 862 2698 item
889 2625 1075 2715 tabernae,
1110 2624 1195 2706 item
1221 2623 1459 2712 hortulaniae,
1495 2623 1538 2694 de
1565 2624 1690 2713 quihus
1717 2624 1877 2695 omnibus
1904 2624 2051 2697 solvitur

397 2736 402 2749 ’
498 2759 535 2824 ct
562 2750 766 2822 conducitur
792 2746 925 2819 decima
942 2745 1170 2837 manipularis
1196 2765 1260 2834 pro
1279 2744 1425 2817 ecclesia
1450 2744 1487 2815 in
1513 2743 1772 2835 Landziny,
1798 2750 1835 2817 et
1853 2745 1953 2817 valor
1976 2746 2050 2817 eins

501 2873 704 2945 aestimatur
730 2868 775 2939 ad
794 2920 908 2938 .....

603 2992 830 3078 Sczuuowu,
866 2988 950 3059 villa
977 2988 1041 3059 sub
1068 2986 1235 3077 parochia
1261 2985 1304 3057 de
1330 2986 1354 3057 J
1364 3006 1574 3059 aworzno
1602 2988 1689 3075 sita,
1724 2987 1821 3059 cuius
1852 2990 2050 3078 proprietas

500 3114 546 3186 ad
573 3111 830 3185 serenissimum
857 3107 1022 3181 Poloniae
1049 3128 1167 3199 regom
1194 3109 1355 3199 pertinet.
1399 3109 1440 3178 ln
1468 3128 1536 3198 qua
1572 3113 1654 3179 sunt
1689 3108 1782 3179 lanei
1808 3108 2050 3199 cmethonales,

499 3234 543 3308 de
570 3234 694 3326 quihus
721 3232 867 3304 solvitur
894 3229 1026 3302 decima
1053 3230 1243 3320 pecunialis
1270 3230 1306 3302 in
1333 3250 1467 3302 summa
1493 3229 1638 3302 duarum
1656 3250 1918 3322 sexagenarium,
1944 3231 2049 3304 eccle
2145 3268 2150 3284 ·

502 3356 575 3428 siae
603 3360 640 3426 et
667 3355 741 3425 eius
768 3354 916 3444 plebano
936 3352 979 3424 ¹in
1005 3351 1265 3443 Landzyny.

605 3474 765 3565 Curru,
791 3473 875 3545 villa
901 3473 965 3545 sub
992 3473 1158 3564 parochia
1185 3473 1228 3544 de
1254 3472 1505 3563 Landzyny
1532 3473 1619 3563 sita,
1656 3473 1753 3545 cuins
1784 3474 1982 3564 proprietas
2007 3475 2051 3546 ad

501 3597 699 3690 episcopum
727 3592 990 3668 cracoviensem
1017 3595 1180 3685 pertinet.
1220 3595 1261 3664 In
1288 3615 1358 3684 qua
1383 3594 1509 3685 viginti
1536 3593 1604 3666 duo
1632 3595 1733 3687 lanei,
1759 3594 1803 3667 de
1830 3596 1957 3685 quibus
1983 3595 2049 3666 sol-

501 3719 594 3792 vitur
621 3718 753 3790 decima
779 3715 1004 3807 manipularis
1032 3720 1067 3788 et
1093 3715 1268 3806 canapalis
1295 3736 1359 3806 pro
1387 3715 1594 3788 scholastria
1620 3697 1851 3806 Gracoviensi,
1891 3721 1929 3787 et
1955 3716 2049 3788 valor

501 3839 575 3912 eius
603 3839 808 3911 aestimatur
835 3837 879 3909 ad
906 3837 1031 3928 viginti
1058 3857 1202 3908 marcas.
1233 3837 1323 3908 Item
1350 3837 1550 3910 cmethones
1576 3837 1732 3910 eiusdem
1758 3836 1861 3909 villae
1887 3840 2050 3909 tenemur

506 3960 641 4034 solvere
668 3981 749 4055 sycp
776 3958 942 4031 ecclesiae
968 3958 1005 4029 in
1032 3957 1269 4050 Lyendzin
1277 3981 1310 4050 y.
1893 4040 1896 4044 ¹

605 4078 893 4169 Puraoczrnur,
921 4079 1003 4150 villa
1029 4079 1093 4151 sub
1121 4079 1288 4171 parochia
1314 4079 1357 4150 de
1383 4078 1634 4170 Landzyny
1660 4079 1743 4170 sita,
1769 4079 1869 4152 cuins
1895 4081 2048 4172 proprie-

501 4203 555 4272 tas
582 4199 627 4270 ad
654 4199 775 4271 ducem
802 4199 1106 4272 Rathiboriensem
1134 4201 1296 4292 pertinet.
1322 4200 1451 4290 inqua
1476 4200 1569 4272 lanei
1596 4201 1840 4292 cmethonales,
1866 4201 2049 4293 dequibus

502 4321 649 4396 solvitur
668 4373 782 4391 .....
822 4320 911 4393 Item
938 4321 1138 4396 cmethones
1165 4320 1319 4394 eiusdem
1346 4321 1450 4394 villae
1485 4326 1650 4394 tenentur
1677 4322 1812 4396 solvere
1837 4343 1920 4418 syerp
1946 4322 2049 4394 ecclc·

461 4442 575 4548 *siae
601 4441 639 4514 in
664 4440 948 4534 Lyendziny.

1201 4685 1368 4760 annora

604 4805 777 4898 Oppidum
803 4807 936 4880 habens
963 4807 999 4879 in
1026 4829 1064 4882 se
1090 4808 1326 4900 parochialem
1353 4808 1534 4881 ecclesiam
1560 4814 1751 4899 muratam,
1788 4808 1895 4882 Sanct
1913 4865 2051 4880 ......

500 4927 660 5018 dicatam,
687 4929 785 5000 cuins
811 4929 1007 5020 proprietas
1033 4931 1186 5021 pertinet
1211 4929 1256 5001 ad
1282 4928 1487 5002 Gasimirum
1514 4936 1551 5002 et
1579 4929 1827 5021 Venceslaum,
1853 4931 2052 5004 Janussium

500 5054 537 5122 et
564 5048 782 5121 Vladislaum
809 5049 914 5122 duces
941 5050 1197 5124 Zathorienses.
1224 5051 1265 5123 In
1293 5072 1360 5142 quo
1387 5058 1469 5124 sunt
1495 5052 1588 5124 lanei
1615 5051 1815 5142 civiles‚.de
1833 5053 1962 5144 quibus
1989 5053 2052 5125 sol-

499 5169 593 5243 vitur
619 5169 753 5242 decima
779 5171 1005 5262 manipularis
1032 5172 1260 5245 scholastriae
1287 5171 1517 5254 Oracoviensi.
1543 5173 1732 5248 Abstracta
1758 5179 1814 5246 est
1840 5179 1959 5246 autern
1976 5195 2051 5265 per·

500 5290 614 5382 ceptio
641 5291 794 5363 decimae
822 5291 1048 5396 manipularis
1075 5313 1097 5364 a
1124 5294 1334 5366 scholastria
1359 5294 1591 5385 cracoviensi,
1618 5301 1655 5370 et
1681 5295 1748 5366 soli
1774 5295 1942 5386 oppidani
1959 5283 2050 5368 illam

499 5411 696 5503 percipiunt
721 5413 917 5506 manipulo,
944 5419 981 5486 et
1007 5415 1204 5488 summatim
1232 5416 1370 5488 solvunt
1397 5416 1549 5508 quinque
1575 5436 1711 5498 marcas
1738 5416 1891 5488 latorum
1915 5437 2051 5508 grosso

498 5551 576 5603 rum
602 5530 829 5623 Progensium
857 5535 1073 5608 scholastico.
1117 5537 1206 5608 Item
1233 5537 1413 5627 praedium
1439 5544 1495 5610 est
1520 5538 1587 5627 ibi,
1625 5537 1718 5628 quod
1753 5536 1845 5640 alias⁴
1875 5558 2049 5630 nunquam

509 5649 586 5745 hut,
613 5671 678 5746 per
704 5653 809 5730 duces
834 5657 972 5734 noviter
998 5662 1153 5736 erectum
1180 5678 1224 5732 ex
1249 5659 1344 5752 agris
1366 5659 1627 5755 oppidanomm,
1653 5660 1691 5736 in
1717 5657 1880 5735 damnum
1905 5659 2051 5734 decimae
