<?xml version="1.0" encoding="UTF-8"?>
<!DOCTYPE html PUBLIC "-//W3C//DTD XHTML 1.0 Transitional//EN"
    "http://www.w3.org/TR/xhtml1/DTD/xhtml1-transitional.dtd">
<html xmlns="http://www.w3.org/1999/xhtml" xml:lang="en" lang="en">
 <head>
  <title>
</title>
<meta http-equiv="Content-Type" content="text/html;charset=utf-8" />
  <meta name='ocr-system' content='tesseract 3.04.00' />
  <meta name='ocr-capabilities' content='ocr_page ocr_carea ocr_par ocr_line ocrx_word'/>
</head>
<body>
  <div class='ocr_page' id='page_1' title='image "./operaomnia03paulgoog_0076.png"; bbox 0 0 4550 6600; ppageno 0'>
   <div class='ocr_carea' id='block_1_1' title="bbox 1765 766 1815 836">
    <p class='ocr_par' dir='ltr' id='par_1_1' title="bbox 1765 766 1815 836">
     <span class='ocr_line' id='line_1_1' title="bbox 1765 766 1815 836; baseline 0.02 -1"><span class='ocrx_word' id='word_1_1' title='bbox 1765 766 1815 836; x_wconf 83' lang='lat'>43</span> 
     </span>
    </p>
   </div>
   <div class='ocr_carea' id='block_1_2' title="bbox 250 964 1883 5785">
    <p class='ocr_par' dir='ltr' id='par_1_2' title="bbox 262 964 1816 1303">
     <span class='ocr_line' id='line_1_2' title="bbox 264 964 1816 1060; baseline 0.005 -26"><span class='ocrx_word' id='word_1_2' title='bbox 264 964 433 1040; x_wconf 89' lang='lat' dir='ltr'>haeredes</span> <span class='ocrx_word' id='word_1_3' title='bbox 460 966 602 1036; x_wconf 89' lang='lat' dir='ltr'>Marcus</span> <span class='ocrx_word' id='word_1_4' title='bbox 629 965 914 1056; x_wconf 88' lang='lat' dir='ltr'>Mnynosshy</span> <span class='ocrx_word' id='word_1_5' title='bbox 942 971 978 1036; x_wconf 89' lang='lat' dir='ltr'>et</span> <span class='ocrx_word' id='word_1_6' title='bbox 1004 965 1156 1037; x_wconf 88' lang='lat' dir='ltr'>Jacobus</span> <span class='ocrx_word' id='word_1_7' title='bbox 1175 1021 1401 1037; x_wconf 93' lang='grc'><strong>.........</strong></span> <span class='ocrx_word' id='word_1_8' title='bbox 1420 1024 1428 1058; x_wconf 87' lang='grc'><em>,</em></span> <span class='ocrx_word' id='word_1_9' title='bbox 1457 970 1493 1039; x_wconf 92' lang='lat' dir='ltr'>iu</span> <span class='ocrx_word' id='word_1_10' title='bbox 1521 991 1591 1060; x_wconf 88' lang='lat' dir='ltr'>qua</span> <span class='ocrx_word' id='word_1_11' title='bbox 1616 977 1699 1042; x_wconf 87' lang='lat' dir='ltr'>snut</span> <span class='ocrx_word' id='word_1_12' title='bbox 1724 972 1816 1044; x_wconf 88' lang='lat' dir='ltr'>lanei</span> 
     </span>
     <span class='ocr_line' id='line_1_3' title="bbox 262 1085 1816 1179; baseline 0.006 -24"><span class='ocrx_word' id='word_1_13' title='bbox 262 1087 505 1176; x_wconf 88' lang='lat' dir='ltr'>cmethonalcs‚</span> <span class='ocrx_word' id='word_1_14' title='bbox 532 1087 614 1157; x_wconf 91' lang='lat' dir='ltr'>item</span> <span class='ocrx_word' id='word_1_15' title='bbox 642 1085 822 1177; x_wconf 84' lang='lat' dir='ltr'>praedium</span> <span class='ocrx_word' id='word_1_16' title='bbox 850 1109 955 1157; x_wconf 91' lang='lat' dir='ltr'>unum</span> <span class='ocrx_word' id='word_1_17' title='bbox 982 1087 1150 1178; x_wconf 91' lang='lat' dir='ltr'>militare,</span> <span class='ocrx_word' id='word_1_18' title='bbox 1187 1089 1231 1159; x_wconf 89' lang='lat' dir='ltr'>de</span> <span class='ocrx_word' id='word_1_19' title='bbox 1260 1090 1384 1179; x_wconf 92' lang='lat' dir='ltr'>quibus</span> <span class='ocrx_word' id='word_1_20' title='bbox 1412 1091 1571 1162; x_wconf 88' lang='lat' dir='ltr'>omnibus</span> <span class='ocrx_word' id='word_1_21' title='bbox 1605 1092 1753 1164; x_wconf 88' lang='lat' dir='ltr'>solvitur</span> <span class='ocrx_word' id='word_1_22' title='bbox 1779 1101 1816 1166; x_wconf 90' lang='lat' dir='ltr'>et</span> 
     </span>
     <span class='ocr_line' id='line_1_4' title="bbox 264 1207 1728 1303; baseline 0.005 -27"><span class='ocrx_word' id='word_1_23' title='bbox 264 1207 470 1282; x_wconf 80' lang='lat' dir='ltr'>conducitur</span> <span class='ocrx_word' id='word_1_24' title='bbox 497 1208 630 1279; x_wconf 88' lang='lat' dir='ltr'>decima</span> <span class='ocrx_word' id='word_1_25' title='bbox 656 1207 882 1298; x_wconf 83' lang='lat' dir='ltr'>manipularis</span> <span class='ocrx_word' id='word_1_26' title='bbox 909 1215 945 1278; x_wconf 92' lang='lat' dir='ltr'>et</span> <span class='ocrx_word' id='word_1_27' title='bbox 972 1209 1148 1298; x_wconf 90' lang='lat' dir='ltr'>canapalis</span> <span class='ocrx_word' id='word_1_28' title='bbox 1176 1231 1241 1299; x_wconf 91' lang='lat' dir='ltr'>pro</span> <span class='ocrx_word' id='word_1_29' title='bbox 1268 1211 1414 1281; x_wconf 87' lang='lat' dir='ltr'>ccclesia</span> <span class='ocrx_word' id='word_1_30' title='bbox 1440 1212 1476 1282; x_wconf 90' lang='lat' dir='ltr'>in</span> <span class='ocrx_word' id='word_1_31' title='bbox 1503 1212 1728 1303; x_wconf 82' lang='lat' dir='ltr'>Mninoga.</span> 
     </span>
    </p>

    <p class='ocr_par' dir='ltr' id='par_1_3' title="bbox 260 1325 1814 1898">
     <span class='ocr_line' id='line_1_5' title="bbox 367 1325 1814 1424; baseline 0.007 -27"><span class='ocrx_word' id='word_1_32' title='bbox 367 1325 646 1418; x_wconf 81' lang='lat' dir='ltr'>Sonuusznnur,</span> <span class='ocrx_word' id='word_1_33' title='bbox 675 1329 758 1399; x_wconf 79' lang='lat' dir='ltr'>villa</span> <span class='ocrx_word' id='word_1_34' title='bbox 784 1330 847 1399; x_wconf 92' lang='lat' dir='ltr'>sub</span> <span class='ocrx_word' id='word_1_35' title='bbox 875 1329 1040 1418; x_wconf 90' lang='lat' dir='ltr'>parochia</span> <span class='ocrx_word' id='word_1_36' title='bbox 1067 1329 1109 1400; x_wconf 95' lang='lat' dir='ltr'>de</span> <span class='ocrx_word' id='word_1_37' title='bbox 1136 1329 1362 1420; x_wconf 87' lang='lat' dir='ltr'>Mninoga</span> <span class='ocrx_word' id='word_1_38' title='bbox 1389 1333 1466 1422; x_wconf 91' lang='lat' dir='ltr'>sita,</span> <span class='ocrx_word' id='word_1_39' title='bbox 1494 1334 1590 1404; x_wconf 89' lang='lat' dir='ltr'>cuius</span> <span class='ocrx_word' id='word_1_40' title='bbox 1617 1335 1814 1424; x_wconf 79' lang='lat' dir='ltr'>proprietas</span> 
     </span>
     <span class='ocr_line' id='line_1_6' title="bbox 261 1447 1814 1544; baseline 0.006 -26"><span class='ocrx_word' id='word_1_41' title='bbox 261 1448 306 1518; x_wconf 94' lang='lat' dir='ltr'>ad</span> <span class='ocrx_word' id='word_1_42' title='bbox 325 1449 602 1522; x_wconf 77' lang='lat' dir='ltr'>sanctimoniales</span> <span class='ocrx_word' id='word_1_43' title='bbox 621 1449 739 1520; x_wconf 85' lang='lat' dir='ltr'>Sancti</span> <span class='ocrx_word' id='word_1_44' title='bbox 758 1447 918 1519; x_wconf 84' lang='lat' dir='ltr'>Andreae</span> <span class='ocrx_word' id='word_1_45' title='bbox 945 1451 981 1518; x_wconf 92' lang='lat' dir='ltr'>in</span> <span class='ocrx_word' id='word_1_46' title='bbox 1009 1449 1239 1522; x_wconf 83' lang='lat' dir='ltr'>Gracovia</span> <span class='ocrx_word' id='word_1_47' title='bbox 1266 1454 1427 1543; x_wconf 90' lang='lat' dir='ltr'>pertinet,</span> <span class='ocrx_word' id='word_1_48' title='bbox 1447 1455 1483 1524; x_wconf 94' lang='lat' dir='ltr'>in</span> <span class='ocrx_word' id='word_1_49' title='bbox 1503 1476 1571 1544; x_wconf 90' lang='lat' dir='ltr'>qua</span> <span class='ocrx_word' id='word_1_50' title='bbox 1597 1461 1679 1525; x_wconf 89' lang='lat' dir='ltr'>sunt</span> <span class='ocrx_word' id='word_1_51' title='bbox 1696 1456 1814 1527; x_wconf 89' lang='lat' dir='ltr'>decem</span> 
     </span>
     <span class='ocr_line' id='line_1_7' title="bbox 260 1568 1814 1665; baseline 0.008 -28"><span class='ocrx_word' id='word_1_52' title='bbox 260 1568 353 1638; x_wconf 87' lang='lat' dir='ltr'>lanei</span> <span class='ocrx_word' id='word_1_53' title='bbox 380 1569 629 1660; x_wconf 89' lang='lat' dir='ltr'>cmethonales,</span> <span class='ocrx_word' id='word_1_54' title='bbox 665 1571 745 1642; x_wconf 89' lang='lat' dir='ltr'>item</span> <span class='ocrx_word' id='word_1_55' title='bbox 773 1569 950 1659; x_wconf 91' lang='lat' dir='ltr'>scoltetia,</span> <span class='ocrx_word' id='word_1_56' title='bbox 984 1571 1116 1642; x_wconf 89' lang='lat' dir='ltr'>habens</span> <span class='ocrx_word' id='word_1_57' title='bbox 1144 1572 1230 1643; x_wconf 92' lang='lat' dir='ltr'>duos</span> <span class='ocrx_word' id='word_1_58' title='bbox 1257 1574 1397 1664; x_wconf 90' lang='lat' dir='ltr'>laneos,</span> <span class='ocrx_word' id='word_1_59' title='bbox 1433 1575 1477 1646; x_wconf 87' lang='lat' dir='ltr'>de</span> <span class='ocrx_word' id='word_1_60' title='bbox 1504 1577 1628 1665; x_wconf 89' lang='lat' dir='ltr'>quibus</span> <span class='ocrx_word' id='word_1_61' title='bbox 1655 1578 1814 1649; x_wconf 92' lang='lat' dir='ltr'>omnibus</span> 
     </span>
     <span class='ocr_line' id='line_1_8' title="bbox 263 1689 1812 1788; baseline 0.008 -31"><span class='ocrx_word' id='word_1_62' title='bbox 263 1689 412 1762; x_wconf 90' lang='lat' dir='ltr'>solvitur</span> <span class='ocrx_word' id='word_1_63' title='bbox 439 1695 474 1760; x_wconf 92' lang='lat' dir='ltr'>et</span> <span class='ocrx_word' id='word_1_64' title='bbox 501 1689 705 1760; x_wconf 90' lang='lat' dir='ltr'>conducitur</span> <span class='ocrx_word' id='word_1_65' title='bbox 732 1689 863 1760; x_wconf 89' lang='lat' dir='ltr'>decima</span> <span class='ocrx_word' id='word_1_66' title='bbox 889 1690 1114 1780; x_wconf 87' lang='lat' dir='ltr'>manipularis</span> <span class='ocrx_word' id='word_1_67' title='bbox 1142 1699 1178 1764; x_wconf 90' lang='lat' dir='ltr'>et</span> <span class='ocrx_word' id='word_1_68' title='bbox 1205 1695 1379 1784; x_wconf 87' lang='lat' dir='ltr'>canapalis</span> <span class='ocrx_word' id='word_1_69' title='bbox 1411 1696 1576 1767; x_wconf 89' lang='lat' dir='ltr'>ecclesiae</span> <span class='ocrx_word' id='word_1_70' title='bbox 1603 1703 1639 1768; x_wconf 90' lang='lat' dir='ltr'>et</span> <span class='ocrx_word' id='word_1_71' title='bbox 1664 1698 1812 1788; x_wconf 91' lang='lat' dir='ltr'>plebano</span> 
     </span>
     <span class='ocr_line' id='line_1_9' title="bbox 261 1809 1470 1898; baseline 0.007 -20"><span class='ocrx_word' id='word_1_72' title='bbox 261 1809 296 1878; x_wconf 93' lang='lat' dir='ltr'>in</span> <span class='ocrx_word' id='word_1_73' title='bbox 323 1809 364 1884; x_wconf 84' lang='lat' dir='ltr'><strong>M</strong></span> <span class='ocrx_word' id='word_1_74' title='bbox 373 1810 479 1880; x_wconf 92' lang='lat' dir='ltr'>nino</span> <span class='ocrx_word' id='word_1_75' title='bbox 488 1830 559 1898; x_wconf 85' lang='lat' dir='ltr'>ga,</span> <span class='ocrx_word' id='word_1_76' title='bbox 587 1815 623 1880; x_wconf 91' lang='lat' dir='ltr'>et</span> <span class='ocrx_word' id='word_1_77' title='bbox 649 1811 747 1882; x_wconf 80' lang='lat' dir='ltr'>valor</span> <span class='ocrx_word' id='word_1_78' title='bbox 774 1810 848 1880; x_wconf 91' lang='lat' dir='ltr'>eius</span> <span class='ocrx_word' id='word_1_79' title='bbox 876 1811 1080 1882; x_wconf 87' lang='lat' dir='ltr'>aestimatur</span> <span class='ocrx_word' id='word_1_80' title='bbox 1108 1814 1153 1884; x_wconf 94' lang='lat' dir='ltr'>ad</span> <span class='ocrx_word' id='word_1_81' title='bbox 1180 1814 1299 1886; x_wconf 91' lang='lat' dir='ltr'>decem</span> <span class='ocrx_word' id='word_1_82' title='bbox 1325 1837 1470 1887; x_wconf 90' lang='lat' dir='ltr'>marcas.</span> 
     </span>
    </p>

    <p class='ocr_par' dir='ltr' id='par_1_4' title="bbox 256 1927 1812 2512">
     <span class='ocr_line' id='line_1_10' title="bbox 362 1927 1811 2030; baseline 0.01 -32"><span class='ocrx_word' id='word_1_83' title='bbox 362 1927 712 2020; x_wconf 75' lang='lat' dir='ltr'>Pnzrnrsnuwrczu,</span> <span class='ocrx_word' id='word_1_84' title='bbox 740 1931 823 2001; x_wconf 91' lang='lat' dir='ltr'>villa</span> <span class='ocrx_word' id='word_1_85' title='bbox 842 1933 905 2003; x_wconf 92' lang='lat' dir='ltr'>sub</span> <span class='ocrx_word' id='word_1_86' title='bbox 924 1933 1088 2022; x_wconf 91' lang='lat' dir='ltr'>parochia</span> <span class='ocrx_word' id='word_1_87' title='bbox 1107 1935 1272 2006; x_wconf 87' lang='lat' dir='ltr'>ecclcsiae</span> <span class='ocrx_word' id='word_1_88' title='bbox 1299 1937 1342 2007; x_wconf 94' lang='lat' dir='ltr'>de</span> <span class='ocrx_word' id='word_1_89' title='bbox 1368 1936 1593 2027; x_wconf 86' lang='lat' dir='ltr'>Mninoga</span> <span class='ocrx_word' id='word_1_90' title='bbox 1619 1939 1695 2030; x_wconf 90' lang='lat' dir='ltr'>sita,</span> <span class='ocrx_word' id='word_1_91' title='bbox 1714 1941 1811 2012; x_wconf 85' lang='lat' dir='ltr'>cuius</span> 
     </span>
     <span class='ocr_line' id='line_1_11' title="bbox 256 2049 1812 2148; baseline 0.01 -31"><span class='ocrx_word' id='word_1_92' title='bbox 256 2049 381 2122; x_wconf 88' lang='lat' dir='ltr'>haeres</span> <span class='ocrx_word' id='word_1_93' title='bbox 410 2049 567 2121; x_wconf 82' lang='lat' dir='ltr'>Clemens</span> <span class='ocrx_word' id='word_1_94' title='bbox 595 2051 843 2123; x_wconf 88' lang='lat' dir='ltr'>Bodzanek</span> <span class='ocrx_word' id='word_1_95' title='bbox 880 2053 923 2124; x_wconf 87' lang='lat' dir='ltr'>de</span> <span class='ocrx_word' id='word_1_96' title='bbox 951 2055 1056 2126; x_wconf 89' lang='lat' dir='ltr'>armis</span> <span class='ocrx_word' id='word_1_97' title='bbox 1083 2055 1289 2146; x_wconf 87' lang='lat' dir='ltr'>Nowina,</span> <span class='ocrx_word' id='word_1_98' title='bbox 1325 2059 1361 2128; x_wconf 93' lang='lat' dir='ltr'>in</span> <span class='ocrx_word' id='word_1_99' title='bbox 1389 2079 1459 2148; x_wconf 82' lang='lat' dir='ltr'>qua</span> <span class='ocrx_word' id='word_1_100' title='bbox 1486 2065 1568 2129; x_wconf 89' lang='lat' dir='ltr'>suut</span> <span class='ocrx_word' id='word_1_101' title='bbox 1601 2060 1695 2131; x_wconf 89' lang='lat' dir='ltr'>lanei</span> <span class='ocrx_word' id='word_1_102' title='bbox 1721 2083 1812 2133; x_wconf 85' lang='lat' dir='ltr'>crue-</span> 
     </span>
     <span class='ocr_line' id='line_1_12' title="bbox 257 2170 1812 2265; baseline 0.009 -25"><span class='ocrx_word' id='word_1_103' title='bbox 257 2170 436 2260; x_wconf 89' lang='lat' dir='ltr'>thonales,</span> <span class='ocrx_word' id='word_1_104' title='bbox 472 2171 555 2241; x_wconf 81' lang='lat' dir='ltr'>it‘em</span> <span class='ocrx_word' id='word_1_105' title='bbox 583 2173 762 2261; x_wconf 90' lang='lat' dir='ltr'>praedium</span> <span class='ocrx_word' id='word_1_106' title='bbox 789 2195 912 2264; x_wconf 91' lang='lat' dir='ltr'>unum,</span> <span class='ocrx_word' id='word_1_107' title='bbox 951 2176 994 2246; x_wconf 89' lang='lat' dir='ltr'>de</span> <span class='ocrx_word' id='word_1_108' title='bbox 1022 2177 1146 2265; x_wconf 90' lang='lat' dir='ltr'>quibus</span> <span class='ocrx_word' id='word_1_109' title='bbox 1174 2178 1333 2248; x_wconf 88' lang='lat' dir='ltr'>omuibus</span> <span class='ocrx_word' id='word_1_110' title='bbox 1369 2179 1517 2250; x_wconf 85' lang='lat' dir='ltr'>solvitur</span> <span class='ocrx_word' id='word_1_111' title='bbox 1544 2186 1580 2251; x_wconf 89' lang='lat' dir='ltr'>et</span> <span class='ocrx_word' id='word_1_112' title='bbox 1607 2181 1812 2254; x_wconf 91' lang='lat' dir='ltr'>conducitur</span> 
     </span>
     <span class='ocr_line' id='line_1_13' title="bbox 256 2290 1810 2390; baseline 0.008 -28"><span class='ocrx_word' id='word_1_113' title='bbox 256 2290 390 2362; x_wconf 89' lang='lat' dir='ltr'>decima</span> <span class='ocrx_word' id='word_1_114' title='bbox 415 2293 643 2382; x_wconf 90' lang='lat' dir='ltr'>manipularis</span> <span class='ocrx_word' id='word_1_115' title='bbox 670 2299 705 2364; x_wconf 89' lang='lat' dir='ltr'>et</span> <span class='ocrx_word' id='word_1_116' title='bbox 732 2295 908 2384; x_wconf 89' lang='lat' dir='ltr'>canapalis</span> <span class='ocrx_word' id='word_1_117' title='bbox 945 2317 1009 2386; x_wconf 90' lang='lat' dir='ltr'>pro</span> <span class='ocrx_word' id='word_1_118' title='bbox 1037 2297 1183 2368; x_wconf 85' lang='lat' dir='ltr'>ccclesia</span> <span class='ocrx_word' id='word_1_119' title='bbox 1208 2299 1244 2368; x_wconf 92' lang='lat' dir='ltr'>in</span> <span class='ocrx_word' id='word_1_120' title='bbox 1271 2298 1507 2390; x_wconf 84' lang='lat' dir='ltr'>Mninoga,</span> <span class='ocrx_word' id='word_1_121' title='bbox 1548 2305 1585 2372; x_wconf 92' lang='lat' dir='ltr'>et</span> <span class='ocrx_word' id='word_1_122' title='bbox 1611 2302 1710 2373; x_wconf 87' lang='lat' dir='ltr'>valor</span> <span class='ocrx_word' id='word_1_123' title='bbox 1736 2304 1810 2374; x_wconf 87' lang='lat' dir='ltr'>eius</span> 
     </span>
     <span class='ocr_line' id='line_1_14' title="bbox 256 2397 1784 2512; baseline 0.008 -30"><span class='ocrx_word' id='word_1_124' title='bbox 256 2413 463 2483; x_wconf 87' lang='lat' dir='ltr'>aestimatur</span> <span class='ocrx_word' id='word_1_125' title='bbox 490 2413 534 2484; x_wconf 90' lang='lat' dir='ltr'>ad</span> <span class='ocrx_word' id='word_1_126' title='bbox 561 2435 622 2486; x_wconf 83' lang='lat' dir='ltr'>sex</span> <span class='ocrx_word' id='word_1_127' title='bbox 642 2397 794 2504; x_wconf 85' lang='lat' dir='ltr'>¹marcas;</span> <span class='ocrx_word' id='word_1_128' title='bbox 821 2417 905 2487; x_wconf 91' lang='lat' dir='ltr'>item</span> <span class='ocrx_word' id='word_1_129' title='bbox 932 2438 1001 2488; x_wconf 92' lang='lat' dir='ltr'>non</span> <span class='ocrx_word' id='word_1_130' title='bbox 1029 2423 1110 2489; x_wconf 90' lang='lat' dir='ltr'>sunt</span> <span class='ocrx_word' id='word_1_131' title='bbox 1136 2418 1187 2490; x_wconf 91' lang='lat' dir='ltr'>ibi</span> <span class='ocrx_word' id='word_1_132' title='bbox 1212 2419 1442 2512; x_wconf 88' lang='lat' dir='ltr'>hortulauiae,</span> <span class='ocrx_word' id='word_1_133' title='bbox 1469 2443 1581 2512; x_wconf 88' lang='lat' dir='ltr'>neque</span> <span class='ocrx_word' id='word_1_134' title='bbox 1607 2424 1784 2496; x_wconf 90' lang='lat' dir='ltr'>tabernae.</span> 
     </span>
    </p>

    <p class='ocr_par' dir='ltr' id='par_1_5' title="bbox 254 2533 1809 3355">
     <span class='ocr_line' id='line_1_15' title="bbox 360 2533 1809 2634; baseline 0.009 -31"><span class='ocrx_word' id='word_1_135' title='bbox 360 2533 616 2625; x_wconf 85' lang='lat' dir='ltr'>Suuuowrczu,</span> <span class='ocrx_word' id='word_1_136' title='bbox 654 2535 738 2606; x_wconf 89' lang='lat' dir='ltr'>villa</span> <span class='ocrx_word' id='word_1_137' title='bbox 765 2537 828 2608; x_wconf 92' lang='lat' dir='ltr'>sub</span> <span class='ocrx_word' id='word_1_138' title='bbox 855 2538 1020 2626; x_wconf 91' lang='lat' dir='ltr'>parochia</span> <span class='ocrx_word' id='word_1_139' title='bbox 1046 2538 1089 2608; x_wconf 93' lang='lat' dir='ltr'>de</span> <span class='ocrx_word' id='word_1_140' title='bbox 1116 2539 1337 2630; x_wconf 86' lang='lat' dir='ltr'>Mninoga</span> <span class='ocrx_word' id='word_1_141' title='bbox 1363 2543 1449 2632; x_wconf 88' lang='lat' dir='ltr'>sita,</span> <span class='ocrx_word' id='word_1_142' title='bbox 1487 2544 1584 2614; x_wconf 93' lang='lat' dir='ltr'>cuius</span> <span class='ocrx_word' id='word_1_143' title='bbox 1610 2546 1809 2634; x_wconf 84' lang='lat' dir='ltr'>proprietas</span> 
     </span>
     <span class='ocr_line' id='line_1_16' title="bbox 257 2654 1808 2752; baseline 0.008 -27"><span class='ocrx_word' id='word_1_144' title='bbox 257 2654 300 2725; x_wconf 89' lang='lat' dir='ltr'>ad</span> <span class='ocrx_word' id='word_1_145' title='bbox 328 2656 577 2726; x_wconf 87' lang='lat' dir='ltr'>monasterium</span> <span class='ocrx_word' id='word_1_146' title='bbox 613 2655 732 2728; x_wconf 89' lang='lat' dir='ltr'>Sancti</span> <span class='ocrx_word' id='word_1_147' title='bbox 759 2657 921 2729; x_wconf 89' lang='lat' dir='ltr'>Andreae</span> <span class='ocrx_word' id='word_1_148' title='bbox 958 2659 994 2728; x_wconf 92' lang='lat' dir='ltr'>in</span> <span class='ocrx_word' id='word_1_149' title='bbox 1030 2657 1275 2751; x_wconf 64' lang='lat' dir='ltr'>(haconis,</span> <span class='ocrx_word' id='word_1_150' title='bbox 1312 2663 1348 2732; x_wconf 94' lang='lat' dir='ltr'>in</span> <span class='ocrx_word' id='word_1_151' title='bbox 1380 2685 1448 2752; x_wconf 84' lang='lat' dir='ltr'>qua</span> <span class='ocrx_word' id='word_1_152' title='bbox 1484 2670 1566 2734; x_wconf 89' lang='lat' dir='ltr'>sunt</span> <span class='ocrx_word' id='word_1_153' title='bbox 1602 2671 1679 2736; x_wconf 89' lang='lat' dir='ltr'>octo</span> <span class='ocrx_word' id='word_1_154' title='bbox 1716 2668 1808 2738; x_wconf 87' lang='lat' dir='ltr'>lanei</span> 
     </span>
     <span class='ocr_line' id='line_1_17' title="bbox 256 2777 1808 2877; baseline 0.008 -31"><span class='ocrx_word' id='word_1_155' title='bbox 256 2777 499 2866; x_wconf 88' lang='lat' dir='ltr'>cmethonales,</span> <span class='ocrx_word' id='word_1_156' title='bbox 526 2777 608 2848; x_wconf 91' lang='lat' dir='ltr'>item</span> <span class='ocrx_word' id='word_1_157' title='bbox 637 2779 785 2849; x_wconf 88' lang='lat' dir='ltr'>taberna</span> <span class='ocrx_word' id='word_1_158' title='bbox 811 2801 888 2869; x_wconf 86' lang='lat' dir='ltr'>una,</span> <span class='ocrx_word' id='word_1_159' title='bbox 917 2779 1000 2850; x_wconf 87' lang='lat' dir='ltr'>item</span> <span class='ocrx_word' id='word_1_160' title='bbox 1023 2781 1243 2852; x_wconf 90' lang='lat' dir='ltr'>hortulauiae</span> <span class='ocrx_word' id='word_1_161' title='bbox 1270 2789 1429 2873; x_wconf 86' lang='lat' dir='ltr'>quatuor,</span> <span class='ocrx_word' id='word_1_162' title='bbox 1455 2786 1539 2855; x_wconf 90' lang='lat' dir='ltr'>item</span> <span class='ocrx_word' id='word_1_163' title='bbox 1565 2786 1808 2877; x_wconf 87' lang='lat' dir='ltr'>molendinum,</span> 
     </span>
     <span class='ocr_line' id='line_1_18' title="bbox 256 2888 1808 2997; baseline 0.006 -29"><span class='ocrx_word' id='word_1_164' title='bbox 256 2899 299 2968; x_wconf 90' lang='lat' dir='ltr'>de</span> <span class='ocrx_word' id='word_1_165' title='bbox 327 2898 451 2987; x_wconf 90' lang='lat' dir='ltr'>quibus</span> <span class='ocrx_word' id='word_1_166' title='bbox 480 2899 639 2970; x_wconf 90' lang='lat' dir='ltr'>omnibus</span> <span class='ocrx_word' id='word_1_167' title='bbox 675 2888 822 2971; x_wconf 87' lang='lat' dir='ltr'>solvitur</span> <span class='ocrx_word' id='word_1_168' title='bbox 850 2905 885 2971; x_wconf 91' lang='lat' dir='ltr'>et</span> <span class='ocrx_word' id='word_1_169' title='bbox 912 2899 1117 2972; x_wconf 86' lang='lat' dir='ltr'>conducitur</span> <span class='ocrx_word' id='word_1_170' title='bbox 1152 2902 1285 2973; x_wconf 91' lang='lat' dir='ltr'>decima</span> <span class='ocrx_word' id='word_1_171' title='bbox 1311 2906 1537 2994; x_wconf 89' lang='lat' dir='ltr'>manipularis</span> <span class='ocrx_word' id='word_1_172' title='bbox 1569 2912 1606 2977; x_wconf 91' lang='lat' dir='ltr'>et</span> <span class='ocrx_word' id='word_1_173' title='bbox 1633 2908 1808 2997; x_wconf 88' lang='lat' dir='ltr'>canapalis</span> 
     </span>
     <span class='ocr_line' id='line_1_19' title="bbox 254 3016 1809 3112; baseline 0.008 -24"><span class='ocrx_word' id='word_1_174' title='bbox 254 3018 473 3108; x_wconf 86' lang='lat' dir='ltr'>praebendae</span> <span class='ocrx_word' id='word_1_175' title='bbox 509 3016 731 3090; x_wconf 83' lang='lat' dir='ltr'>Cracoviensi</span> <span class='ocrx_word' id='word_1_176' title='bbox 767 3020 880 3091; x_wconf 90' lang='lat' dir='ltr'>dictae</span> <span class='ocrx_word' id='word_1_177' title='bbox 908 3021 1196 3112; x_wconf 83' lang='lat' dir='ltr'>Raciborowslra,</span> <span class='ocrx_word' id='word_1_178' title='bbox 1233 3030 1269 3094; x_wconf 92' lang='lat' dir='ltr'>et</span> <span class='ocrx_word' id='word_1_179' title='bbox 1295 3025 1394 3095; x_wconf 91' lang='lat' dir='ltr'>valor</span> <span class='ocrx_word' id='word_1_180' title='bbox 1429 3027 1503 3097; x_wconf 89' lang='lat' dir='ltr'>eius</span> <span class='ocrx_word' id='word_1_181' title='bbox 1530 3027 1737 3098; x_wconf 87' lang='lat' dir='ltr'>aestimatur</span> <span class='ocrx_word' id='word_1_182' title='bbox 1763 3029 1809 3100; x_wconf 85' lang='lat' dir='ltr'>ad</span> 
     </span>
     <span class='ocr_line' id='line_1_20' title="bbox 255 3139 1807 3237; baseline 0.006 -28"><span class='ocrx_word' id='word_1_183' title='bbox 255 3139 435 3210; x_wconf 89' lang='lat' dir='ltr'>duodecim</span> <span class='ocrx_word' id='word_1_184' title='bbox 462 3159 606 3210; x_wconf 79' lang='lat' dir='ltr'>marcas</span> <span class='ocrx_word' id='word_1_185' title='bbox 650 3141 739 3212; x_wconf 89' lang='lat' dir='ltr'>ltem</span> <span class='ocrx_word' id='word_1_186' title='bbox 766 3147 820 3212; x_wconf 89' lang='lat' dir='ltr'>cst</span> <span class='ocrx_word' id='word_1_187' title='bbox 855 3142 905 3213; x_wconf 93' lang='lat' dir='ltr'>ibi</span> <span class='ocrx_word' id='word_1_188' title='bbox 932 3143 1111 3233; x_wconf 84' lang='lat' dir='ltr'>praedium</span> <span class='ocrx_word' id='word_1_189' title='bbox 1149 3144 1480 3236; x_wconf 87' lang='lat' dir='ltr'>sanctimonialium,</span> <span class='ocrx_word' id='word_1_190' title='bbox 1514 3147 1560 3218; x_wconf 90' lang='lat' dir='ltr'>de</span> <span class='ocrx_word' id='word_1_191' title='bbox 1587 3149 1685 3218; x_wconf 90' lang='lat' dir='ltr'>cuius</span> <span class='ocrx_word' id='word_1_192' title='bbox 1713 3149 1807 3237; x_wconf 81' lang='lat' dir='ltr'>agris</span> 
     </span>
     <span class='ocr_line' id='line_1_21' title="bbox 254 3259 1807 3355; baseline 0.005 -24"><span class='ocrx_word' id='word_1_193' title='bbox 254 3259 341 3333; x_wconf 92' lang='lat' dir='ltr'>nulli</span> <span class='ocrx_word' id='word_1_194' title='bbox 356 3261 416 3333; x_wconf 89' lang='lat' dir='ltr'>dat</span> <span class='ocrx_word' id='word_1_195' title='bbox 431 3260 608 3352; x_wconf 90' lang='lat' dir='ltr'>decimam,</span> <span class='ocrx_word' id='word_1_196' title='bbox 623 3262 772 3334; x_wconf 90' lang='lat' dir='ltr'>sedeam</span> <span class='ocrx_word' id='word_1_197' title='bbox 788 3283 852 3355; x_wconf 91' lang='lat' dir='ltr'>pro</span> <span class='ocrx_word' id='word_1_198' title='bbox 863 3285 900 3336; x_wconf 90' lang='lat' dir='ltr'>se</span> <span class='ocrx_word' id='word_1_199' title='bbox 914 3263 1007 3336; x_wconf 91' lang='lat' dir='ltr'>tollit</span> <span class='ocrx_word' id='word_1_200' title='bbox 1021 3265 1268 3337; x_wconf 89' lang='lat' dir='ltr'>monasterium</span> <span class='ocrx_word' id='word_1_201' title='bbox 1283 3272 1319 3338; x_wconf 91' lang='lat' dir='ltr'>et</span> <span class='ocrx_word' id='word_1_202' title='bbox 1333 3267 1369 3337; x_wconf 94' lang='lat' dir='ltr'>in</span> <span class='ocrx_word' id='word_1_203' title='bbox 1380 3287 1479 3338; x_wconf 89' lang='lat' dir='ltr'>suum</span> <span class='ocrx_word' id='word_1_204' title='bbox 1489 3268 1652 3340; x_wconf 89' lang='lat' dir='ltr'>horreum</span> <span class='ocrx_word' id='word_1_205' title='bbox 1666 3269 1807 3342; x_wconf 86' lang='lat' dir='ltr'>inducit.</span> 
     </span>
    </p>

    <p class='ocr_par' dir='ltr' id='par_1_6' title="bbox 826 3384 1241 3458">
     <span class='ocr_line' id='line_1_22' title="bbox 826 3384 1241 3458; baseline 0.005 -3"><span class='ocrx_word' id='word_1_206' title='bbox 826 3384 1076 3457; x_wconf 81' lang='lat' dir='ltr'>Monnwuczn</span> <span class='ocrx_word' id='word_1_207' title='bbox 1102 3386 1241 3458; x_wconf 84' lang='lat' dir='ltr'>Mruon.</span> 
     </span>
    </p>

    <p class='ocr_par' dir='ltr' id='par_1_7' title="bbox 252 3502 1868 4689">
     <span class='ocr_line' id='line_1_23' title="bbox 358 3502 1868 3601; baseline 0.001 -26"><span class='ocrx_word' id='word_1_208' title='bbox 358 3502 460 3595; x_wconf 90' lang='lat' dir='ltr'>Villa,</span> <span class='ocrx_word' id='word_1_209' title='bbox 487 3505 619 3576; x_wconf 90' lang='lat' dir='ltr'>habens</span> <span class='ocrx_word' id='word_1_210' title='bbox 637 3506 672 3575; x_wconf 92' lang='lat' dir='ltr'>in</span> <span class='ocrx_word' id='word_1_211' title='bbox 692 3525 729 3577; x_wconf 90' lang='lat' dir='ltr'>se</span> <span class='ocrx_word' id='word_1_212' title='bbox 748 3507 927 3577; x_wconf 86' lang='lat' dir='ltr'>ecclesiam</span> <span class='ocrx_word' id='word_1_213' title='bbox 954 3508 1198 3599; x_wconf 88' lang='lat' dir='ltr'>parochialem,</span> <span class='ocrx_word' id='word_1_214' title='bbox 1225 3509 1305 3581; x_wconf 86' lang='lat' dir='ltr'>albo</span> <span class='ocrx_word' id='word_1_215' title='bbox 1332 3510 1448 3599; x_wconf 90' lang='lat' dir='ltr'>lapide</span> <span class='ocrx_word' id='word_1_216' title='bbox 1476 3515 1657 3601; x_wconf 90' lang='lat' dir='ltr'>muratam,</span> <span class='ocrx_word' id='word_1_217' title='bbox 1680 3511 1806 3584; x_wconf 89' lang='lat' dir='ltr'>Sancto</span> <span class='ocrx_word' id='word_1_218' title='bbox 1864 3563 1868 3577; x_wconf 92' lang='lat'>.</span> 
     </span>
     <span class='ocr_line' id='line_1_24' title="bbox 255 3624 1807 3721; baseline 0.005 -24"><span class='ocrx_word' id='word_1_219' title='bbox 255 3624 523 3697; x_wconf 90' lang='lat' dir='ltr'>Bartholomaeo</span> <span class='ocrx_word' id='word_1_220' title='bbox 551 3626 718 3717; x_wconf 88' lang='lat' dir='ltr'>dicatam,</span> <span class='ocrx_word' id='word_1_221' title='bbox 754 3628 851 3699; x_wconf 88' lang='lat' dir='ltr'>cuius</span> <span class='ocrx_word' id='word_1_222' title='bbox 887 3629 955 3700; x_wconf 92' lang='lat' dir='ltr'>duo</span> <span class='ocrx_word' id='word_1_223' title='bbox 982 3634 1063 3700; x_wconf 91' lang='lat' dir='ltr'>sunt</span> <span class='ocrx_word' id='word_1_224' title='bbox 1098 3629 1257 3718; x_wconf 85' lang='lat' dir='ltr'>plebaui3</span> <span class='ocrx_word' id='word_1_225' title='bbox 1292 3631 1461 3701; x_wconf 86' lang='lat' dir='ltr'>haeredes</span> <span class='ocrx_word' id='word_1_226' title='bbox 1488 3652 1573 3701; x_wconf 86' lang='lat' dir='ltr'>vero</span> <span class='ocrx_word' id='word_1_227' title='bbox 1601 3632 1731 3721; x_wconf 82' lang='lat' dir='ltr'>Spyteh</span> <span class='ocrx_word' id='word_1_228' title='bbox 1763 3634 1807 3704; x_wconf 91' lang='lat' dir='ltr'>de</span> 
     </span>
     <span class='ocr_line' id='line_1_25' title="bbox 253 3745 1804 3839; baseline 0.003 -22"><span class='ocrx_word' id='word_1_229' title='bbox 253 3745 1804 3839; x_wconf 83' lang='lat' dir='ltr'>Morawioze,GabrieldeThanozin,JauussiusdeMorawiczc,Johannes</span> 
     </span>
     <span class='ocr_line' id='line_1_26' title="bbox 254 3868 1805 3962; baseline 0.001 -23"><span class='ocrx_word' id='word_1_230' title='bbox 254 3868 536 3961; x_wconf 87' lang='lat' dir='ltr'>Ossolinsky</span> <span class='ocrx_word' id='word_1_231' title='bbox 579 3868 622 3939; x_wconf 91' lang='lat' dir='ltr'>de</span> <span class='ocrx_word' id='word_1_232' title='bbox 662 3870 871 3961; x_wconf 89' lang='lat' dir='ltr'>Balicze,</span> <span class='ocrx_word' id='word_1_233' title='bbox 921 3868 1337 3961; x_wconf 87' lang='lat' dir='ltr'>Alexandrowscy,</span> <span class='ocrx_word' id='word_1_234' title='bbox 1363 3869 1586 3959; x_wconf 87' lang='lat' dir='ltr'>Marcissius,</span> <span class='ocrx_word' id='word_1_235' title='bbox 1625 3869 1805 3962; x_wconf 83' lang='lat' dir='ltr'>Andreas,</span> 
     </span>
     <span class='ocr_line' id='line_1_27' title="bbox 253 3988 1805 4081; baseline 0.001 -20"><span class='ocrx_word' id='word_1_236' title='bbox 253 3989 431 4061; x_wconf 86' lang='lat' dir='ltr'>Johannes</span> <span class='ocrx_word' id='word_1_237' title='bbox 459 3995 495 4061; x_wconf 89' lang='lat' dir='ltr'>et</span> <span class='ocrx_word' id='word_1_238' title='bbox 521 3988 673 4061; x_wconf 80' lang='lat' dir='ltr'>lacobus</span> <span class='ocrx_word' id='word_1_239' title='bbox 700 3989 858 4081; x_wconf 89' lang='lat' dir='ltr'>Plaza,</span> <span class='ocrx_word' id='word_1_240' title='bbox 891 4012 1008 4062; x_wconf 88' lang='lat' dir='ltr'>omnes</span> <span class='ocrx_word' id='word_1_241' title='bbox 1036 3991 1079 4061; x_wconf 88' lang='lat' dir='ltr'>de</span> <span class='ocrx_word' id='word_1_242' title='bbox 1107 3990 1207 4061; x_wconf 93' lang='lat' dir='ltr'>domo</span> <span class='ocrx_word' id='word_1_243' title='bbox 1234 3991 1562 4080; x_wconf 91' lang='lat' dir='ltr'>Bippennium,</span> <span class='ocrx_word' id='word_1_244' title='bbox 1598 3990 1681 4061; x_wconf 89' lang='lat' dir='ltr'>item</span> <span class='ocrx_word' id='word_1_245' title='bbox 1708 3989 1805 4062; x_wconf 91' lang='lat' dir='ltr'>Mar-</span> 
     </span>
     <span class='ocr_line' id='line_1_28' title="bbox 252 4111 1805 4202; baseline 0.002 -20"><span class='ocrx_word' id='word_1_246' title='bbox 252 4113 347 4182; x_wconf 84' lang='lat' dir='ltr'>tinus</span> <span class='ocrx_word' id='word_1_247' title='bbox 375 4111 578 4201; x_wconf 79' lang='lat' dir='ltr'>Frycacz</span> <span class='ocrx_word' id='word_1_248' title='bbox 606 4112 649 4182; x_wconf 93' lang='lat' dir='ltr'>de</span> <span class='ocrx_word' id='word_1_249' title='bbox 677 4111 778 4183; x_wconf 89' lang='lat' dir='ltr'>domo</span> <span class='ocrx_word' id='word_1_250' title='bbox 806 4111 1113 4202; x_wconf 89' lang='lat' dir='ltr'>Accipitrum.</span> <span class='ocrx_word' id='word_1_251' title='bbox 1150 4112 1191 4181; x_wconf 93' lang='lat' dir='ltr'>ln</span> <span class='ocrx_word' id='word_1_252' title='bbox 1219 4133 1288 4202; x_wconf 90' lang='lat' dir='ltr'>qua</span> <span class='ocrx_word' id='word_1_253' title='bbox 1314 4112 1398 4183; x_wconf 89' lang='lat' dir='ltr'>villa</span> <span class='ocrx_word' id='word_1_254' title='bbox 1424 4117 1506 4183; x_wconf 91' lang='lat' dir='ltr'>sunt</span> <span class='ocrx_word' id='word_1_255' title='bbox 1532 4112 1623 4183; x_wconf 88' lang='lat' dir='ltr'>lanei</span> <span class='ocrx_word' id='word_1_256' title='bbox 1651 4114 1805 4185; x_wconf 82' lang='lat' dir='ltr'>ematho-</span> 
     </span>
     <span class='ocr_line' id='line_1_29' title="bbox 253 4232 1805 4325; baseline 0.002 -23"><span class='ocrx_word' id='word_1_257' title='bbox 253 4232 359 4321; x_wconf 86' lang='lat' dir='ltr'>nales,</span> <span class='ocrx_word' id='word_1_258' title='bbox 386 4232 469 4303; x_wconf 87' lang='lat' dir='ltr'>item</span> <span class='ocrx_word' id='word_1_259' title='bbox 491 4252 561 4303; x_wconf 90' lang='lat' dir='ltr'>una</span> <span class='ocrx_word' id='word_1_260' title='bbox 578 4232 734 4323; x_wconf 87' lang='lat' dir='ltr'>taberna,</span> <span class='ocrx_word' id='word_1_261' title='bbox 760 4233 846 4304; x_wconf 90' lang='lat' dir='ltr'>duae</span> <span class='ocrx_word' id='word_1_262' title='bbox 865 4234 1094 4322; x_wconf 90' lang='lat' dir='ltr'>hortulauiae,</span> <span class='ocrx_word' id='word_1_263' title='bbox 1113 4233 1280 4304; x_wconf 88' lang='lat' dir='ltr'>habentes</span> <span class='ocrx_word' id='word_1_264' title='bbox 1300 4254 1412 4324; x_wconf 88' lang='lat' dir='ltr'>agros,</span> <span class='ocrx_word' id='word_1_265' title='bbox 1440 4233 1483 4305; x_wconf 92' lang='lat' dir='ltr'>de</span> <span class='ocrx_word' id='word_1_266' title='bbox 1503 4235 1628 4325; x_wconf 88' lang='lat' dir='ltr'>quibus</span> <span class='ocrx_word' id='word_1_267' title='bbox 1648 4235 1805 4305; x_wconf 91' lang='lat' dir='ltr'>omnibus</span> 
     </span>
     <span class='ocr_line' id='line_1_30' title="bbox 254 4352 1806 4444; baseline 0.001 -21"><span class='ocrx_word' id='word_1_268' title='bbox 254 4354 402 4425; x_wconf 89' lang='lat' dir='ltr'>solvitur</span> <span class='ocrx_word' id='word_1_269' title='bbox 437 4358 473 4424; x_wconf 89' lang='lat' dir='ltr'>ct</span> <span class='ocrx_word' id='word_1_270' title='bbox 499 4352 702 4425; x_wconf 89' lang='lat' dir='ltr'>conducitur</span> <span class='ocrx_word' id='word_1_271' title='bbox 739 4354 870 4425; x_wconf 90' lang='lat' dir='ltr'>decima</span> <span class='ocrx_word' id='word_1_272' title='bbox 896 4354 1123 4444; x_wconf 89' lang='lat' dir='ltr'>manipularis</span> <span class='ocrx_word' id='word_1_273' title='bbox 1158 4375 1223 4444; x_wconf 93' lang='lat' dir='ltr'>pro</span> <span class='ocrx_word' id='word_1_274' title='bbox 1250 4355 1396 4426; x_wconf 88' lang='lat' dir='ltr'>ecclesia</span> <span class='ocrx_word' id='word_1_275' title='bbox 1431 4355 1559 4426; x_wconf 88' lang='lat' dir='ltr'>ibidem</span> <span class='ocrx_word' id='word_1_276' title='bbox 1594 4356 1630 4425; x_wconf 92' lang='lat' dir='ltr'>in</span> <span class='ocrx_word' id='word_1_277' title='bbox 1658 4354 1806 4425; x_wconf 91' lang='lat' dir='ltr'>Mora-</span> 
     </span>
     <span class='ocr_line' id='line_1_31' title="bbox 252 4474 1805 4566; baseline 0.001 -22"><span class='ocrx_word' id='word_1_278' title='bbox 252 4494 418 4565; x_wconf 86' lang='lat' dir='ltr'>uycze,</span> <span class='ocrx_word' id='word_1_279' title='bbox 455 4480 492 4545; x_wconf 94' lang='lat' dir='ltr'>et</span> <span class='ocrx_word' id='word_1_280' title='bbox 517 4474 657 4564; x_wconf 89' lang='lat' dir='ltr'>plebani</span> <span class='ocrx_word' id='word_1_281' title='bbox 693 4475 903 4546; x_wconf 81' lang='lat' dir='ltr'>alternatim·</span> <span class='ocrx_word' id='word_1_282' title='bbox 926 4476 1019 4547; x_wconf 91' lang='lat' dir='ltr'>inter</span> <span class='ocrx_word' id='word_1_283' title='bbox 1045 4496 1082 4547; x_wconf 89' lang='lat' dir='ltr'>se</span> <span class='ocrx_word' id='word_1_284' title='bbox 1109 4476 1205 4546; x_wconf 90' lang='lat' dir='ltr'>illam</span> <span class='ocrx_word' id='word_1_285' title='bbox 1240 4476 1444 4566; x_wconf 88' lang='lat' dir='ltr'>percipiunt.</span> <span class='ocrx_word' id='word_1_286' title='bbox 1488 4476 1576 4546; x_wconf 90' lang='lat' dir='ltr'>Item</span> <span class='ocrx_word' id='word_1_287' title='bbox 1602 4476 1742 4565; x_wconf 87' lang='lat' dir='ltr'>plebani</span> <span class='ocrx_word' id='word_1_288' title='bbox 1768 4480 1805 4546; x_wconf 91' lang='lat' dir='ltr'>et</span> 
     </span>
     <span class='ocr_line' id='line_1_32' title="bbox 252 4594 1715 4689; baseline 0 -24"><span class='ocrx_word' id='word_1_289' title='bbox 252 4594 398 4666; x_wconf 88' lang='lat' dir='ltr'>ecclesia</span> <span class='ocrx_word' id='word_1_290' title='bbox 425 4596 555 4666; x_wconf 91' lang='lat' dir='ltr'>habeut</span> <span class='ocrx_word' id='word_1_291' title='bbox 581 4596 630 4667; x_wconf 93' lang='lat' dir='ltr'>ibi</span> <span class='ocrx_word' id='word_1_292' title='bbox 657 4596 817 4686; x_wconf 88' lang='lat' dir='ltr'>proprios</span> <span class='ocrx_word' id='word_1_293' title='bbox 844 4618 946 4687; x_wconf 80' lang='lat' dir='ltr'>agros</span> <span class='ocrx_word' id='word_1_294' title='bbox 973 4602 1009 4667; x_wconf 89' lang='lat' dir='ltr'>et</span> <span class='ocrx_word' id='word_1_295' title='bbox 1034 4603 1137 4689; x_wconf 89' lang='lat' dir='ltr'>prata</span> <span class='ocrx_word' id='word_1_296' title='bbox 1163 4619 1228 4688; x_wconf 92' lang='lat' dir='ltr'>pro</span> <span class='ocrx_word' id='word_1_297' title='bbox 1255 4620 1318 4669; x_wconf 90' lang='lat' dir='ltr'>suo</span> <span class='ocrx_word' id='word_1_298' title='bbox 1345 4618 1411 4668; x_wconf 90' lang='lat' dir='ltr'>usu</span> <span class='ocrx_word' id='word_1_299' title='bbox 1437 4602 1474 4668; x_wconf 89' lang='lat' dir='ltr'>et</span> <span class='ocrx_word' id='word_1_300' title='bbox 1499 4597 1715 4668; x_wconf 89' lang='lat' dir='ltr'>necessitat.</span> 
     </span>
    </p>

    <p class='ocr_par' dir='ltr' id='par_1_8' title="bbox 251 4716 1883 5414">
     <span class='ocr_line' id='line_1_33' title="bbox 356 4716 1805 4809; baseline 0.001 -23"><span class='ocrx_word' id='word_1_301' title='bbox 356 4716 605 4789; x_wconf 81' lang='lat' dir='ltr'>Monnwrczn</span> <span class='ocrx_word' id='word_1_302' title='bbox 632 4716 781 4808; x_wconf 86' lang='lat' dir='ltr'>blnron,</span> <span class='ocrx_word' id='word_1_303' title='bbox 817 4718 901 4789; x_wconf 85' lang='lat' dir='ltr'>villa</span> <span class='ocrx_word' id='word_1_304' title='bbox 933 4719 997 4790; x_wconf 91' lang='lat' dir='ltr'>sub</span> <span class='ocrx_word' id='word_1_305' title='bbox 1024 4718 1190 4809; x_wconf 89' lang='lat' dir='ltr'>parochia</span> <span class='ocrx_word' id='word_1_306' title='bbox 1224 4720 1267 4790; x_wconf 91' lang='lat' dir='ltr'>de</span> <span class='ocrx_word' id='word_1_307' title='bbox 1302 4718 1478 4789; x_wconf 91' lang='lat' dir='ltr'>Minori</span> <span class='ocrx_word' id='word_1_308' title='bbox 1513 4717 1805 4808; x_wconf 84' lang='lat' dir='ltr'>Morawycza</span> 
     </span>
     <span class='ocr_line' id='line_1_34' title="bbox 251 4836 1805 4929; baseline -0.001 -19"><span class='ocrx_word' id='word_1_309' title='bbox 251 4840 330 4929; x_wconf 89' lang='lat' dir='ltr'>sita,</span> <span class='ocrx_word' id='word_1_310' title='bbox 359 4838 455 4909; x_wconf 91' lang='lat' dir='ltr'>cuius</span> <span class='ocrx_word' id='word_1_311' title='bbox 481 4838 606 4909; x_wconf 89' lang='lat' dir='ltr'>haeres</span> <span class='ocrx_word' id='word_1_312' title='bbox 633 4836 773 4911; x_wconf 88' lang='lat' dir='ltr'>Gabriel</span> <span class='ocrx_word' id='word_1_313' title='bbox 802 4840 844 4911; x_wconf 93' lang='lat' dir='ltr'>de</span> <span class='ocrx_word' id='word_1_314' title='bbox 872 4840 1079 4911; x_wconf 91' lang='lat' dir='ltr'>Thancin</span> <span class='ocrx_word' id='word_1_315' title='bbox 1107 4840 1150 4911; x_wconf 90' lang='lat' dir='ltr'>dc</span> <span class='ocrx_word' id='word_1_316' title='bbox 1178 4839 1280 4912; x_wconf 92' lang='lat' dir='ltr'>domo</span> <span class='ocrx_word' id='word_1_317' title='bbox 1307 4838 1636 4929; x_wconf 89' lang='lat' dir='ltr'>Bippennium,</span> <span class='ocrx_word' id='word_1_318' title='bbox 1672 4838 1708 4907; x_wconf 95' lang='lat' dir='ltr'>in</span> <span class='ocrx_word' id='word_1_319' title='bbox 1736 4859 1805 4928; x_wconf 85' lang='lat' dir='ltr'>qua</span> 
     </span>
     <span class='ocr_line' id='line_1_35' title="bbox 252 4960 1883 5051; baseline 0 -20"><span class='ocrx_word' id='word_1_320' title='bbox 252 4964 336 5031; x_wconf 92' lang='lat' dir='ltr'>sunt</span> <span class='ocrx_word' id='word_1_321' title='bbox 361 4960 454 5030; x_wconf 89' lang='lat' dir='ltr'>lanei</span> <span class='ocrx_word' id='word_1_322' title='bbox 482 4960 732 5051; x_wconf 74' lang='lat' dir='ltr'>cmethonaleS‚</span> <span class='ocrx_word' id='word_1_323' title='bbox 760 4962 843 5033; x_wconf 88' lang='lat' dir='ltr'>item</span> <span class='ocrx_word' id='word_1_324' title='bbox 869 4983 939 5033; x_wconf 88' lang='lat' dir='ltr'>una</span> <span class='ocrx_word' id='word_1_325' title='bbox 965 4962 1131 5051; x_wconf 87' lang='lat' dir='ltr'>taberna,</span> <span class='ocrx_word' id='word_1_326' title='bbox 1158 4962 1242 5033; x_wconf 88' lang='lat' dir='ltr'>item</span> <span class='ocrx_word' id='word_1_327' title='bbox 1268 4965 1341 5032; x_wconf 89' lang='lat' dir='ltr'>tres</span> <span class='ocrx_word' id='word_1_328' title='bbox 1368 4960 1606 5048; x_wconf 90' lang='lat' dir='ltr'>hortulauiae,</span> <span class='ocrx_word' id='word_1_329' title='bbox 1633 4960 1803 5031; x_wconf 88' lang='lat' dir='ltr'>habentes</span> <span class='ocrx_word' id='word_1_330' title='bbox 1879 5005 1883 5014; x_wconf 43' lang='grc' dir='ltr'><strong><em>ι</em></strong></span> 
     </span>
     <span class='ocr_line' id='line_1_36' title="bbox 252 5080 1804 5172; baseline 0.003 -22"><span class='ocrx_word' id='word_1_331' title='bbox 252 5101 365 5170; x_wconf 83' lang='lat' dir='ltr'>agros,</span> <span class='ocrx_word' id='word_1_332' title='bbox 393 5080 588 5171; x_wconf 87' lang='lat' dir='ltr'>dequibus</span> <span class='ocrx_word' id='word_1_333' title='bbox 616 5082 774 5153; x_wconf 85' lang='lat' dir='ltr'>omnibus</span> <span class='ocrx_word' id='word_1_334' title='bbox 811 5082 943 5153; x_wconf 89' lang='lat' dir='ltr'>decima</span> <span class='ocrx_word' id='word_1_335' title='bbox 968 5082 1195 5172; x_wconf 86' lang='lat' dir='ltr'>manipularis</span> <span class='ocrx_word' id='word_1_336' title='bbox 1223 5087 1259 5152; x_wconf 92' lang='lat' dir='ltr'>et</span> <span class='ocrx_word' id='word_1_337' title='bbox 1286 5081 1461 5171; x_wconf 88' lang='lat' dir='ltr'>canapalls</span> <span class='ocrx_word' id='word_1_338' title='bbox 1489 5080 1635 5151; x_wconf 87' lang='lat' dir='ltr'>solvitur</span> <span class='ocrx_word' id='word_1_339' title='bbox 1662 5084 1697 5151; x_wconf 88' lang='lat' dir='ltr'>et</span> <span class='ocrx_word' id='word_1_340' title='bbox 1723 5100 1804 5154; x_wconf 89' lang='lat' dir='ltr'>cou-</span> 
     </span>
     <span class='ocr_line' id='line_1_37' title="bbox 252 5200 1803 5295; baseline -0.001 -23"><span class='ocrx_word' id='word_1_341' title='bbox 252 5201 392 5272; x_wconf 89' lang='lat' dir='ltr'>ducitur</span> <span class='ocrx_word' id='word_1_342' title='bbox 419 5201 582 5272; x_wconf 88' lang='lat' dir='ltr'>ecclesiae</span> <span class='ocrx_word' id='word_1_343' title='bbox 610 5200 720 5274; x_wconf 90' lang='lat' dir='ltr'>eidem</span> <span class='ocrx_word' id='word_1_344' title='bbox 748 5202 784 5273; x_wconf 87' lang='lat' dir='ltr'>ib</span> <span class='ocrx_word' id='word_1_345' title='bbox 819 5202 1108 5295; x_wconf 88' lang='lat' dir='ltr'>Morauycza</span> <span class='ocrx_word' id='word_1_346' title='bbox 1144 5202 1339 5293; x_wconf 90' lang='lat' dir='ltr'>Minori,</span> <span class='ocrx_word' id='word_1_347' title='bbox 1376 5207 1412 5272; x_wconf 89' lang='lat' dir='ltr'>et</span> <span class='ocrx_word' id='word_1_348' title='bbox 1438 5200 1577 5291; x_wconf 87' lang='lat' dir='ltr'>plebani</span> <span class='ocrx_word' id='word_1_349' title='bbox 1603 5200 1803 5271; x_wconf 90' lang='lat' dir='ltr'>alternatim</span> 
     </span>
     <span class='ocr_line' id='line_1_38' title="bbox 251 5312 1853 5414; baseline 0.004 -21"><span class='ocrx_word' id='word_1_350' title='bbox 251 5319 449 5413; x_wconf 88' lang='lat' dir='ltr'>percipiunt</span> <span class='ocrx_word' id='word_1_351' title='bbox 475 5322 581 5413; x_wconf 87' lang='lat' dir='ltr'>illam;</span> <span class='ocrx_word' id='word_1_352' title='bbox 608 5324 692 5395; x_wconf 91' lang='lat' dir='ltr'>item</span> <span class='ocrx_word' id='word_1_353' title='bbox 719 5324 908 5414; x_wconf 86' lang='lat' dir='ltr'>praedium.</span> <span class='ocrx_word' id='word_1_354' title='bbox 1848 5312 1853 5322; x_wconf 71' lang='grc'>’</span> 
     </span>
    </p>

    <p class='ocr_par' dir='ltr' id='par_1_9' title="bbox 250 5442 1803 5785">
     <span class='ocr_line' id='line_1_39' title="bbox 356 5442 1802 5535; baseline 0.001 -22"><span class='ocrx_word' id='word_1_355' title='bbox 356 5442 540 5534; x_wconf 80' lang='lat' dir='ltr'>Bnnrczn,</span> <span class='ocrx_word' id='word_1_356' title='bbox 576 5444 660 5516; x_wconf 84' lang='lat' dir='ltr'>villa</span> <span class='ocrx_word' id='word_1_357' title='bbox 687 5446 750 5516; x_wconf 87' lang='lat' dir='ltr'>sub</span> <span class='ocrx_word' id='word_1_358' title='bbox 777 5445 943 5535; x_wconf 89' lang='lat' dir='ltr'>parochia</span> <span class='ocrx_word' id='word_1_359' title='bbox 976 5445 1019 5517; x_wconf 94' lang='lat' dir='ltr'>de</span> <span class='ocrx_word' id='word_1_360' title='bbox 1050 5444 1226 5518; x_wconf 88' lang='lat' dir='ltr'>Minori</span> <span class='ocrx_word' id='word_1_361' title='bbox 1260 5444 1548 5534; x_wconf 85' lang='lat' dir='ltr'>Morawycza</span> <span class='ocrx_word' id='word_1_362' title='bbox 1583 5442 1669 5533; x_wconf 88' lang='lat' dir='ltr'>sita,</span> <span class='ocrx_word' id='word_1_363' title='bbox 1705 5443 1802 5515; x_wconf 92' lang='lat' dir='ltr'>cuius</span> 
     </span>
     <span class='ocr_line' id='line_1_40' title="bbox 250 5563 1801 5657; baseline 0.001 -23"><span class='ocrx_word' id='word_1_364' title='bbox 250 5564 376 5635; x_wconf 91' lang='lat' dir='ltr'>haeres</span> <span class='ocrx_word' id='word_1_365' title='bbox 403 5563 685 5657; x_wconf 88' lang='lat' dir='ltr'>Ossolinshy</span> <span class='ocrx_word' id='word_1_366' title='bbox 713 5564 755 5636; x_wconf 92' lang='lat' dir='ltr'>dc</span> <span class='ocrx_word' id='word_1_367' title='bbox 783 5564 888 5636; x_wconf 88' lang='lat' dir='ltr'>armis</span> <span class='ocrx_word' id='word_1_368' title='bbox 915 5566 1241 5657; x_wconf 89' lang='lat' dir='ltr'>Bippennium,</span> <span class='ocrx_word' id='word_1_369' title='bbox 1268 5566 1397 5655; x_wconf 86' lang='lat' dir='ltr'>inqua</span> <span class='ocrx_word' id='word_1_370' title='bbox 1423 5570 1504 5636; x_wconf 90' lang='lat' dir='ltr'>snut</span> <span class='ocrx_word' id='word_1_371' title='bbox 1530 5564 1620 5635; x_wconf 89' lang='lat' dir='ltr'>lanei</span> <span class='ocrx_word' id='word_1_372' title='bbox 1649 5564 1801 5636; x_wconf 88' lang='lat' dir='ltr'>cmetbo-</span> 
     </span>
     <span class='ocr_line' id='line_1_41' title="bbox 252 5684 1803 5785; baseline 0.001 -29"><span class='ocrx_word' id='word_1_373' title='bbox 252 5684 359 5777; x_wconf 83' lang='lat' dir='ltr'>nales,</span> <span class='ocrx_word' id='word_1_374' title='bbox 386 5685 470 5760; x_wconf 88' lang='lat' dir='ltr'>item</span> <span class='ocrx_word' id='word_1_375' title='bbox 497 5686 585 5761; x_wconf 91' lang='lat' dir='ltr'>duae</span> <span class='ocrx_word' id='word_1_376' title='bbox 611 5687 787 5781; x_wconf 85' lang='lat' dir='ltr'>tabernae,</span> <span class='ocrx_word' id='word_1_377' title='bbox 815 5686 983 5761; x_wconf 87' lang='lat' dir='ltr'>habentes</span> <span class='ocrx_word' id='word_1_378' title='bbox 1010 5709 1123 5785; x_wconf 80' lang='lat' dir='ltr'>agros,</span> <span class='ocrx_word' id='word_1_379' title='bbox 1151 5688 1337 5783; x_wconf 91' lang='lat' dir='ltr'>dequibus</span> <span class='ocrx_word' id='word_1_380' title='bbox 1361 5687 1508 5760; x_wconf 83' lang='lat' dir='ltr'>soluitur</span> <span class='ocrx_word' id='word_1_381' title='bbox 1535 5693 1571 5760; x_wconf 87' lang='lat' dir='ltr'>ct</span> <span class='ocrx_word' id='word_1_382' title='bbox 1600 5686 1803 5759; x_wconf 88' lang='lat' dir='ltr'>conducitur</span> 
     </span>
    </p>
   </div>
   <div class='ocr_carea' id='block_1_3' title="bbox 0 0 2280 6600">
    <p class='ocr_par' dir='ltr' id='par_1_10' title="bbox 0 0 2280 6600">
     <span class='ocr_line' id='line_1_42' title="bbox 0 0 2280 6600; baseline 0 1"><span class='ocrx_word' id='word_1_383' title='bbox 0 0 2280 6600; x_wconf 95' lang='lat' dir='ltr'> </span> 
     </span>
    </p>
   </div>
  </div>
 </body>
</html>
