4550 6600
1715 756 1789 829 525

175 948 184 957 “
237 957 446 1035 aestimatur
471 957 515 1033 ad
542 958 660 1033 decem
686 980 830 1034 marcas.
856 960 943 1035 Item
969 962 1077 1034 hahet
1102 962 1138 1034 in
1166 964 1287 1037 eodem
1313 962 1440 1055 oppido
1466 962 1635 1055 plebanus
1661 962 1791 1037 colone

121 1112 125 1121 ·
240 1082 286 1153 de
313 1082 431 1155 decem
458 1082 627 1174 domibus,
646 1083 692 1164 de,
717 1083 872 1174 qualibet
889 1083 991 1156 domo
1008 1104 1072 1174 per
1088 1105 1257 1175 grossum.
1275 1087 1362 1158 ltem
1379 1087 1487 1158 hahet
1504 1086 1672 1176 plebanus
1689 1087 1739 1159 ihi
1757 1092 1804 1158 et'

236 1204 328 1276 alias
355 1204 477 1277 domus
503 1205 654 1297 quinque
680 1207 851 1297 proprias,
878 1227 1023 1297 quarum
1051 1207 1226 1297 quaelibet
1253 1208 1356 1279 solvit
1383 1209 1416 1278 ei
1441 1186 1609 1298 grossum.
1645 1208 1732 1279 Item
1760 1209 1791 1279 si

236 1326 367 1417 aliquis
392 1328 429 1397 in
456 1326 560 1399 domo
586 1348 652 1398 sua
675 1328 802 1399 braxat
827 1334 889 1399 aut
915 1328 1081 1418 propinat
1099 1329 1298 1419 cervisiam,
1327 1328 1431 1401 solvit
1456 1329 1605 1418 plebano
1621 1350 1790 1420 grossum.

236 1447 329 1519 Item
355 1447 463 1520 hahet
487 1448 655 1538 plebanus
681 1447 862 1539 praedium
889 1454 926 1523 et
951 1456 1063 1541 prata,
1089 1470 1153 1541 pro
1181 1450 1262 1525 dote
1289 1471 1361 1523 sua.
1396 1450 1485 1523 Item
1511 1450 1619 1523 hahet
1645 1454 1681 1523 et
1707 1450 1791 1523 mel-

237 1568 346 1641 lificia
371 1569 408 1640 in
433 1570 549 1642 horra
994 1602 1004 1622 ·
1286 1602 1292 1611 ·

346 1690 652 1782 Scnmnowrncz‚
679 1692 764 1764 villa
790 1691 855 1764 suh
872 1693 1039 1782 parochia
1055 1693 1220 1765 ecclesiae
1238 1693 1281 1765 de
1299 1694 1427 1785 oppido
1446 1693 1738 1785 Schidlowye
1748 1714 1791 1765 cz

238 1814 321 1901 situ,
347 1813 444 1883 cuius
471 1812 594 1884 haeres
621 1811 815 1885 Stauislaus
842 1811 1287 1905 Schidlowyeczsky
1314 1815 1524 1887 castellanus
1543 1814 1792 1887 Radomiensis.

236 1933 305 2004 In¹
318 1953 387 2024 qua
421 1940 504 2005 sunt
539 1934 631 2006 lanei
668 1935 922 2025 cmethonales‚
949 1935 993 2007 de
1020 1936 1145 2026 quihus
1173 1936 1320 2008 solvitur
1346 1936 1479 2007 decima
1505 1936 1730 2027 manipularis
1758 1940 1792 2007 et

237 2054 418 2146 canapahs
444 2054 610 2127 ecclesiae
637 2056 673 2127 in
700 2055 855 2148 Mirer,
882 2060 919 2127 et
943 2057 1042 2129 valor
1068 2056 1143 2129 eius
1170 2056 1375 2131 aestimatur
1400 2058 1445 2130 ad
1464 2112 1471 2128 .
1490 2113 1524 2129 ..

345 2176 493 2249 Wonra.
519 2175 889 2250 Sonrnnowrnczsnn
916 2178 1004 2249 alias
1030 2177 1194 2269 Kourna,
1225 2178 1308 2251 villa
1335 2180 1398 2251 soh
1426 2179 1591 2269 parochia
1608 2178 1651 2249 de
1669 2176 1792 2249 Schi-

239 2299 477 2391 dlowyecz
503 2298 581 2389 sito,
608 2298 705 2371 cuius
731 2300 856 2371 haeres
874 2298 1069 2371 Stanislaus
1087 2298 1540 2392 Schidlowyeczsky.
1565 2301 1607 2371 In
1627 2320 1694 2390 qua
1711 2303 1792 2370 sunt

238 2421 334 2493 lanei
368 2419 620 2509 cmethonales‚
647 2420 691 2491 de
727 2420 851 2511 quihus
878 2420 1027 2493 solvitur
1051 2427 1089 2493 et
1116 2420 1320 2495 conducitur
1346 2422 1479 2495 decima
1505 2406 1742 2513 manipularis
1756 2424 1793 2491 et

239 2541 417 2633 canapalis
442 2562 507 2633 pro
534 2542 736 2632 episcopatu
762 2542 1067 2615 cracoviensi...

347 2662 558 2752 Gnauorrn,
584 2663 669 2734 rilla
694 2664 759 2734 suh
784 2659 952 2753 parochia
977 2664 1143 2736 ecclesiae
1171 2663 1214 2735 de
1240 2663 1556 2737 Wrzeszczow
1583 2665 1668 2755 sita,
1696 2664 1792 2736 cuim

240 2786 366 2857 haeres
401 2783 593 2857 Stoeislaus
627 2785 836 2857 castellanus
873 2786 1123 2859 Redemiensis.
1163 2786 1203 2856 In
1231 2806 1299 2877 qua
1325 2792 1406 2858 sunt
1432 2786 1524 2857 lanei
1551 2786 1793 2875 emethonales,

240 2906 438 2998 dequibus
474 2906 621 2979 solvitur
657 2911 693 2977 et
719 2906 923 2979 conducitur
950 2907 1082 2978 decima
1107 2907 1336 2998 manipularis
1362 2913 1399 2979 et
1426 2908 1600 2998 canapalis
1628 2907 1793 2979 ecclesiae

240 3028 278 3098 in
304 3082 454 3098 .....
480 3028 568 3100 Item
595 3032 650 3099 est
684 3028 734 3099 ihi
770 3028 951 3118 praedium
977 3028 1146 3119 militare,
1173 3028 1216 3100 de
1243 3029 1339 3101 cuius
1366 3021 1461 3119 agris
1487 3028 1635 3102 solvitur
1662 3028 1794 3100 decima

239 3148 407 3221 ecclesiae
432 3150 468 3220 in
496 3149 855 3241 Schidlouyecz.
1509 3145 1515 3153 ’

341 3270 709 3362 ·Pannnoczrn‚·villa
735 3270 800 3346 suh
827 3272 993 3363 parochia
1020 3271 1185 3344 ecclesiae
1217 3270 1260 3344 de
1287 3270 1496 3362 Antiqua
1521 3269 1689 3343 Radom
1717 3269 1798 3360 sita.

239 3395 339 3466 cuius
365 3394 490 3465 haeres
516 3392 681 3466 Nicolaus
707 3393 1161 3485 Schidlowyeczsky.
1188 3394 1229 3464 In
1256 3415 1325 3485 qua
1342 3398 1424 3466 sunt
1441 3393 1533 3465 lanei
1551 3392 1794 3480 emethonales‚

240 3516 327 3587 item
353 3515 619 3604 tahemaitem
646 3514 877 3607 homotoniae,
905 3515 948 3586 de
975 3515 1099 3606 quihus
1127 3515 1260 3586 decima
1286 3515 1463 3604 variatur;
1491 3535 1570 3586 nam
1588 3535 1652 3604 pro
1671 3513 1794 3584 maiori
1937 3558 1942 3570 -

240 3642 343 3727 purte
370 3636 518 3708 solvitur
555 3637 773 3728 episcopatui
800 3636 1040 3728 Gracovieusi‚
1067 3657 1131 3726 pro
1157 3637 1284 3709 minori
1310 3657 1392 3709 vero
1420 3635 1568 3726 plebano
1596 3635 1638 3706 de
1666 3633 1795 3705 Anti-

241 3778 326 3850 qua
351 3757 527 3830 Radom.
552 3757 642 3830 Item
669 3764 723 3831 est
751 3761 800 3832 ihi
827 3757 1007 3850 praedium
1033 3757 1195 3850 militare,
1223 3756 1265 3830 de
1293 3778 1361 3848 quo
1389 3756 1580 3829 decimatur
1607 3757 1643 3828 in
1671 3753 1795 3826 Schi-

117 3959 127 3966 ,
240 3879 484 3972 dlowyecz.

346 3995 583 4092 orneacus,
610 4002 694 4074 villa
720 4003 785 4074 suh
811 4001 977 4094 parochia
1004 4000 1048 4074 de
1075 3999 1423 4091 Schidlowyecz
1451 3999 1528 4090 sita,
1555 3999 1652 4070 cuius
1670 3998 1794 4069 haeres

241 4121 512 4197 Prandotha
537 4124 581 4196 de
608 4122 753 4196 Odoin
779 4125 822 4197 de
850 4124 956 4198 armis
974 4179 982 4193 .
1001 4178 1008 4193 .
1028 4178 1035 4193 .
1054 4177 1061 4192 .
1079 4123 1121 4194 In
1149 4143 1216 4214 qua
1243 4128 1324 4194 sunt
1349 4122 1442 4194 lanei
1469 4120 1725 4210 auctionales,
1752 4119 1795 4190 de

241 4249 369 4339 quihus
404 4247 552 4319 solvitur
586 4251 622 4318 et
648 4246 854 4320 conducitur
880 4246 1013 4318 decima
1038 4245 1266 4336 manipularis
1294 4250 1329 4317 et
1356 4244 1530 4336 canapalis
1557 4263 1622 4334 pro
1649 4261 1796 4334 praepo—

201 4383 208 4389 ·
240 4371 356 4442 situra
380 4367 589 4461 Kyelciensi.
615 4369 705 4442 Item
731 4374 786 4440 est
811 4369 862 4442 ihi
887 4367 1068 4459 praedium
1094 4367 1259 4457 militare,
1287 4367 1330 4438 de
1358 4366 1455 4439 cuius
1483 4367 1576 4456 agris
1607 4365 1798 4437 decimatur

239 4492 278 4563 in
305 4489 664 4585 Schidlouyeer.

346 4611 595 4686 Gonrscnown
630 4613 718 4685 alias
752 4611 913 4702 Danas,
948 4611 1032 4683 villa
1067 4613 1132 4684 suh
1168 4607 1334 4701 parochia
1370 4609 1413 4681 de
1449 4608 1796 4699 Schidlowyecz

238 4733 319 4808 sita.
345 4735 386 4806 In
413 4756 482 4826 qua
508 4741 589 4808 sunt
615 4735 706 4806 lanei
732 4733 984 4839 emethonales3
1011 4732 1054 4805 de
1082 4731 1207 4824 quihus
1235 4731 1383 4804 solvitur
1410 4731 1544 4804 decima
1571 4729 1797 4822 manipularis

238 4865 278 4928 et
304 4857 481 4948 canapalls
507 4858 544 4929 in
563 4912 594 4927 ..
613 4911 620 4926 .
639 4911 646 4927 .
665 4857 753 4929 Item
780 4860 834 4929 est
859 4857 909 4929 ihi
935 4855 1116 4948 praedium
1143 4855 1305 4945 militare·
1331 4854 1373 4926 de
1401 4854 1498 4926 cuius
1526 4852 1620 4943 agris
1648 4852 1798 4924 solvitur

238 4979 375 5052 decima
401 4979 628 5071 manipularis
655 4979 821 5052 ecclesiae
847 4979 885 5050 in
912 4972 1277 5069 Schidlowyecz.

918 5203 1122 5295 Onncnow.
1222 5219 1225 5226 ·

347 5344 442 5418 Villa
472 5346 604 5419 hahens
641 5347 676 5417 in
704 5366 742 5417 se
768 5344 948 5417 ecclesiam
979 5343 1223 5434 parochialem,
1250 5361 1313 5432 per
1339 5340 1533 5412 Johannem
1560 5339 1797 5430 Dlugosch

240 5475 327 5540 tunc
365 5469 568 5540 canonicum
603 5466 935 5556 Sandomiriensem‚
962 5464 1007 5537 ad
1034 5464 1135 5555 quern
1163 5463 1277 5535 dictae
1304 5462 1407 5535 villae
1434 5444 1661 5552 Odachour
1687 5460 1796 5550 perti-

238 5590 348 5661 nebat
375 5587 524 5680 iundus,
550 5589 661 5661 latere
689 5592 785 5660 cocto
813 5608 834 5658 a
860 5585 1093 5659 fundamentis
1121 5589 1312 5675 moratam,
1340 5589 1376 5654 et
1403 5584 1512 5654 latere
1538 5581 1689 5673 tegulari
1717 5602 1797 5652 cou-

237 5716 386 5802 tectam,
423 5709 570 5783 Sanctae
605 5709 740 5782 Mariae
776 5710 900 5782 honori
936 5705 1113 5799 dicatarn‚'
1133 5713 1169 5777 et
1204 5727 1266 5797 per
1293 5705 1472 5776 Nicolaum
1500 5703 1727 5814 Vilhelmli
1754 5703 1796 5773 de
