4550 6600
1605 816 1611 823 -
1670 766 1741 839 197

198 981 291 1031 mon
319 964 354 1030 61
379 959 514 1050 Ρ61166,
542 962 699 1033 consides
726 960 971 1035 cracovienses
998 965 1040 1035 de
1060 950 1249 1057 cygnis.
1289 968 1416 1058 Inque
1443 974 1524 1040 6661
1550 970 1744 1060 quindecim

197 1081 286 1151 lanei
311 1082 564 1171 cmethonales,
599 1081 642 1152 de
670 1084 796 1172 quihus
821 1085 982 1155 omnihus
1011 1086 1159 1157 solvitur
1185 1092 1222 1157 61
1248 1087 1451 1159 conducitur
1477 1088 1610 1161 decima
1635 1093 1744 1162 mani-

198 1201 327 1293 pularis
345 1206 382 1273 et
396 1203 570 1291 canapalis
588 1224 652 1291 pro
666 1204 868 1295 episcopatu
887 1201 1128 1295 cracoviensi,
1148 1209 1244 1277 cuius
1262 1208 1361 1278 valor
1376 1210 1581 1281 aestimatur
1598 1213 1643 1283 ad
1660 1234 1745 1302 qna·

196 1328 273 1391 tuor
298 1342 441 1392 marcas.
482 1322 568 1393 Item
587 1323 706 1394 661111
726 1324 1035 1396 666116116161666
1063 1347 1184 1417 agros,
1211 1327 1254 1397 16
1281 1329 1406 1417 661166
1423 1304 1581 1401 ¹solvitur
1608 1331 1742 1403 decima

195 1441 416 1531 manipularis
434 1442 598 1513 ecclesiae
625 1444 661 1513 in
679 1442 892 1533 chechel,
920 1450 957 1516 61
975 1446 1072 1517 valor
1100 1448 1174 1517 eius
1199 1449 1403 1519 aestimatur
1430 1449 1474 1519 ad
1493 1450 1580 1521 duas
1598 1472 1743 1523 marcas.

298 1558 596 1652 Gonczowrczn,
631 1563 714 1633 villa
746 1565 809 1634 sub
844 1564 1010 1653 parochia
1036 1567 1201 1641 ecclesiae
1237 1568 1279 1638 de
1306 1567 1506 1639 chechel
1534 1571 1618 1659 sita,
1646 1573 1742 1642 cuins

195 1682 387 1753 1661611166
422 1684 574 1771 pertinet
609 1682 654 1755 ad
680 1684 949 1757 illustrissimum
984 1684 1150 1759 Poloniae
1185 1708 1310 1776 regem.
1355 1689 1395 1758 In
1431 1711 1500 1777 666
1535 1695 1616 1761 6661
1651 1691 1742 1762 16661

199 1802 446 1893 66611666166,
474 1802 516 1873 16
536 1804 659 1892 661166
687 1804 878 1876 decimatur
896 1806 1057 1896 episcopo
1085 1806 1315 1879 cracoviensi.
1354 1810 1441 1879 Item
1468 1810 1503 1879 in
1522 1810 1643 1881 eadem
1661 1812 1744 1881 villa

196 1931 245 1995 est
271 1923 432 1995 scoltetia
458 1924 589 1996 hahens
616 1945 732 2014 agros,
769 1925 812 1995 16
840 1926 964 2015 661166
991 1926 1140 1999 solvitur
1166 1928 1300 1999 decima
1325 1930 1550 2018 manipularis
1577 1931 1742 2002 ecclesiae

195 2047 228 2114 in
254 2042 464 2134 chechel,
491 2050 527 2115 et
546 2044 643 2117 valor
670 2047 744 2116 eins
771 2046 976 2117 aestimatur
1003 2047 1048 2118 ad
1066 2048 1152 2119 duas
1179 2069 1388 2139 sexagenas;
1415 2050 1499 2121 item
1525 2052 1742 2123 hortulaniae

143 2204 147 2223 .
197 2166 295 2236 etiam
323 2165 464 2237 solvunt
490 2166 665 2255 manipulo
692 2188 756 2255 pro
784 2166 929 2239 ecclesia
955 2168 991 2238 in
1018 2167 1228 2239 chechel.

292 2284 451 2375 Kanna,
487 2286 571 2356 villa
607 2286 670 2357 snb
697 2288 863 2377 parochia
898 2288 941 2359 de
977 2288 1177 2360 chechel
1211 2290 1312 2387 sita,
1332 2290 1430 2361 cuius
1465 2292 1662 2380 proprietas
1698 2292 1743 2363 61
1868 2291 1872 2296 ’

195 2406 447 2476 661661661666
481 2405 647 2479 Ρ6166166
684 2428 800 2497 regem
828 2410 987 2498 pertinet.
1027 2410 1067 2479 In
1095 2430 1164 2499 qua
1190 2415 1271 2480 sunt
1298 2415 1445 2499 quatuor
1471 2411 1564 2482 lanei
1590 2412 1744 2483 cmetho-

124 2612 135 2633 Χ
195 2526 304 2615 nelos,
331 2527 419 2597 item
445 2527 626 2617 praedium
653 2511 821 2618 militare,
849 2529 892 2599 de
919 2530 1043 2619 quihus
1070 2530 1228 2601 omnibus
1255 2530 1402 2601 solvitur
1428 2530 1562 2602 166166
1587 2534 1744 2622 manipu-

194 2647 271 2718 laris
297 2647 465 2719 ecclesiae
491 2649 527 2717 in
554 2643 770 2738 chechel,
798 2650 896 2720 cuius
923 2651 1020 2720 valor
1046 2650 1091 2720 61
1118 2651 1269 2741 6616666
1296 2671 1430 2721 marcas
1457 2654 1670 2723 6661166161.

294 2767 474 2857 (1166161,
502 2768 584 2839 villa
612 2770 676 2840 suh
703 2770 867 2859 parochia
894 2770 936 2841 16
955 2770 1157 2842 (1166161
1192 2772 1277 2860 6116,
1311 2772 1407 2842 66166
1426 2772 1549 2843 haeres
1567 2772 1743 2843 Martinus

196 2890 315 2961 nobilis
355 2890 398 2959 16
425 2891 531 2961 61616
559 2888 743 2980 061666.
784 2891 824 2961 16
852 2912 920 2980 666
946 2897 1028 2963 6661
1054 2892 1146 2961 lanei
1173 2892 1424 2981 cmethonalos,
1451 2892 1494 2963 de
1521 2894 1646 2982 quibus
1674 2893 1743 2965 sol-

196 3012 284 3081 vitur
310 3010 447 3081 decima
472 3011 701 3101 manipularis
736 3012 902 3082 ecclcsiae
933 3012 969 3081 in
996 3011 1217 3101 chuchel,
1253 3016 1290 3083 61
1316 3012 1413 3083 valor
1440 3014 1514 3083 eins
1541 3014 1744 3084 aestimatur

198 3130 338 3201 adduas
366 3152 509 3203 marcas.
552 3132 641 3203 Item
668 3132 848 3223 praedium
875 3153 980 3204 unum
1007 3132 1177 3221 militare,
1205 3132 1334 3223 dequo
1362 3132 1553 3204 166166161
1580 3134 1744 3205 666166166

198 3252 229 3323 16
254 3251 468 3325 chechel.
751 3337 758 3350 Ι
1471 3331 1480 3342 κ

298 3367 621 3464 1111166111161,
649 3374 731 3444 villa
749 3375 812 3446 661
831 3374 997 3465 parochia
1015 3374 1057 3446 de
1077 3373 1277 3445 chechel
1304 3376 1384 3464 sita,
1413 3376 1511 3446 cuius
1528 3376 1652 3446 haeres
1671 3377 1746 3465 qui-

202 3494 282 3566 libet
307 3495 484 3584 palatinus
511 3494 758 3566 cracoviensis.
798 3495 837 3565 In
866 3517 935 3585 qna
961 3501 1042 3567 sunt
1069 3516 1129 3566 sex
1156 3495 1248 3565 lanei
1275 3487 1524 3585 cmethonales,
1551 3495 1594 3565 de
1621 3496 1746 3584 quibus

205 3616 346 3686 solvitur
364 3621 403 3686 61
420 3615 623 3688 conducitur
641 3616 773 3686 decima
790 3617 1013 3706 manipularis
1032 3622 1068 3687 ct
1087 3617 1262 3706 canapalis
1280 3616 1496 3706 episcopatui
1512 3613 1744 3705 cracoviensi,

201 3743 232 3806 61
248 3737 345 3808 valor
373 3737 605 3825 6166.....;
631 3737 714 3808 1166
742 3741 891 3827 6661661
917 3737 1151 3825 16116166166,
1177 3741 1327 3826 6661661
1353 3737 1522 3808 16166166
1549 3756 1652 3825 agros
1679 3756 1743 3826 pro

201 3858 355 3949 episcopo
385 3855 606 3930 cracoviensi
633 3911 747 3928 .....

849 3974 1080 4080 (1116611161.

296 4099 394 4172 Villa
419 4100 550 4172 habens
577 4101 613 4170 16
636 4119 673 4170 66
701 4099 879 4171 666166166
905 4098 1138 4189 parochialem
1166 4098 1333 4187 ligneam,
1361 4096 1508 4168 Sanctae
1535 4095 1743 4169 catherinae

201 4219 360 4310 dicatam,
397 4221 492 4292 cuius
527 4223 724 4310 proprietas
760 4219 804 4291 61
840 4219 1086 4292 monasterinm
1123 4225 1159 4290 et
1194 4219 1431 4308 praepositum
1466 4219 1666 4322 monialium
1701 4218 1744 4288 de

201 4340 378 4432 Zvyerz
389 4360 579 4432 666661,
606 4362 714 4431 prope
733 4339 940 4412 Bandzin
963 4340 1040 4410 sita.
1080 4341 1120 4410 In
1140 4361 1209 4430 qua
1226 4345 1308 4410 sunt
1325 4340 1526 4428 octuaginta
1543 4339 1636 4409 lanei
1654 4359 1744 4408 666-

201 4461 371 4552 11666166,
399 4463 511 4534 minus
538 4461 682 4552 duobus,
708 4462 895 4553 dequibus
922 4462 1079 4533 omnibus
1106 4460 1240 4531 decima
1380 4460 1617 4531 1166661111
1643 4479 1744 4547 prae-

202 4582 289 4652 dium
315 4563 527 4672 coenobiale,
555 4583 712 4655 1666166
739 4585 832 4673 agris
859 4583 1006 4654 solvitur
1034 4583 1167 4654 decima
1193 4581 1418 4671 manipularis
1445 4602 1510 4670 pro
1537 4579 1744 4651 6661661616

203 4699 449 4794 crodzecz,
480 4710 516 4776 61
544 4705 640 4777 valor
667 4705 741 4776 eius
768 4704 974 4776 aestimatur
1001 4702 1045 4774 ad
1064 4708 1213 4793 6661661
1239 4723 1382 4774 marcas.
1423 4702 1512 4772 Item
1538 4700 1684 4771 ecclesia
1710 4703 1746 4768 et

203 4822 362 4910 plebanus
390 4825 520 4896 hahent
546 4826 595 4896 ibi
622 4847 725 4915 agros
751 4824 921 4915 proprios,
948 4846 1012 4914 pro
1040 4846 1102 4896 sno
1130 4823 1272 4912 praedio
1300 4827 1336 4894 61
1362 4822 1577 4893 66666611616.

299 4943 513 5036 cnonaow,
551 4945 635 5018 villa
661 4947 724 5018 661
751 4946 916 5036 parochia
952 4945 995 5016 de
1024 4943 1262 5016 Grodzecz
1298 4943 1385 5032 sita,
1421 4942 1518 5013 cuius
1549 4941 1745 5031 proprietas

204 5064 243 5135 ad
268 5063 517 5138 caurusch
544 5067 587 5138 de
614 5067 739 5156 61616,
775 5086 862 5156 quae
887 5065 1042 5156 gladium
1078 5071 1114 5136 et
1141 5065 1228 5135 duas
1255 5064 1355 5135 lunas
1387 5067 1548 5153 portant,
1584 5062 1744 5151 pertinet.

204 5183 240 5254 In
266 5208 332 5276 qua
360 5193 440 5259 sunt
457 5187 549 5258 lanei
576 5187 807 5258 cmethonalos
822 5239 918 5256 .....
1395 5244 1400 5254 .

299 5306 464 5397 Ρ61661,
492 5307 576 5378 villa
611 5309 674 5378 suh
701 5307 868 5397 parochia
904 5306 946 5378 dc
974 5303 1214 5378 Grodzecz
1240 5305 1326 5394 sita,
1354 5304 1450 5374 cuius
1476 5305 1673 5395 proprietas
1700 5301 1745 5373 ad

206 5423 381 5498 Derslaum
399 5428 442 5499 de
461 5427 733 5518 Sternberg,
760 5427 940 5499 Nicolaum
958 5426 1003 5496 W
1013 5425 1293 5518 ythlrowsky
1311 5423 1459 5494 iudicem
1477 5429 1594 5494 terrae
1612 5423 1745 5516 Bytho·
1845 5499 1850 5509 ⁴

207 5545 338 5617 niensis
365 5549 470 5619 61166
496 5549 539 5620 16
557 5549 662 5620 61616
690 5547 968 5637 Sternherg,
995 5551 1157 5637 pertinet.
1196 5546 1238 5616 In
1256 5566 1325 5636 qua
1352 5550 1433 5616 sunt
1459 5543 1627 5615 tredecim
1653 5545 1746 5618 lanei

209 5666 432 5748 cmethonales,
459 5655 875 5766 61166616116166166,
903 5668 945 5740 de
973 5668 1097 5781 quihus
1125 5664 1432 5786 6611116116166
1459 5719 1574 5748 .....
