4550 6600
532 770 608 847 eto

532 980 656 1072 quibus
691 978 850 1053 omnibus
887 976 1035 1053 solvitur
1070 974 1204 1072 decima
1239 972 1465 1069 manipularis
1501 982 1538 1049 et
1572 972 1750 1068 canapalis
1784 997 1848 1069 pro
1883 965 2087 1069 episcopatu

531 1099 771 1190 cracoviensi3
798 1102 880 1172 item
908 1106 963 1173 est
988 1100 1038 1173 ibi
1065 1099 1231 1172 scoltetus
1257 1099 1390 1171 habens
1417 1098 1505 1171 duos
1531 1097 1651 1171 laneos
1677 1098 1721 1170 de
1748 1101 1860 1190 agris,
1887 1099 1932 1171 de
1960 1098 2086 1190 quibus

530 1220 635 1293 solvit
660 1241 726 1312 pro
752 1220 885 1293 decimu
910 1220 1058 1311 plebano
1086 1220 1122 1291 in
1149 1218 1340 1292 (lzchou
1365 1240 1473 1292 unum
1498 1218 1669 1291 fertonem
1704 1218 1855 1292 latorum
1880 1238 2098 1310 grossorum-

528 1340 767 1433 Pragensium.

640 1462 934 1553 Pumrrowrczn,
969 1462 1052 1534 villa
1084 1461 1149 1535 sub
1185 1462 1351 1552 parochia
1385 1462 1429 1533 de
1464 1461 1655 1535 Ozchow
1689 1462 1778 1552 sita,
1822 1462 1920 1533 cuius
1958 1461 2084 1531 haeres

529 1581 706 1655 Johanues
742 1582 1094 1674 Philipowszky
1121 1581 1165 1653 de
1192 1583 1297 1654 armis
1325 1581 1504 1654 Suarza.
1539 1582 1580 1653 In
1607 1602 1677 1673 qna
1703 1588 1785 1654 sunt
1812 1582 1904 1654 lanei
1930 1581 2087 1653 cmetbo

529 1705 644 1794 nales,
671 1704 755 1776 item
781 1710 854 1775 tres
881 1702 1118 1792 hortulaniae,
1154 1703 1239 1774 item
1269 1704 1436 1775 tabernae
1461 1724 1531 1775 nou
1558 1709 1657 1794 sunt,
1692 1704 1736 1774 de
1763 1704 1888 1794 quibus
1924 1702 2087 1774 omnibns

529 1826 677 1898 solvitur
703 1830 741 1897 et
766 1824 970 1897 conducitur
996 1824 1130 1896 decima
1155 1824 1382 1915 manipularis
1409 1831 1446 1897 et
1471 1825 1647 1915 canapalis
1682 1825 1847 1897 ecclesiae
1873 1829 1911 1895 et
1935 1824 2087 1914 plebano

529 1948 565 2017 in
593 1946 790 2036 Ozchow,
817 1951 853 2017 et
879 1945 978 2017 valor
1004 1946 1078 2015 eius
1105 1946 1310 2016 aestimatur
1326 1945 1372 2016 ad
1389 1945 1538 2017 sedecim
1565 1965 1710 2016 marcas.
1736 1944 1826 2016 ltem
1851 1950 1908 2016 est
1933 1945 1985 2016 ibi
2013 1964 2087 2014 mo

529 2067 706 2139 tendinum
731 2068 863 2139 babens
882 2086 994 2156 agros,
1021 2065 1064 2137 de
1083 2066 1209 2156 quibus
1236 2066 1328 2136 cedit
1343 2066 1492 2170 plebano
1515 2067 1552 2136 in
1574 2064 1744 2137 Orchow
1769 2065 1919 2154 decima;
1946 2065 2087 2137 ratione

529 2188 627 2260 cuins
653 2188 755 2261 villae
782 2193 818 2258 et
845 2185 998 2258 decimae
1024 2183 1203 2258 Johannes
1236 2185 1557 2276 Philipowsky
1591 2187 1717 2258 haeres
1742 2183 1945 2276 praedictae
1970 2185 2087 2274 villae,

379 2312 382 2321 '
530 2315 585 2381 eat
612 2310 714 2381 etium
742 2314 911 2399 patronus
938 2306 1103 2378 ecclesiae
1130 2308 1167 2377 in
1193 2306 1392 2379 Ozcbou.

632 2428 852 2519 Dausaron,
880 2422 963 2499 villa
981 2428 1045 2499 sub
1063 2428 1229 2517 parochia
1255 2427 1299 2499 de
1325 2426 1517 2501 (luchou
1544 2430 1629 2518 sita,
1656 2428 1755 2499 cuius
1780 2430 1904 2500 haeres
1929 2426 2088 2499 Jacobus

529 2546 870 2639 Druszkowsky
897 2548 940 2618 de
967 2546 1073 2618 armis
1100 2546 1309 2638 Nomina,
1343 2548 1481 2620 ratione
1516 2549 1614 2620 cuius
1640 2548 1745 2620 villae
1771 2555 1827 2619 est
1852 2549 1998 2639 quintus
2026 2568 2088 2637 pa·

530 2675 662 2741 tronus.
688 2669 729 2740 Iu
756 2690 825 2760 qua
852 2675 934 2740 sunt
951 2652 1043 2739 lanei
1062 2668 1315 2759 emethonales,
1341 2669 1426 2740 item
1443 2670 1515 2741 tria
1531 2670 1698 2741 militaria
1723 2670 1867 2760 praedia
1883 2674 1920 2740 et
1937 2669 2088 2740 totidem

529 2790 689 2881 patroni,
717 2790 884 2863 habentes
912 2790 1070 2881 quintum
1096 2789 1209 2862 locum
1236 2788 1501 2881 praesentandi,
1528 2790 1572 2861 de
1598 2790 1724 2881 quibus
1750 2791 1910 2863 omnibus
1936 2789 2088 2861 solvitur

529 2916 566 2982 et
592 2910 796 2983 conducitur
832 2911 965 2983 decima
1000 2910 1228 3001 manipularis
1262 2917 1299 2983 et
1331 2912 1509 3001 canapalis
1543 2912 1714 2983 ecclesiae
1742 2913 1779 2983 in
1814 2911 2017 3000 Gzchow,
2053 2914 2088 2980 et

443 3016 445 3021 ¹
529 3032 728 3103 valarsius
754 3032 958 3103 aestimatur
984 3030 1028 3102 ad
1055 3032 1179 3120 viginti
1204 3050 1349 3103 marcas.

643 3151 730 3223 Item
766 3152 802 3223 in
837 3150 994 3242 praelato
1030 3152 1158 3242 oppido
1203 3151 1393 3225 (lzcbow
1435 3150 1641 3225 fraternitas
1680 3152 1811 3225 Beatae
1846 3151 1985 3223 Mariae
2024 3152 2085 3223 dat

529 3270 677 3363 plebano
704 3272 882 3345 annuatim
918 3272 1005 3344 duas
1031 3292 1184 3364 marcas,
1220 3274 1386 3347 solvendo
1422 3294 1486 3365 pro
1521 3274 1734 3366 quibuslibet
1769 3279 1919 3366 quatuor
1950 3279 2085 3364 tempo

529 3393 626 3464 ribus
652 3392 800 3464 mediam
827 3413 996 3484 marcam,
1024 3399 1060 3464 et
1077 3393 1246 3484 plebanus
1263 3399 1403 3466 tenetur
1429 3394 1586 3484 quolibet
1609 3393 1757 3467 sabatho
1782 3401 1925 3465 canmre
1943 3394 2085 3464 missam

441 3553 444 3560 ,
530 3514 574 3584 de
599 3513 710 3586 Beata
736 3513 891 3605 Virgine.

632 3636 978 3726 Pnnnrssowrczn,
1014 3637 1098 3710 villa
1124 3639 1189 3710 sub
1215 3639 1383 3728 parocbia
1417 3638 1461 3710 de
1488 3636 1676 3711 Gzchou
1702 3639 1787 3730 sita,
1825 3638 1924 3710 cuins
1958 3639 2083 3710 haeres

529 3757 652 3849 Spitko
679 3757 1003 3850 Melsthinslry
1034 3760 1077 3830 de
1104 3760 1211 3832 armis
1245 3759 1396 3852 Lelywa.
1431 3759 1472 3830 ln
1499 3781 1568 3850 qua
1594 3766 1677 3831 sunt
1710 3760 1801 3830 lanei
1837 3760 2082 3847 cmetbonales,

528 3882 611 3953 item
647 3883 794 3954 taberna
829 3903 899 3953 nna
935 3881 1066 3954 babens
1103 3901 1226 3972 agros,
1261 3883 1346 3953 item
1382 3879 1603 3952 hortulaniae
1638 3881 1807 3952 babentes
1841 3901 1965 3971 agros,
2001 3883 2082 3952 item

528 4005 706 4094 praedium
735 4004 865 4074 bonum
891 4003 1059 4093 militare,
1087 4003 1276 4094 dequibus
1302 4004 1462 4074 omnibus
1489 4003 1637 4075 solvitur
1663 4008 1700 4074 ct
1717 4001 1922 4075 conducitur
1949 4003 2082 4073 decima

528 4124 753 4213 manipularis
780 4129 817 4194 et
843 4123 1018 4213 canapalis
1055 4124 1220 4195 ecclesiae
1246 4130 1284 4196 et
1308 4124 1457 4215 plebano
1485 4125 1520 4195 in
1548 4123 1746 4215 Ozchow,
1777 4124 1875 4196 cuins
1911 4123 2012 4194 valor
2039 4123 2081 4194 ad

528 4243 707 4316 duodecim
735 4263 878 4315 marcas,

631 4363 963 4457 Dounsnowrczn,
998 4365 1081 4440 villa
1117 4368 1182 4440 sub
1207 4367 1374 4459 parocbia
1406 4367 1571 4439 ecclesiae
1607 4367 1651 4438 de
1677 4363 1823 4439 Gzchow
1858 4367 1945 4456 sita,
1982 4369 2079 4439 cuius

528 4488 652 4559 haeres
680 4486 804 4577 Spitko
832 4487 875 4558 de
901 4487 1076 4560 Melsth
1085 4512 1141 4582 yn
1168 4490 1212 4561 de
1239 4490 1344 4562 armis
1370 4489 1564 4581 Lelywa.
1598 4489 1639 4559 In
1667 4509 1736 4579 qua
1762 4493 1845 4560 sunt
1870 4487 1963 4559 lanei
1990 4509 2079 4560 cme-

527 4608 704 4700 thonales,
732 4609 815 4680 item
842 4609 990 4681 taberna
1015 4631 1085 4683 una
1110 4611 1243 4683 habens
1270 4631 1392 4701 agros,
1418 4610 1503 4681 item
1529 4610 1747 4681 hortulaniae
1773 4609 1942 4680 habentes
1969 4629 2080 4699 agros,

528 4733 611 4804 item
638 4730 818 4823 praedium
845 4732 971 4804 bonum
999 4733 1151 4806 militare
1169 4735 1303 4806 babens
1330 4753 1433 4823 agros
1460 4730 1689 4821 sufficienter,
1714 4729 1902 4821 dequibus
1922 4733 2080 4803 omnibus

527 4855 675 4928 solvitur
701 4859 738 4925 et
763 4853 967 4926 conducitur
993 4854 1126 4926 decima
1152 4855 1378 4947 manipularis
1395 4860 1433 4925 et
1450 4853 1627 4944 canapalis
1644 4851 1810 4924 ecclesiae
1828 4852 1864 4921 in
1882 4850 2078 4940 Gzcbow,

528 4983 564 5048 et
590 4975 689 5048 valor
715 4977 790 5046 eius
816 4975 1019 5048 aestimatur
1046 4977 1090 5048 ad
1117 4977 1297 5050 duodecim
1323 4996 1469 5048 marcas.
1497 4973 1611 5045 Villae
1637 4972 1871 5064 parochiales:
1906 4971 2077 5064 Oppidum

527 5097 725 5187 Gzchow,
752 5095 947 5187 Jurlrow,
983 5097 1126 5191 Ruda,
1162 5098 1518 5190 Philipowicze,
1554 5089 1816 5183 Drnszlrow,
1843 5091 2077 5166 Phaliszo

527 5239 685 5311 wycze,
710 5218 1078 5292 Domaslowicze.

631 5340 717 5411 Item
745 5341 781 5411 in
808 5340 928 5411 eodem
956 5341 1083 5432 oppido
1110 5341 1300 5415 Ozchow
1326 5347 1410 5413 sunt
1435 5340 1505 5412 duo
1523 5338 1667 5412 altaria:
1693 5357 1799 5409 unum
1827 5336 1979 5427 quinque
2006 5336 2077 5408 vul·

528 5481 648 5531 nerum
676 5459 815 5530 Domini
842 5461 954 5531 nostri
980 5460 1066 5532 Jesu
1084 5461 1216 5534 Christi
1234 5463 1358 5534 honori
1377 5461 1547 5551 dicatum,
1575 5466 1612 5531 et
1638 5479 1701 5550 per
1718 5457 1875 5529 Marcum
1894 5458 2075 5548 plebanum

527 5582 562 5650 in
591 5580 779 5652 Gzchow
815 5581 963 5670 nobilem
995 5582 1038 5653 de
1065 5583 1167 5653 domo
1194 5584 1253 5672 qni
1280 5583 1442 5654 deterunt
1467 5601 1608 5654 cervum
1634 5601 1698 5670 pro
1726 5579 1863 5668 insigni,
1897 5578 2075 5651 fundatum

528 5706 564 5774 et
590 5701 766 5791 dotatum3
803 5703 900 5774 cuius
934 5709 1103 5794 patronus
1138 5705 1262 5776 unicus
1288 5710 1325 5774 et
1351 5705 1497 5782 collator
1531 5703 1701 5793 plebanus
1731 5701 1774 5773 de
1800 5699 1989 5773 Gzcbou
2013 5720 2076 5792 pro
