<?xml version="1.0" encoding="UTF-8"?>
<!DOCTYPE html PUBLIC "-//W3C//DTD XHTML 1.0 Transitional//EN"
    "http://www.w3.org/TR/xhtml1/DTD/xhtml1-transitional.dtd">
<html xmlns="http://www.w3.org/1999/xhtml" xml:lang="en" lang="en">
 <head>
  <title>
</title>
<meta http-equiv="Content-Type" content="text/html;charset=utf-8" />
  <meta name='ocr-system' content='tesseract 3.04.00' />
  <meta name='ocr-capabilities' content='ocr_page ocr_carea ocr_par ocr_line ocrx_word'/>
</head>
<body>
  <div class='ocr_page' id='page_1' title='image "./operaomnia03paulgoog_0311.png"; bbox 0 0 4550 6600; ppageno 0'>
   <div class='ocr_carea' id='block_1_1' title="bbox 502 812 574 887">
    <p class='ocr_par' dir='ltr' id='par_1_1' title="bbox 502 812 574 887">
     <span class='ocr_line' id='line_1_1' title="bbox 502 812 574 887; baseline 0.028 -2"><span class='ocrx_word' id='word_1_1' title='bbox 502 812 574 887; x_wconf 75' lang='grc'>168</span> 
     </span>
    </p>
   </div>
   <div class='ocr_carea' id='block_1_2' title="bbox 441 1011 2153 5096">
    <p class='ocr_par' dir='ltr' id='par_1_2' title="bbox 500 1011 2149 1934">
     <span class='ocr_line' id='line_1_2' title="bbox 502 1011 2043 1111; baseline -0.006 -19"><span class='ocrx_word' id='word_1_2' title='bbox 502 1022 574 1092; x_wconf 87' lang='grc'><strong>0100</strong></span> <span class='ocrx_word' id='word_1_3' title='bbox 601 1017 777 1111; x_wconf 76' lang='lat' dir='ltr'><strong>praefatae</strong></span> <span class='ocrx_word' id='word_1_4' title='bbox 804 1019 839 1089; x_wconf 93' lang='lat' dir='ltr'>in</span> <span class='ocrx_word' id='word_1_5' title='bbox 868 1012 1084 1109; x_wconf 80' lang='lat' dir='ltr'>Gnoynik</span> <span class='ocrx_word' id='word_1_6' title='bbox 1111 1014 1204 1087; x_wconf 89' lang='lat' dir='ltr'>unici</span> <span class='ocrx_word' id='word_1_7' title='bbox 1232 1014 1416 1087; x_wconf 74' lang='lat' dir='ltr'>collatores</span> <span class='ocrx_word' id='word_1_8' title='bbox 1443 1011 2043 1104; x_wconf 79' lang='lat' dir='ltr'>otpatroni.1nquasuntviginti</span> 
     </span>
     <span class='ocr_line' id='line_1_3' title="bbox 501 1126 2046 1231; baseline -0.006 -20"><span class='ocrx_word' id='word_1_9' title='bbox 501 1126 650 1231; x_wconf 83' lang='lat' dir='ltr'>quatuor</span> <span class='ocrx_word' id='word_1_10' title='bbox 675 1140 765 1211; x_wconf 86' lang='lat' dir='ltr'>lanai</span> <span class='ocrx_word' id='word_1_11' title='bbox 793 1138 1035 1227; x_wconf 77' lang='lat' dir='ltr'>cmethonaleS,</span> <span class='ocrx_word' id='word_1_12' title='bbox 1063 1138 1148 1208; x_wconf 89' lang='lat' dir='ltr'>item</span> <span class='ocrx_word' id='word_1_13' title='bbox 1174 1138 1251 1227; x_wconf 90' lang='lat' dir='ltr'>agri</span> <span class='ocrx_word' id='word_1_14' title='bbox 1279 1137 1483 1227; x_wconf 88' lang='lat' dir='ltr'>praedialcs,</span> <span class='ocrx_word' id='word_1_15' title='bbox 1512 1157 1598 1227; x_wconf 92' lang='lat' dir='ltr'>quos</span> <span class='ocrx_word' id='word_1_16' title='bbox 1617 1155 1660 1205; x_wconf 83' lang='lat' dir='ltr'>ex</span> <span class='ocrx_word' id='word_1_17' title='bbox 1678 1134 1953 1205; x_wconf 80' lang='lat' dir='ltr'>cinothonalibus</span> <span class='ocrx_word' id='word_1_18' title='bbox 1970 1133 2046 1203; x_wconf 89' lang='grc'><strong>1100-</strong></span> 
     </span>
     <span class='ocr_line' id='line_1_4' title="bbox 500 1254 2047 1350; baseline -0.005 -19"><span class='ocrx_word' id='word_1_19' title='bbox 500 1262 602 1333; x_wconf 89' lang='lat' dir='ltr'>rcdes</span> <span class='ocrx_word' id='word_1_20' title='bbox 638 1265 883 1333; x_wconf 83' lang='lat' dir='ltr'>converterunt</span> <span class='ocrx_word' id='word_1_21' title='bbox 911 1261 946 1331; x_wconf 92' lang='lat' dir='ltr'>in</span> <span class='ocrx_word' id='word_1_22' title='bbox 973 1258 1187 1350; x_wconf 86' lang='lat' dir='ltr'>praediales,</span> <span class='ocrx_word' id='word_1_23' title='bbox 1224 1258 1267 1329; x_wconf 90' lang='lat' dir='ltr'>dc</span> <span class='ocrx_word' id='word_1_24' title='bbox 1303 1258 1428 1349; x_wconf 91' lang='lat' dir='ltr'>quibus</span> <span class='ocrx_word' id='word_1_25' title='bbox 1465 1257 1623 1327; x_wconf 89' lang='lat' dir='ltr'>omnibus</span> <span class='ocrx_word' id='word_1_26' title='bbox 1659 1261 1732 1325; x_wconf 92' lang='lat' dir='ltr'>tam</span> <span class='ocrx_word' id='word_1_27' title='bbox 1769 1254 2047 1341; x_wconf 86' lang='lat' dir='ltr'>cmethonalibus,</span> 
     </span>
     <span class='ocr_line' id='line_1_5' title="bbox 503 1374 2049 1473; baseline -0.006 -20"><span class='ocrx_word' id='word_1_28' title='bbox 503 1403 606 1473; x_wconf 91' lang='lat' dir='ltr'>quam</span> <span class='ocrx_word' id='word_1_29' title='bbox 631 1382 884 1472; x_wconf 78' lang='lat' dir='ltr'>praedialibuS,</span> <span class='ocrx_word' id='word_1_30' title='bbox 920 1380 1067 1452; x_wconf 89' lang='lat' dir='ltr'>solvitur</span> <span class='ocrx_word' id='word_1_31' title='bbox 1095 1384 1131 1449; x_wconf 91' lang='lat' dir='ltr'>ct</span> <span class='ocrx_word' id='word_1_32' title='bbox 1158 1378 1363 1451; x_wconf 81' lang='lat' dir='ltr'>conducitur</span> <span class='ocrx_word' id='word_1_33' title='bbox 1397 1378 1531 1448; x_wconf 88' lang='lat' dir='ltr'>docimo</span> <span class='ocrx_word' id='word_1_34' title='bbox 1562 1376 1788 1467; x_wconf 84' lang='lat' dir='ltr'>manipularis</span> <span class='ocrx_word' id='word_1_35' title='bbox 1815 1381 1852 1447; x_wconf 92' lang='lat' dir='ltr'>ct</span> <span class='ocrx_word' id='word_1_36' title='bbox 1878 1374 2049 1465; x_wconf 88' lang='lat' dir='ltr'>canapalis</span> 
     </span>
     <span class='ocr_line' id='line_1_6' title="bbox 503 1493 2050 1591; baseline -0.005 -19"><span class='ocrx_word' id='word_1_37' title='bbox 503 1498 578 1591; x_wconf 69' lang='lat' dir='ltr'>pro&#39;</span> <span class='ocrx_word' id='word_1_38' title='bbox 595 1503 744 1591; x_wconf 87' lang='lat' dir='ltr'>capitulo</span> <span class='ocrx_word' id='word_1_39' title='bbox 771 1500 1000 1590; x_wconf 81' lang='lat' dir='ltr'>Oracoviensi,</span> <span class='ocrx_word' id='word_1_40' title='bbox 1027 1505 1063 1571; x_wconf 92' lang='lat' dir='ltr'>et</span> <span class='ocrx_word' id='word_1_41' title='bbox 1090 1500 1188 1571; x_wconf 84' lang='lat' dir='ltr'>valor</span> <span class='ocrx_word' id='word_1_42' title='bbox 1214 1502 1288 1571; x_wconf 91' lang='lat' dir='ltr'>eius</span> <span class='ocrx_word' id='word_1_43' title='bbox 1315 1493 1518 1570; x_wconf 83' lang='lat' dir='ltr'>aestimatur</span> <span class='ocrx_word' id='word_1_44' title='bbox 1545 1498 1589 1569; x_wconf 90' lang='lat' dir='ltr'>ad</span> <span class='ocrx_word' id='word_1_45' title='bbox 1613 1498 1730 1568; x_wconf 83' lang='lat' dir='ltr'>docem</span> <span class='ocrx_word' id='word_1_46' title='bbox 1748 1503 1786 1568; x_wconf 89' lang='lat' dir='ltr'>et</span> <span class='ocrx_word' id='word_1_47' title='bbox 1804 1502 1882 1567; x_wconf 89' lang='lat' dir='ltr'>octo</span> <span class='ocrx_word' id='word_1_48' title='bbox 1909 1516 2050 1583; x_wconf 87' lang='lat' dir='ltr'>marcus,</span> 
     </span>
     <span class='ocr_line' id='line_1_7' title="bbox 503 1618 2149 1713; baseline -0.004 -20"><span class='ocrx_word' id='word_1_49' title='bbox 503 1623 687 1713; x_wconf 88' lang='lat' dir='ltr'>aliquando</span> <span class='ocrx_word' id='word_1_50' title='bbox 722 1622 767 1694; x_wconf 88' lang='lat' dir='ltr'>ad</span> <span class='ocrx_word' id='word_1_51' title='bbox 794 1622 937 1713; x_wconf 89' lang='lat' dir='ltr'>viginti,</span> <span class='ocrx_word' id='word_1_52' title='bbox 973 1622 1056 1691; x_wconf 89' lang='lat' dir='ltr'>item</span> <span class='ocrx_word' id='word_1_53' title='bbox 1092 1621 1237 1693; x_wconf 87' lang='lat' dir='ltr'>ccclesia</span> <span class='ocrx_word' id='word_1_54' title='bbox 1273 1619 1432 1711; x_wconf 86' lang='lat' dir='ltr'>praelata</span> <span class='ocrx_word' id='word_1_55' title='bbox 1466 1621 1574 1692; x_wconf 86' lang='lat' dir='ltr'>habet</span> <span class='ocrx_word' id='word_1_56' title='bbox 1609 1619 1658 1691; x_wconf 93' lang='grc'><strong>1111</strong></span> <span class='ocrx_word' id='word_1_57' title='bbox 1691 1639 1794 1709; x_wconf 88' lang='lat' dir='ltr'>agros</span> <span class='ocrx_word' id='word_1_58' title='bbox 1829 1618 1993 1709; x_wconf 91' lang='lat' dir='ltr'>proprios</span> <span class='ocrx_word' id='word_1_59' title='bbox 2018 1623 2051 1687; x_wconf 86' lang='lat' dir='ltr'>et</span> <span class='ocrx_word' id='word_1_60' title='bbox 2144 1645 2149 1653; x_wconf 84' lang='grc'>·</span> 
     </span>
     <span class='ocr_line' id='line_1_8' title="bbox 503 1743 1191 1836; baseline -0.003 -22"><span class='ocrx_word' id='word_1_61' title='bbox 503 1748 613 1835; x_wconf 86' lang='lat' dir='ltr'>prata,</span> <span class='ocrx_word' id='word_1_62' title='bbox 640 1764 704 1836; x_wconf 93' lang='lat' dir='ltr'>pro</span> <span class='ocrx_word' id='word_1_63' title='bbox 730 1764 792 1815; x_wconf 89' lang='lat' dir='ltr'>suo</span> <span class='ocrx_word' id='word_1_64' title='bbox 820 1764 885 1815; x_wconf 91' lang='lat' dir='ltr'>usu</span> <span class='ocrx_word' id='word_1_65' title='bbox 911 1746 948 1814; x_wconf 90' lang='lat' dir='ltr'>et</span> <span class='ocrx_word' id='word_1_66' title='bbox 974 1743 1191 1813; x_wconf 90' lang='lat' dir='ltr'>necessitate.</span> 
     </span>
     <span class='ocr_line' id='line_1_9' title="bbox 1164 1861 1404 1934; baseline -0.008 -1"><span class='ocrx_word' id='word_1_67' title='bbox 1164 1861 1404 1934; x_wconf 80' lang='lat' dir='ltr'>Seznruuow.</span> 
     </span>
    </p>

    <p class='ocr_par' dir='ltr' id='par_1_3' title="bbox 441 1980 2153 5096">
     <span class='ocr_line' id='line_1_10' title="bbox 608 1980 2052 2074; baseline -0.004 -19"><span class='ocrx_word' id='word_1_68' title='bbox 608 1982 702 2055; x_wconf 88' lang='lat' dir='ltr'>Villa</span> <span class='ocrx_word' id='word_1_69' title='bbox 727 1984 859 2056; x_wconf 88' lang='lat' dir='ltr'>habens</span> <span class='ocrx_word' id='word_1_70' title='bbox 886 1984 922 2055; x_wconf 94' lang='lat' dir='ltr'>in</span> <span class='ocrx_word' id='word_1_71' title='bbox 949 2003 986 2055; x_wconf 91' lang='grc'>00</span> <span class='ocrx_word' id='word_1_72' title='bbox 1012 1982 1245 2074; x_wconf 79' lang='lat' dir='ltr'>parochialem</span> <span class='ocrx_word' id='word_1_73' title='bbox 1272 1982 1462 2072; x_wconf 90' lang='lat' dir='ltr'>ecclesiam,</span> <span class='ocrx_word' id='word_1_74' title='bbox 1489 1982 1637 2053; x_wconf 85' lang='lat' dir='ltr'>Sanctae</span> <span class='ocrx_word' id='word_1_75' title='bbox 1664 1980 1799 2051; x_wconf 91' lang='lat' dir='ltr'>Mariae</span> <span class='ocrx_word' id='word_1_76' title='bbox 1825 1980 2052 2071; x_wconf 88' lang='lat' dir='ltr'>Magdalenae</span> 
     </span>
     <span class='ocr_line' id='line_1_11' title="bbox 505 2100 2050 2195; baseline -0.005 -18"><span class='ocrx_word' id='word_1_77' title='bbox 505 2112 542 2177; x_wconf 91' lang='lat' dir='ltr'>et</span> <span class='ocrx_word' id='word_1_78' title='bbox 567 2104 675 2177; x_wconf 88' lang='lat' dir='ltr'>Beato</span> <span class='ocrx_word' id='word_1_79' title='bbox 711 2104 883 2177; x_wconf 88' lang='lat' dir='ltr'>Stanislao</span> <span class='ocrx_word' id='word_1_80' title='bbox 919 2105 1067 2195; x_wconf 86' lang='lat' dir='ltr'>martyri</span> <span class='ocrx_word' id='word_1_81' title='bbox 1099 2103 1251 2193; x_wconf 90' lang='lat' dir='ltr'>glorioso</span> <span class='ocrx_word' id='word_1_82' title='bbox 1274 2103 1456 2193; x_wconf 89' lang='lat' dir='ltr'>dicatam,</span> <span class='ocrx_word' id='word_1_83' title='bbox 1492 2123 1594 2192; x_wconf 90' lang='lat' dir='ltr'>quam</span> <span class='ocrx_word' id='word_1_84' title='bbox 1630 2102 1839 2173; x_wconf 88' lang='lat' dir='ltr'>venerabilis</span> <span class='ocrx_word' id='word_1_85' title='bbox 1875 2100 2050 2172; x_wconf 78' lang='lat' dir='ltr'>lohannes</span> 
     </span>
     <span class='ocr_line' id='line_1_12' title="bbox 505 2222 2050 2326; baseline -0.004 -30"><span class='ocrx_word' id='word_1_86' title='bbox 505 2227 740 2315; x_wconf 90' lang='lat' dir='ltr'>Dlugosch</span> <span class='ocrx_word' id='word_1_87' title='bbox 775 2226 892 2297; x_wconf 89' lang='lat' dir='ltr'>senior</span> <span class='ocrx_word' id='word_1_88' title='bbox 927 2225 1110 2296; x_wconf 89' lang='lat' dir='ltr'>canonicus</span> <span class='ocrx_word' id='word_1_89' title='bbox 1138 2223 1395 2326; x_wconf 74' lang='lat' dir='ltr'>Crotoniensis,</span> <span class='ocrx_word' id='word_1_90' title='bbox 1422 2223 1512 2305; x_wconf 62' lang='lat' dir='ltr'>,dum</span> <span class='ocrx_word' id='word_1_91' title='bbox 1552 2228 1644 2294; x_wconf 91' lang='lat' dir='ltr'>esset</span> <span class='ocrx_word' id='word_1_92' title='bbox 1669 2224 1793 2313; x_wconf 88' lang='lat' dir='ltr'>lignea,</span> <span class='ocrx_word' id='word_1_93' title='bbox 1821 2223 1901 2293; x_wconf 80' lang='lat' dir='ltr'>uilis</span> <span class='ocrx_word' id='word_1_94' title='bbox 1932 2228 1970 2292; x_wconf 90' lang='lat' dir='ltr'>ct</span> <span class='ocrx_word' id='word_1_95' title='bbox 1995 2222 2050 2291; x_wconf 93' lang='lat' dir='ltr'>de-</span> 
     </span>
     <span class='ocr_line' id='line_1_13' title="bbox 506 2342 2153 2436; baseline 0 -21"><span class='ocrx_word' id='word_1_96' title='bbox 506 2352 634 2436; x_wconf 90' lang='lat' dir='ltr'>specta,</span> <span class='ocrx_word' id='word_1_97' title='bbox 661 2351 697 2415; x_wconf 90' lang='grc'>01</span> <span class='ocrx_word' id='word_1_98' title='bbox 713 2367 782 2416; x_wconf 93' lang='lat' dir='ltr'>non</span> <span class='ocrx_word' id='word_1_99' title='bbox 800 2346 919 2417; x_wconf 87' lang='lat' dir='ltr'>valens</span> <span class='ocrx_word' id='word_1_100' title='bbox 946 2365 1006 2416; x_wconf 83' lang='lat' dir='ltr'>sex</span> <span class='ocrx_word' id='word_1_101' title='bbox 1030 2345 1179 2434; x_wconf 89' lang='lat' dir='ltr'>scothos,</span> <span class='ocrx_word' id='word_1_102' title='bbox 1199 2364 1220 2414; x_wconf 90' lang='grc'>0</span> <span class='ocrx_word' id='word_1_103' title='bbox 1237 2344 1358 2434; x_wconf 91' lang='lat' dir='ltr'>primis</span> <span class='ocrx_word' id='word_1_104' title='bbox 1384 2343 1617 2415; x_wconf 83' lang='lat' dir='ltr'>fundamentis</span> <span class='ocrx_word' id='word_1_105' title='bbox 1643 2344 1799 2433; x_wconf 89' lang='lat' dir='ltr'>inicians,</span> <span class='ocrx_word' id='word_1_106' title='bbox 1827 2349 1926 2413; x_wconf 90' lang='lat' dir='ltr'>cocto</span> <span class='ocrx_word' id='word_1_107' title='bbox 1944 2342 2051 2413; x_wconf 87' lang='lat' dir='ltr'>latere</span> <span class='ocrx_word' id='word_1_108' title='bbox 2149 2404 2153 2415; x_wconf 96' lang='lat'>.</span> 
     </span>
     <span class='ocr_line' id='line_1_14' title="bbox 505 2462 2052 2556; baseline -0.004 -19"><span class='ocrx_word' id='word_1_109' title='bbox 505 2487 576 2537; x_wconf 92' lang='lat' dir='ltr'>una</span> <span class='ocrx_word' id='word_1_110' title='bbox 602 2487 679 2537; x_wconf 92' lang='lat' dir='ltr'>cum</span> <span class='ocrx_word' id='word_1_111' title='bbox 705 2471 808 2556; x_wconf 89' lang='lat' dir='ltr'>tecto,</span> <span class='ocrx_word' id='word_1_112' title='bbox 834 2466 871 2536; x_wconf 94' lang='lat' dir='ltr'>in</span> <span class='ocrx_word' id='word_1_113' title='bbox 899 2465 1057 2537; x_wconf 92' lang='lat' dir='ltr'>omnibus</span> <span class='ocrx_word' id='word_1_114' title='bbox 1085 2466 1157 2536; x_wconf 91' lang='lat' dir='ltr'>suis</span> <span class='ocrx_word' id='word_1_115' title='bbox 1183 2466 1352 2555; x_wconf 91' lang='lat' dir='ltr'>partibus,</span> <span class='ocrx_word' id='word_1_116' title='bbox 1379 2462 1485 2535; x_wconf 89' lang='lat' dir='ltr'>choro</span> <span class='ocrx_word' id='word_1_117' title='bbox 1512 2465 1686 2555; x_wconf 86' lang='lat' dir='ltr'>videlicet,</span> <span class='ocrx_word' id='word_1_118' title='bbox 1714 2465 1883 2553; x_wconf 83' lang='lat' dir='ltr'>sacristia,</span> <span class='ocrx_word' id='word_1_119' title='bbox 1912 2482 2052 2552; x_wconf 85' lang='lat' dir='ltr'>corpore</span> 
     </span>
     <span class='ocr_line' id='line_1_15' title="bbox 506 2585 2053 2677; baseline -0.003 -19"><span class='ocrx_word' id='word_1_120' title='bbox 506 2592 543 2657; x_wconf 89' lang='lat' dir='ltr'>et</span> <span class='ocrx_word' id='word_1_121' title='bbox 569 2588 705 2677; x_wconf 91' lang='lat' dir='ltr'>porticu</span> <span class='ocrx_word' id='word_1_122' title='bbox 732 2586 996 2677; x_wconf 88' lang='lat' dir='ltr'>testitudinavit,</span> <span class='ocrx_word' id='word_1_123' title='bbox 1023 2592 1059 2656; x_wconf 89' lang='lat' dir='ltr'>et</span> <span class='ocrx_word' id='word_1_124' title='bbox 1086 2587 1329 2658; x_wconf 88' lang='lat' dir='ltr'>coemeterium</span> <span class='ocrx_word' id='word_1_125' title='bbox 1356 2586 1430 2656; x_wconf 87' lang='lat' dir='ltr'>eius</span> <span class='ocrx_word' id='word_1_126' title='bbox 1456 2586 1566 2656; x_wconf 89' lang='grc'><strong>101010</strong></span> <span class='ocrx_word' id='word_1_127' title='bbox 1593 2585 1831 2673; x_wconf 62' lang='lat' dir='ltr'>circumduxit</span> <span class='ocrx_word' id='word_1_128' title='bbox 1857 2585 1957 2655; x_wconf 89' lang='lat' dir='ltr'>cuius</span> <span class='ocrx_word' id='word_1_129' title='bbox 1974 2585 2053 2654; x_wconf 87' lang='lat' dir='ltr'>hae·</span> 
     </span>
     <span class='ocr_line' id='line_1_16' title="bbox 441 2702 2052 2799; baseline -0.002 -21"><span class='ocrx_word' id='word_1_130' title='bbox 441 2702 444 2711; x_wconf 76' lang='grc'>’</span> <span class='ocrx_word' id='word_1_131' title='bbox 506 2727 563 2778; x_wconf 89' lang='lat' dir='ltr'>res</span> <span class='ocrx_word' id='word_1_132' title='bbox 591 2706 738 2797; x_wconf 85' lang='lat' dir='ltr'>Spithko</span> <span class='ocrx_word' id='word_1_133' title='bbox 765 2706 1081 2799; x_wconf 83' lang='lat' dir='ltr'>Melsthinslry</span> <span class='ocrx_word' id='word_1_134' title='bbox 1109 2707 1280 2779; x_wconf 90' lang='lat' dir='ltr'>dedomo</span> <span class='ocrx_word' id='word_1_135' title='bbox 1308 2707 1507 2797; x_wconf 88' lang='lat' dir='ltr'>Lelywa,</span> <span class='ocrx_word' id='word_1_136' title='bbox 1544 2707 1834 2797; x_wconf 86' lang='lat' dir='ltr'>cuiusplebanus</span> <span class='ocrx_word' id='word_1_137' title='bbox 1861 2705 2052 2777; x_wconf 87' lang='lat' dir='ltr'>Stanisluus</span> 
     </span>
     <span class='ocr_line' id='line_1_17' title="bbox 506 2826 2053 2918; baseline 0 -21"><span class='ocrx_word' id='word_1_138' title='bbox 506 2826 660 2899; x_wconf 89' lang='lat' dir='ltr'>Zabka</span> <span class='ocrx_word' id='word_1_139' title='bbox 686 2828 812 2899; x_wconf 91' lang='lat' dir='ltr'>nobilis</span> <span class='ocrx_word' id='word_1_140' title='bbox 839 2827 882 2899; x_wconf 91' lang='lat' dir='ltr'>de</span> <span class='ocrx_word' id='word_1_141' title='bbox 909 2827 1010 2900; x_wconf 92' lang='lat' dir='ltr'>domo</span> <span class='ocrx_word' id='word_1_142' title='bbox 1037 2827 1224 2918; x_wconf 84' lang='lat' dir='ltr'>Prussy.</span> <span class='ocrx_word' id='word_1_143' title='bbox 1250 2828 1338 2898; x_wconf 88' lang='lat' dir='ltr'>Item</span> <span class='ocrx_word' id='word_1_144' title='bbox 1366 2828 1514 2898; x_wconf 90' lang='lat' dir='ltr'>ecclesia</span> <span class='ocrx_word' id='word_1_145' title='bbox 1539 2826 1698 2918; x_wconf 88' lang='lat' dir='ltr'>praefata</span> <span class='ocrx_word' id='word_1_146' title='bbox 1724 2828 1831 2898; x_wconf 87' lang='lat' dir='ltr'>habet</span> <span class='ocrx_word' id='word_1_147' title='bbox 1853 2847 1958 2916; x_wconf 87' lang='lat' dir='ltr'>agros</span> <span class='ocrx_word' id='word_1_148' title='bbox 1975 2846 2053 2916; x_wconf 89' lang='lat' dir='ltr'>pro·</span> 
     </span>
     <span class='ocr_line' id='line_1_18' title="bbox 505 2946 2054 3040; baseline -0.001 -21"><span class='ocrx_word' id='word_1_149' title='bbox 505 2948 602 3039; x_wconf 88' lang='lat' dir='ltr'>prios</span> <span class='ocrx_word' id='word_1_150' title='bbox 629 2954 665 3019; x_wconf 90' lang='lat' dir='ltr'>et</span> <span class='ocrx_word' id='word_1_151' title='bbox 689 2952 810 3038; x_wconf 91' lang='lat' dir='ltr'>prata,</span> <span class='ocrx_word' id='word_1_152' title='bbox 836 2968 901 3038; x_wconf 91' lang='lat' dir='ltr'>pro</span> <span class='ocrx_word' id='word_1_153' title='bbox 928 2960 990 3021; x_wconf 86' lang='lat' dir='ltr'>suo</span> <span class='ocrx_word' id='word_1_154' title='bbox 1017 2950 1179 3040; x_wconf 90' lang='lat' dir='ltr'>praedio,</span> <span class='ocrx_word' id='word_1_155' title='bbox 1212 2949 1248 3018; x_wconf 93' lang='lat' dir='ltr'>in</span> <span class='ocrx_word' id='word_1_156' title='bbox 1276 2968 1345 3038; x_wconf 88' lang='lat' dir='ltr'>qua</span> <span class='ocrx_word' id='word_1_157' title='bbox 1371 2955 1452 3019; x_wconf 90' lang='lat' dir='ltr'>sunt</span> <span class='ocrx_word' id='word_1_158' title='bbox 1478 2946 1546 3019; x_wconf 94' lang='lat' dir='ltr'>duo</span> <span class='ocrx_word' id='word_1_159' title='bbox 1573 2950 1664 3018; x_wconf 90' lang='grc'><strong>101101</strong></span> <span class='ocrx_word' id='word_1_160' title='bbox 1692 2948 1945 3036; x_wconf 89' lang='lat' dir='ltr'>cmethouales,</span> <span class='ocrx_word' id='word_1_161' title='bbox 1972 2948 2054 3017; x_wconf 90' lang='lat' dir='ltr'>item</span> 
     </span>
     <span class='ocr_line' id='line_1_19' title="bbox 506 3068 2051 3160; baseline -0.001 -21"><span class='ocrx_word' id='word_1_162' title='bbox 506 3088 577 3139; x_wconf 89' lang='lat' dir='ltr'>una</span> <span class='ocrx_word' id='word_1_163' title='bbox 602 3069 749 3140; x_wconf 88' lang='lat' dir='ltr'>taberna</span> <span class='ocrx_word' id='word_1_164' title='bbox 774 3068 907 3141; x_wconf 92' lang='lat' dir='ltr'>habeus</span> <span class='ocrx_word' id='word_1_165' title='bbox 934 3090 1054 3160; x_wconf 91' lang='lat' dir='ltr'>agros,</span> <span class='ocrx_word' id='word_1_166' title='bbox 1084 3070 1126 3141; x_wconf 88' lang='lat' dir='ltr'>de</span> <span class='ocrx_word' id='word_1_167' title='bbox 1155 3070 1278 3160; x_wconf 89' lang='lat' dir='ltr'>quibus</span> <span class='ocrx_word' id='word_1_168' title='bbox 1306 3071 1465 3141; x_wconf 90' lang='lat' dir='ltr'>omnibus</span> <span class='ocrx_word' id='word_1_169' title='bbox 1492 3070 1640 3141; x_wconf 90' lang='lat' dir='ltr'>solvitur</span> <span class='ocrx_word' id='word_1_170' title='bbox 1666 3070 1799 3140; x_wconf 91' lang='lat' dir='ltr'>decima</span> <span class='ocrx_word' id='word_1_171' title='bbox 1825 3068 2051 3159; x_wconf 88' lang='lat' dir='ltr'>manipularis</span> 
     </span>
     <span class='ocr_line' id='line_1_20' title="bbox 507 3186 2053 3281; baseline 0 -22"><span class='ocrx_word' id='word_1_172' title='bbox 507 3186 673 3259; x_wconf 89' lang='lat' dir='ltr'>ecclesiae</span> <span class='ocrx_word' id='word_1_173' title='bbox 699 3188 735 3257; x_wconf 94' lang='lat' dir='ltr'>in</span> <span class='ocrx_word' id='word_1_174' title='bbox 763 3188 1049 3278; x_wconf 87' lang='lat' dir='ltr'>Sczepanow.</span> <span class='ocrx_word' id='word_1_175' title='bbox 1077 3190 1305 3261; x_wconf 92' lang='lat' dir='ltr'>Beatissimus</span> <span class='ocrx_word' id='word_1_176' title='bbox 1332 3190 1501 3281; x_wconf 91' lang='lat' dir='ltr'>siqnidem</span> <span class='ocrx_word' id='word_1_177' title='bbox 1530 3192 1633 3260; x_wconf 87' lang='lat' dir='ltr'>villae</span> <span class='ocrx_word' id='word_1_178' title='bbox 1658 3190 1835 3279; x_wconf 85' lang='lat' dir='ltr'>praelatae</span> <span class='ocrx_word' id='word_1_179' title='bbox 1862 3212 1904 3260; x_wconf 84' lang='lat' dir='ltr'>ex</span> <span class='ocrx_word' id='word_1_180' title='bbox 1931 3210 2053 3279; x_wconf 88' lang='lat' dir='ltr'>pareu-</span> 
     </span>
     <span class='ocr_line' id='line_1_21' title="bbox 506 3309 2051 3404; baseline 0.002 -25"><span class='ocrx_word' id='word_1_181' title='bbox 506 3309 600 3380; x_wconf 91' lang='lat' dir='ltr'>tibus</span> <span class='ocrx_word' id='word_1_182' title='bbox 627 3310 698 3380; x_wconf 89' lang='lat' dir='ltr'>suis</span> <span class='ocrx_word' id='word_1_183' title='bbox 725 3309 981 3400; x_wconf 89' lang='lat' dir='ltr'>Woyslawo</span> <span class='ocrx_word' id='word_1_184' title='bbox 1017 3317 1052 3381; x_wconf 89' lang='lat' dir='ltr'>et</span> <span class='ocrx_word' id='word_1_185' title='bbox 1087 3311 1296 3401; x_wconf 84' lang='lat' dir='ltr'>Benigno</span> <span class='ocrx_word' id='word_1_186' title='bbox 1331 3319 1437 3402; x_wconf 88' lang='lat' dir='ltr'>ortus,</span> <span class='ocrx_word' id='word_1_187' title='bbox 1463 3314 1686 3404; x_wconf 89' lang='lat' dir='ltr'>genitusque,</span> <span class='ocrx_word' id='word_1_188' title='bbox 1714 3313 1822 3383; x_wconf 89' lang='lat' dir='ltr'>natali</span> <span class='ocrx_word' id='word_1_189' title='bbox 1850 3333 1913 3382; x_wconf 92' lang='lat' dir='ltr'>suo</span> <span class='ocrx_word' id='word_1_190' title='bbox 1940 3315 2051 3382; x_wconf 83' lang='lat' dir='ltr'>vicum</span> 
     </span>
     <span class='ocr_line' id='line_1_22' title="bbox 506 3427 2054 3524; baseline 0.004 -26"><span class='ocrx_word' id='word_1_191' title='bbox 506 3429 603 3500; x_wconf 93' lang='lat' dir='ltr'>illum</span> <span class='ocrx_word' id='word_1_192' title='bbox 629 3431 835 3502; x_wconf 86' lang='lat' dir='ltr'>nobilitavit.</span> <span class='ocrx_word' id='word_1_193' title='bbox 878 3427 1036 3521; x_wconf 86' lang='lat' dir='ltr'>Iniquu&#39;m</span> <span class='ocrx_word' id='word_1_194' title='bbox 1065 3433 1183 3524; x_wconf 88' lang='lat' dir='ltr'>itaque</span> <span class='ocrx_word' id='word_1_195' title='bbox 1210 3433 1359 3522; x_wconf 83' lang='lat' dir='ltr'>ducebat</span> <span class='ocrx_word' id='word_1_196' title='bbox 1393 3433 1570 3523; x_wconf 86' lang='lat' dir='ltr'>praefatus</span> <span class='ocrx_word' id='word_1_197' title='bbox 1596 3434 1774 3504; x_wconf 85' lang='lat' dir='ltr'>Johannes</span> <span class='ocrx_word' id='word_1_198' title='bbox 1800 3433 2054 3523; x_wconf 87' lang='lat' dir='ltr'>Blngosch,</span> 
     </span>
     <span class='ocr_line' id='line_1_23' title="bbox 506 3549 2053 3658; baseline 0.003 -38"><span class='ocrx_word' id='word_1_199' title='bbox 506 3555 547 3620; x_wconf 92' lang='lat' dir='ltr'>ut</span> <span class='ocrx_word' id='word_1_200' title='bbox 572 3549 668 3622; x_wconf 89' lang='lat' dir='ltr'>locus</span> <span class='ocrx_word' id='word_1_201' title='bbox 695 3551 769 3642; x_wconf 89' lang='lat' dir='ltr'>ipse</span> <span class='ocrx_word' id='word_1_202' title='bbox 796 3571 871 3622; x_wconf 90' lang='lat' dir='ltr'>cum</span> <span class='ocrx_word' id='word_1_203' title='bbox 899 3553 1050 3622; x_wconf 92' lang='lat' dir='ltr'>omnium</span> <span class='ocrx_word' id='word_1_204' title='bbox 1086 3553 1288 3642; x_wconf 93' lang='lat' dir='ltr'>polonorum</span> <span class='ocrx_word' id='word_1_205' title='bbox 1324 3553 1493 3625; x_wconf 90' lang='lat' dir='ltr'>dedecore</span> <span class='ocrx_word' id='word_1_206' title='bbox 1520 3561 1556 3658; x_wconf 81' lang='lat' dir='ltr'>et</span> <span class='ocrx_word' id='word_1_207' title='bbox 1582 3554 1740 3645; x_wconf 84' lang='lat' dir='ltr'>infamia,</span> <span class='ocrx_word' id='word_1_208' title='bbox 1768 3555 1919 3644; x_wconf 80' lang='lat' dir='ltr'>pu¹ridis</span> <span class='ocrx_word' id='word_1_209' title='bbox 1943 3561 1979 3624; x_wconf 90' lang='lat' dir='ltr'>ct</span> <span class='ocrx_word' id='word_1_210' title='bbox 1995 3555 2053 3624; x_wconf 84' lang='lat' dir='ltr'>de·</span> 
     </span>
     <span class='ocr_line' id='line_1_24' title="bbox 507 3671 2052 3766; baseline 0.002 -25"><span class='ocrx_word' id='word_1_211' title='bbox 507 3673 635 3761; x_wconf 90' lang='lat' dir='ltr'>spectis</span> <span class='ocrx_word' id='word_1_212' title='bbox 662 3672 764 3761; x_wconf 88' lang='lat' dir='ltr'>liguis</span> <span class='ocrx_word' id='word_1_213' title='bbox 791 3671 890 3764; x_wconf 88' lang='grc'><strong>10101,</strong></span> <span class='ocrx_word' id='word_1_214' title='bbox 918 3675 1203 3764; x_wconf 90' lang='lat' dir='ltr'>quemadmodum</span> <span class='ocrx_word' id='word_1_215' title='bbox 1231 3675 1330 3746; x_wconf 78' lang='lat' dir='ltr'>annuis</span> <span class='ocrx_word' id='word_1_216' title='bbox 1357 3676 1516 3746; x_wconf 90' lang='lat' dir='ltr'>tricentis</span> <span class='ocrx_word' id='word_1_217' title='bbox 1543 3674 1618 3766; x_wconf 86' lang='lat' dir='ltr'>luit,</span> <span class='ocrx_word' id='word_1_218' title='bbox 1646 3676 1689 3747; x_wconf 91' lang='lat' dir='ltr'>de</span> <span class='ocrx_word' id='word_1_219' title='bbox 1717 3682 1855 3746; x_wconf 88' lang='lat' dir='ltr'>caetero</span> <span class='ocrx_word' id='word_1_220' title='bbox 1882 3674 2052 3745; x_wconf 82' lang='lat' dir='ltr'>deforma·</span> 
     </span>
     <span class='ocr_line' id='line_1_25' title="bbox 506 3793 2055 3886; baseline 0.002 -24"><span class='ocrx_word' id='word_1_221' title='bbox 506 3797 574 3881; x_wconf 81' lang='lat' dir='ltr'>tus,</span> <span class='ocrx_word' id='word_1_222' title='bbox 601 3793 821 3865; x_wconf 85' lang='lat' dir='ltr'>abstersurus</span> <span class='ocrx_word' id='word_1_223' title='bbox 849 3795 966 3885; x_wconf 90' lang='lat' dir='ltr'>itaque</span> <span class='ocrx_word' id='word_1_224' title='bbox 994 3815 1207 3868; x_wconf 92' lang='lat' dir='ltr'>communem</span> <span class='ocrx_word' id='word_1_225' title='bbox 1234 3797 1437 3886; x_wconf 90' lang='lat' dir='ltr'>polonorum</span> <span class='ocrx_word' id='word_1_226' title='bbox 1466 3797 1615 3867; x_wconf 92' lang='lat' dir='ltr'>omnium</span> <span class='ocrx_word' id='word_1_227' title='bbox 1644 3797 1866 3886; x_wconf 82' lang='lat' dir='ltr'>ignominiam</span> <span class='ocrx_word' id='word_1_228' title='bbox 1884 3801 1939 3866; x_wconf 88' lang='lat' dir='ltr'>tot</span> <span class='ocrx_word' id='word_1_229' title='bbox 1957 3797 2055 3866; x_wconf 89' lang='lat' dir='ltr'>annis</span> 
     </span>
     <span class='ocr_line' id='line_1_26' title="bbox 507 3913 2053 4015; baseline 0.004 -35"><span class='ocrx_word' id='word_1_230' title='bbox 507 3913 708 4006; x_wconf 87' lang='lat' dir='ltr'>toleratam,</span> <span class='ocrx_word' id='word_1_231' title='bbox 735 3919 771 4015; x_wconf 81' lang='grc'>01</span> <span class='ocrx_word' id='word_1_232' title='bbox 798 3917 944 4008; x_wconf 87' lang='lat' dir='ltr'>martyri</span> <span class='ocrx_word' id='word_1_233' title='bbox 980 3917 1230 4006; x_wconf 87' lang='lat' dir='ltr'>gloriosissimo</span> <span class='ocrx_word' id='word_1_234' title='bbox 1258 3917 1432 3988; x_wconf 88' lang='lat' dir='ltr'>Stanislao</span> <span class='ocrx_word' id='word_1_235' title='bbox 1459 3918 1495 3987; x_wconf 94' lang='lat' dir='ltr'>in</span> <span class='ocrx_word' id='word_1_236' title='bbox 1523 3918 1599 3988; x_wconf 86' lang='lat' dir='ltr'>vico</span> <span class='ocrx_word' id='word_1_237' title='bbox 1634 3915 1791 4006; x_wconf 87' lang='lat' dir='ltr'>praefato</span> <span class='ocrx_word' id='word_1_238' title='bbox 1818 3917 1940 3988; x_wconf 89' lang='lat' dir='ltr'>aedem</span> <span class='ocrx_word' id='word_1_239' title='bbox 1967 3917 2053 3986; x_wconf 84' lang='lat' dir='ltr'>late-</span> 
     </span>
     <span class='ocr_line' id='line_1_27' title="bbox 506 4005 2052 4138; baseline 0.003 -35"><span class='ocrx_word' id='word_1_240' title='bbox 506 4035 623 4104; x_wconf 88' lang='lat' dir='ltr'>ritiam</span> <span class='ocrx_word' id='word_1_241' title='bbox 651 4036 852 4126; x_wconf 83' lang='lat' dir='ltr'>construxit,</span> <span class='ocrx_word' id='word_1_242' title='bbox 880 4041 915 4106; x_wconf 94' lang='grc'>01</span> <span class='ocrx_word' id='word_1_243' title='bbox 940 4037 1145 4126; x_wconf 92' lang='lat' dir='ltr'>polonorum</span> <span class='ocrx_word' id='word_1_244' title='bbox 1171 4059 1280 4127; x_wconf 88' lang='lat' dir='ltr'>genus</span> <span class='ocrx_word' id='word_1_245' title='bbox 1307 4005 1514 4129; x_wconf 68' lang='lat' dir='ltr'>a⁰vituperio</span> <span class='ocrx_word' id='word_1_246' title='bbox 1541 4039 1636 4127; x_wconf 89' lang='lat' dir='ltr'>longi</span> <span class='ocrx_word' id='word_1_247' title='bbox 1662 4039 1829 4138; x_wconf 84' lang='lat' dir='ltr'>temporis</span> <span class='ocrx_word' id='word_1_248' title='bbox 1855 4038 2052 4126; x_wconf 80' lang='lat' dir='ltr'>vindicavit,</span> 
     </span>
     <span class='ocr_line' id='line_1_28' title="bbox 507 4153 2055 4266; baseline 0.004 -44"><span class='ocrx_word' id='word_1_249' title='bbox 507 4159 544 4223; x_wconf 91' lang='lat' dir='ltr'>et</span> <span class='ocrx_word' id='word_1_250' title='bbox 570 4153 681 4266; x_wconf 76' lang='lat' dir='ltr'>locpm</span> <span class='ocrx_word' id='word_1_251' title='bbox 708 4155 819 4244; x_wconf 92' lang='lat' dir='ltr'>ipsum</span> <span class='ocrx_word' id='word_1_252' title='bbox 845 4157 956 4245; x_wconf 83' lang='lat' dir='ltr'>magis</span> <span class='ocrx_word' id='word_1_253' title='bbox 983 4158 1153 4230; x_wconf 84' lang='lat' dir='ltr'>celebrem</span> <span class='ocrx_word' id='word_1_254' title='bbox 1180 4159 1359 4250; x_wconf 84' lang='lat' dir='ltr'>magisque</span> <span class='ocrx_word' id='word_1_255' title='bbox 1385 4160 1525 4250; x_wconf 90' lang='lat' dir='ltr'>cultum,</span> <span class='ocrx_word' id='word_1_256' title='bbox 1551 4160 1675 4229; x_wconf 88' lang='lat' dir='ltr'>maiori</span> <span class='ocrx_word' id='word_1_257' title='bbox 1698 4159 1881 4231; x_wconf 90' lang='lat' dir='ltr'>devotione</span> <span class='ocrx_word' id='word_1_258' title='bbox 1900 4164 1936 4228; x_wconf 90' lang='lat' dir='ltr'>et</span> <span class='ocrx_word' id='word_1_259' title='bbox 1954 4157 2055 4228; x_wconf 86' lang='lat' dir='ltr'>affec·</span> 
     </span>
     <span class='ocr_line' id='line_1_29' title="bbox 507 4273 2053 4370; baseline 0.004 -27"><span class='ocrx_word' id='word_1_260' title='bbox 507 4273 601 4343; x_wconf 90' lang='lat' dir='ltr'>tione</span> <span class='ocrx_word' id='word_1_261' title='bbox 628 4294 649 4344; x_wconf 91' lang='lat' dir='ltr'>a</span> <span class='ocrx_word' id='word_1_262' title='bbox 675 4275 811 4364; x_wconf 92' lang='lat' dir='ltr'>populis</span> <span class='ocrx_word' id='word_1_263' title='bbox 838 4275 1144 4369; x_wconf 86' lang='lat' dir='ltr'>frequentandum,</span> <span class='ocrx_word' id='word_1_264' title='bbox 1180 4280 1305 4350; x_wconf 90' lang='lat' dir='ltr'>murali</span> <span class='ocrx_word' id='word_1_265' title='bbox 1331 4280 1463 4352; x_wconf 81' lang='lat' dir='ltr'>fabrica</span> <span class='ocrx_word' id='word_1_266' title='bbox 1484 4285 1652 4350; x_wconf 85' lang='lat' dir='ltr'>ornatum</span> <span class='ocrx_word' id='word_1_267' title='bbox 1679 4279 1840 4350; x_wconf 90' lang='lat' dir='ltr'>reddidit.</span> <span class='ocrx_word' id='word_1_268' title='bbox 1885 4280 1926 4349; x_wconf 94' lang='lat' dir='ltr'>In</span> <span class='ocrx_word' id='word_1_269' title='bbox 1954 4300 2053 4370; x_wconf 90' lang='lat' dir='ltr'>quem</span> 
     </span>
     <span class='ocr_line' id='line_1_30' title="bbox 507 4383 2120 4491; baseline 0.004 -27"><span class='ocrx_word' id='word_1_270' title='bbox 507 4400 544 4465; x_wconf 91' lang='lat' dir='ltr'>et</span> <span class='ocrx_word' id='word_1_271' title='bbox 570 4383 711 4486; x_wconf 86' lang='lat' dir='ltr'>calices,</span> <span class='ocrx_word' id='word_1_272' title='bbox 738 4403 899 4488; x_wconf 83' lang='grc'><strong>01110110,</strong></span> <span class='ocrx_word' id='word_1_273' title='bbox 937 4420 1080 4490; x_wconf 89' lang='lat' dir='ltr'>cappas,</span> <span class='ocrx_word' id='word_1_274' title='bbox 1117 4405 1321 4490; x_wconf 87' lang='lat' dir='ltr'>caeteraque</span> <span class='ocrx_word' id='word_1_275' title='bbox 1349 4402 1476 4471; x_wconf 88' lang='lat' dir='ltr'>cunilia</span> <span class='ocrx_word' id='word_1_276' title='bbox 1502 4401 1739 4472; x_wconf 87' lang='lat' dir='ltr'>ecclesiastica</span> <span class='ocrx_word' id='word_1_277' title='bbox 1774 4422 1837 4491; x_wconf 93' lang='lat' dir='ltr'>pro</span> <span class='ocrx_word' id='word_1_278' title='bbox 1865 4421 1927 4472; x_wconf 93' lang='lat' dir='ltr'>suo</span> <span class='ocrx_word' id='word_1_279' title='bbox 1955 4419 2054 4490; x_wconf 88' lang='lat' dir='ltr'>posse</span> <span class='ocrx_word' id='word_1_280' title='bbox 2115 4413 2120 4422; x_wconf 85' lang='grc'><em>·</em></span> 
     </span>
     <span class='ocr_line' id='line_1_31' title="bbox 507 4515 2053 4613; baseline 0.003 -27"><span class='ocrx_word' id='word_1_281' title='bbox 507 4518 687 4606; x_wconf 87' lang='lat' dir='ltr'>congessit.</span> <span class='ocrx_word' id='word_1_282' title='bbox 732 4515 945 4610; x_wconf 79' lang='lat' dir='ltr'>Conscripsit</span> <span class='ocrx_word' id='word_1_283' title='bbox 972 4521 1113 4612; x_wconf 90' lang='lat' dir='ltr'>insuper</span> <span class='ocrx_word' id='word_1_284' title='bbox 1148 4523 1312 4612; x_wconf 80' lang='lat' dir='ltr'>martyris</span> <span class='ocrx_word' id='word_1_285' title='bbox 1348 4521 1496 4611; x_wconf 86' lang='lat' dir='ltr'>praelati</span> <span class='ocrx_word' id='word_1_286' title='bbox 1523 4523 1630 4594; x_wconf 83' lang='lat' dir='ltr'>vitam</span> <span class='ocrx_word' id='word_1_287' title='bbox 1665 4525 1733 4592; x_wconf 87' lang='lat' dir='ltr'>etsi</span> <span class='ocrx_word' id='word_1_288' title='bbox 1747 4523 1848 4613; x_wconf 82' lang='lat' dir='ltr'>stylo</span> <span class='ocrx_word' id='word_1_289' title='bbox 1875 4523 1990 4593; x_wconf 88' lang='lat' dir='ltr'>ieiuno</span> <span class='ocrx_word' id='word_1_290' title='bbox 2018 4529 2053 4591; x_wconf 88' lang='grc'>01</span> 
     </span>
     <span class='ocr_line' id='line_1_32' title="bbox 508 4635 2054 4734; baseline 0.004 -28"><span class='ocrx_word' id='word_1_291' title='bbox 508 4635 616 4728; x_wconf 91' lang='lat' dir='ltr'>arido,</span> <span class='ocrx_word' id='word_1_292' title='bbox 644 4639 856 4729; x_wconf 89' lang='lat' dir='ltr'>aliquantum</span> <span class='ocrx_word' id='word_1_293' title='bbox 883 4647 999 4712; x_wconf 91' lang='lat' dir='ltr'>tamen</span> <span class='ocrx_word' id='word_1_294' title='bbox 1027 4643 1191 4713; x_wconf 83' lang='lat' dir='ltr'>crassiori</span> <span class='ocrx_word' id='word_1_295' title='bbox 1219 4649 1255 4712; x_wconf 90' lang='lat' dir='ltr'>ct</span> <span class='ocrx_word' id='word_1_296' title='bbox 1282 4649 1443 4714; x_wconf 82' lang='lat' dir='ltr'>extenso:</span> <span class='ocrx_word' id='word_1_297' title='bbox 1471 4645 1652 4717; x_wconf 90' lang='lat' dir='ltr'>ecclesiam</span> <span class='ocrx_word' id='word_1_298' title='bbox 1681 4664 1816 4734; x_wconf 91' lang='lat' dir='ltr'>quoque</span> <span class='ocrx_word' id='word_1_299' title='bbox 1842 4643 1961 4714; x_wconf 88' lang='lat' dir='ltr'>Sancti</span> <span class='ocrx_word' id='word_1_300' title='bbox 1987 4643 2054 4712; x_wconf 91' lang='lat' dir='ltr'>Mi·</span> 
     </span>
     <span class='ocr_line' id='line_1_33' title="bbox 508 4759 2054 4854; baseline 0.003 -27"><span class='ocrx_word' id='word_1_301' title='bbox 508 4759 635 4830; x_wconf 91' lang='lat' dir='ltr'>chaelis</span> <span class='ocrx_word' id='word_1_302' title='bbox 663 4761 705 4830; x_wconf 85' lang='lat' dir='ltr'>de</span> <span class='ocrx_word' id='word_1_303' title='bbox 732 4761 927 4852; x_wconf 86' lang='lat' dir='ltr'>Rupella</span> <span class='ocrx_word' id='word_1_304' title='bbox 953 4764 989 4833; x_wconf 93' lang='lat' dir='ltr'>in</span> <span class='ocrx_word' id='word_1_305' title='bbox 1017 4763 1268 4834; x_wconf 79' lang='lat' dir='ltr'>Oasimiria</span> <span class='ocrx_word' id='word_1_306' title='bbox 1294 4765 1462 4835; x_wconf 86' lang='lat' dir='ltr'>fratribus</span> <span class='ocrx_word' id='word_1_307' title='bbox 1489 4766 1667 4836; x_wconf 87' lang='lat' dir='ltr'>heremitis</span> <span class='ocrx_word' id='word_1_308' title='bbox 1695 4765 1797 4836; x_wconf 88' lang='lat' dir='ltr'>Beati</span> <span class='ocrx_word' id='word_1_309' title='bbox 1825 4765 1925 4834; x_wconf 90' lang='lat' dir='ltr'>Pauli</span> <span class='ocrx_word' id='word_1_310' title='bbox 1952 4765 2054 4854; x_wconf 92' lang='lat' dir='ltr'>primi</span> 
     </span>
     <span class='ocr_line' id='line_1_34' title="bbox 506 4879 2054 4975; baseline 0.003 -26"><span class='ocrx_word' id='word_1_311' title='bbox 506 4879 693 4951; x_wconf 85' lang='lat' dir='ltr'>heremitae</span> <span class='ocrx_word' id='word_1_312' title='bbox 721 4883 870 4954; x_wconf 90' lang='lat' dir='ltr'>obtinuit</span> <span class='ocrx_word' id='word_1_313' title='bbox 897 4884 1054 4974; x_wconf 84' lang='lat' dir='ltr'>conferri,</span> <span class='ocrx_word' id='word_1_314' title='bbox 1082 4891 1118 4954; x_wconf 91' lang='lat' dir='ltr'>ot</span> <span class='ocrx_word' id='word_1_315' title='bbox 1145 4887 1180 4955; x_wconf 89' lang='lat' dir='ltr'>in</span> <span class='ocrx_word' id='word_1_316' title='bbox 1209 4886 1442 4956; x_wconf 87' lang='lat' dir='ltr'>coenobialem</span> <span class='ocrx_word' id='word_1_317' title='bbox 1471 4887 1592 4975; x_wconf 89' lang='lat' dir='ltr'>creari,</span> <span class='ocrx_word' id='word_1_318' title='bbox 1620 4891 1659 4956; x_wconf 90' lang='lat' dir='ltr'>ut</span> <span class='ocrx_word' id='word_1_319' title='bbox 1685 4885 1823 4958; x_wconf 89' lang='lat' dir='ltr'>assidue</span> <span class='ocrx_word' id='word_1_320' title='bbox 1850 4887 1887 4956; x_wconf 90' lang='lat' dir='ltr'>in</span> <span class='ocrx_word' id='word_1_321' title='bbox 1911 4886 1972 4956; x_wconf 90' lang='lat' dir='ltr'>illa</span> <span class='ocrx_word' id='word_1_322' title='bbox 1997 4905 2054 4955; x_wconf 89' lang='grc'>100</span> 
     </span>
     <span class='ocr_line' id='line_1_35' title="bbox 506 4999 2054 5096; baseline 0.003 -26"><span class='ocrx_word' id='word_1_323' title='bbox 506 4999 643 5070; x_wconf 89' lang='lat' dir='ltr'>divinae</span> <span class='ocrx_word' id='word_1_324' title='bbox 670 5001 904 5093; x_wconf 83' lang='grc'><strong>1011101100,</strong></span> <span class='ocrx_word' id='word_1_325' title='bbox 931 5005 1039 5076; x_wconf 90' lang='lat' dir='ltr'>horae</span> <span class='ocrx_word' id='word_1_326' title='bbox 1068 5026 1203 5096; x_wconf 91' lang='lat' dir='ltr'>quoque</span> <span class='ocrx_word' id='word_1_327' title='bbox 1230 5012 1420 5076; x_wconf 87' lang='lat' dir='ltr'>nocturnae</span> <span class='ocrx_word' id='word_1_328' title='bbox 1446 5011 1483 5076; x_wconf 93' lang='lat' dir='ltr'>et</span> <span class='ocrx_word' id='word_1_329' title='bbox 1509 5005 1656 5077; x_wconf 91' lang='lat' dir='ltr'>diurnae</span> <span class='ocrx_word' id='word_1_330' title='bbox 1680 5007 1914 5096; x_wconf 85' lang='lat' dir='ltr'>explerentur,</span> <span class='ocrx_word' id='word_1_331' title='bbox 1941 5004 2054 5076; x_wconf 80' lang='lat' dir='ltr'>ferens</span> 
     </span>
    </p>
   </div>
   <div class='ocr_carea' id='block_1_3' title="bbox 283 5119 2053 5217">
    <p class='ocr_par' dir='ltr' id='par_1_4' title="bbox 283 5119 2053 5217">
     <span class='ocr_line' id='line_1_36' title="bbox 283 5119 2053 5217; baseline 0.003 -27"><span class='ocrx_word' id='word_1_332' title='bbox 283 5139 287 5146; x_wconf 91' lang='lat'>·</span> <span class='ocrx_word' id='word_1_333' title='bbox 369 5183 373 5194; x_wconf 86' lang='lat'>.</span> <span class='ocrx_word' id='word_1_334' title='bbox 505 5119 658 5209; x_wconf 89' lang='lat' dir='ltr'>moleste,</span> <span class='ocrx_word' id='word_1_335' title='bbox 686 5121 779 5210; x_wconf 92' lang='lat' dir='ltr'>quod</span> <span class='ocrx_word' id='word_1_336' title='bbox 806 5121 950 5192; x_wconf 89' lang='lat' dir='ltr'>ecclesia</span> <span class='ocrx_word' id='word_1_337' title='bbox 975 5129 1047 5195; x_wconf 89' lang='lat' dir='ltr'>tam</span> <span class='ocrx_word' id='word_1_338' title='bbox 1075 5125 1221 5214; x_wconf 89' lang='lat' dir='ltr'>insignis</span> <span class='ocrx_word' id='word_1_339' title='bbox 1248 5127 1414 5217; x_wconf 82' lang='lat' dir='ltr'>martyris</span> <span class='ocrx_word' id='word_1_340' title='bbox 1441 5125 1640 5197; x_wconf 89' lang='lat' dir='ltr'>Beatissimi</span> <span class='ocrx_word' id='word_1_341' title='bbox 1666 5127 1850 5197; x_wconf 89' lang='lat' dir='ltr'>nobilitata</span> <span class='ocrx_word' id='word_1_342' title='bbox 1876 5127 2053 5217; x_wconf 81' lang='lat' dir='ltr'>martyrio,</span> 
     </span>
    </p>
   </div>
   <div class='ocr_carea' id='block_1_4' title="bbox 504 5240 2054 5820">
    <p class='ocr_par' dir='ltr' id='par_1_5' title="bbox 504 5240 2054 5820">
     <span class='ocr_line' id='line_1_37' title="bbox 506 5240 2054 5338; baseline 0.005 -30"><span class='ocrx_word' id='word_1_343' title='bbox 506 5240 645 5309; x_wconf 91' lang='lat' dir='ltr'>nonnisi</span> <span class='ocrx_word' id='word_1_344' title='bbox 672 5242 716 5311; x_wconf 91' lang='lat' dir='ltr'>ab</span> <span class='ocrx_word' id='word_1_345' title='bbox 744 5261 812 5310; x_wconf 92' lang='lat' dir='ltr'>uno</span> <span class='ocrx_word' id='word_1_346' title='bbox 839 5243 1027 5335; x_wconf 86' lang='lat' dir='ltr'>sacerdote,</span> <span class='ocrx_word' id='word_1_347' title='bbox 1054 5267 1123 5317; x_wconf 89' lang='lat' dir='ltr'>non</span> <span class='ocrx_word' id='word_1_348' title='bbox 1143 5246 1288 5335; x_wconf 86' lang='lat' dir='ltr'>singulis</span> <span class='ocrx_word' id='word_1_349' title='bbox 1316 5247 1446 5336; x_wconf 91' lang='lat' dir='ltr'>diebus,</span> <span class='ocrx_word' id='word_1_350' title='bbox 1475 5247 1536 5318; x_wconf 91' lang='lat' dir='ltr'>sed</span> <span class='ocrx_word' id='word_1_351' title='bbox 1552 5247 1792 5338; x_wconf 90' lang='lat' dir='ltr'>interpollatis,</span> <span class='ocrx_word' id='word_1_352' title='bbox 1818 5248 2054 5337; x_wconf 86' lang='lat' dir='ltr'>truncatisque</span> 
     </span>
     <span class='ocr_line' id='line_1_38' title="bbox 507 5357 2052 5458; baseline 0.005 -30"><span class='ocrx_word' id='word_1_353' title='bbox 507 5357 726 5430; x_wconf 85' lang='lat' dir='ltr'>officiaretur.</span> <span class='ocrx_word' id='word_1_354' title='bbox 753 5359 863 5448; x_wconf 80' lang='lat' dir='ltr'>Quam</span> <span class='ocrx_word' id='word_1_355' title='bbox 890 5365 994 5435; x_wconf 89' lang='lat' dir='ltr'>etiam</span> <span class='ocrx_word' id='word_1_356' title='bbox 1021 5388 1084 5456; x_wconf 94' lang='lat' dir='ltr'>pro</span> <span class='ocrx_word' id='word_1_357' title='bbox 1111 5367 1258 5437; x_wconf 87' lang='lat' dir='ltr'>fratrum</span> <span class='ocrx_word' id='word_1_358' title='bbox 1286 5373 1471 5457; x_wconf 86' lang='lat' dir='ltr'>augmento</span> <span class='ocrx_word' id='word_1_359' title='bbox 1498 5374 1535 5436; x_wconf 91' lang='lat' dir='ltr'>et</span> <span class='ocrx_word' id='word_1_360' title='bbox 1561 5367 1800 5457; x_wconf 88' lang='lat' dir='ltr'>subsistentia,</span> <span class='ocrx_word' id='word_1_361' title='bbox 1828 5367 2052 5458; x_wconf 89' lang='lat' dir='ltr'>amplioribus</span> 
     </span>
     <span class='ocr_line' id='line_1_39' title="bbox 506 5479 2053 5578; baseline 0.007 -32"><span class='ocrx_word' id='word_1_362' title='bbox 506 5479 718 5570; x_wconf 90' lang='lat' dir='ltr'>introitibus,</span> <span class='ocrx_word' id='word_1_363' title='bbox 746 5481 904 5552; x_wconf 90' lang='lat' dir='ltr'>censibus</span> <span class='ocrx_word' id='word_1_364' title='bbox 931 5491 967 5556; x_wconf 90' lang='lat' dir='ltr'>et</span> <span class='ocrx_word' id='word_1_365' title='bbox 993 5489 1087 5578; x_wconf 87' lang='lat' dir='ltr'>agris</span> <span class='ocrx_word' id='word_1_366' title='bbox 1115 5489 1281 5576; x_wconf 89' lang='lat' dir='ltr'>coemptis</span> <span class='ocrx_word' id='word_1_367' title='bbox 1307 5488 1506 5578; x_wconf 84' lang='lat' dir='ltr'>insignivit,</span> <span class='ocrx_word' id='word_1_368' title='bbox 1533 5489 1771 5577; x_wconf 89' lang='lat' dir='ltr'>pergratiam</span> <span class='ocrx_word' id='word_1_369' title='bbox 1798 5487 2053 5559; x_wconf 87' lang='lat' dir='ltr'>clementissimi</span> 
     </span>
     <span class='ocr_line' id='line_1_40' title="bbox 505 5597 2053 5698; baseline 0.006 -31"><span class='ocrx_word' id='word_1_370' title='bbox 505 5597 595 5687; x_wconf 91' lang='lat' dir='ltr'>Dei,</span> <span class='ocrx_word' id='word_1_371' title='bbox 634 5602 702 5670; x_wconf 85' lang='lat' dir='ltr'>viri</span> <span class='ocrx_word' id='word_1_372' title='bbox 741 5600 841 5671; x_wconf 90' lang='lat' dir='ltr'>Beati</span> <span class='ocrx_word' id='word_1_373' title='bbox 881 5600 1044 5679; x_wconf 85' lang='lat' dir='ltr'>Stanislai</span> <span class='ocrx_word' id='word_1_374' title='bbox 1085 5609 1195 5680; x_wconf 88' lang='lat' dir='ltr'>solum</span> <span class='ocrx_word' id='word_1_375' title='bbox 1235 5609 1375 5698; x_wconf 89' lang='lat' dir='ltr'>natale,</span> <span class='ocrx_word' id='word_1_376' title='bbox 1429 5609 1561 5680; x_wconf 83' lang='lat' dir='ltr'>fabrica</span> <span class='ocrx_word' id='word_1_377' title='bbox 1600 5609 1742 5680; x_wconf 90' lang='lat' dir='ltr'>muralis</span> <span class='ocrx_word' id='word_1_378' title='bbox 1782 5608 1905 5679; x_wconf 88' lang='lat' dir='ltr'>lateris</span> <span class='ocrx_word' id='word_1_379' title='bbox 1945 5607 2053 5678; x_wconf 87' lang='lat' dir='ltr'>locum</span> 
     </span>
     <span class='ocr_line' id='line_1_41' title="bbox 504 5719 2052 5820; baseline 0.005 -32"><span class='ocrx_word' id='word_1_380' title='bbox 504 5719 677 5810; x_wconf 82' lang='lat' dir='ltr'>passionis</span> <span class='ocrx_word' id='word_1_381' title='bbox 704 5721 925 5797; x_wconf 90' lang='lat' dir='ltr'>anachoretis</span> <span class='ocrx_word' id='word_1_382' title='bbox 951 5728 1150 5819; x_wconf 87' lang='lat' dir='ltr'>insigniens,</span> <span class='ocrx_word' id='word_1_383' title='bbox 1178 5729 1287 5799; x_wconf 88' lang='lat' dir='ltr'>vitam</span> <span class='ocrx_word' id='word_1_384' title='bbox 1314 5750 1450 5820; x_wconf 92' lang='lat' dir='ltr'>quoque</span> <span class='ocrx_word' id='word_1_385' title='bbox 1476 5729 1648 5820; x_wconf 89' lang='lat' dir='ltr'>passionis</span> <span class='ocrx_word' id='word_1_386' title='bbox 1675 5729 1867 5800; x_wconf 87' lang='lat' dir='ltr'>literis...</span> <span class='ocrx_word' id='word_1_387' title='bbox 1896 5727 2052 5800; x_wconf 87' lang='lat' dir='ltr'>Taberna</span> 
     </span>
    </p>
   </div>
   <div class='ocr_carea' id='block_1_5' title="bbox 0 0 2285 6596">
    <p class='ocr_par' dir='ltr' id='par_1_6' title="bbox 0 0 2285 6596">
     <span class='ocr_line' id='line_1_42' title="bbox 0 0 2285 6596; baseline 0 0"><span class='ocrx_word' id='word_1_388' title='bbox 0 0 2285 6596; x_wconf 95' lang='lat' dir='ltr'> </span> 
     </span>
    </p>
   </div>
  </div>
 </body>
</html>
