4550 6600
257 704 557 859 ·aoo

485 939 711 1013 scholastriae
738 936 976 1025 Oraeoviensi3
1004 938 1048 1009 oh
1075 937 1387 1027 sequestrationem
1413 958 1498 1009 vero
1515 939 1617 1028 regni
1633 937 1799 1011 Poloniae
1817 942 1854 1009 et
1869 958 2029 1029 gwerras,

481 1062 623 1135 decimis
650 1060 828 1148 mutilatis,
855 1059 994 1131 solvunt
1019 1058 1209 1149 pecuniam,
1237 1064 1275 1130 et
1301 1057 1459 1148 praelata
1484 1058 1569 1130 uilla
1596 1059 1701 1131 solvit
1723 1060 1932 1131 scholastico
1950 1057 2031 1131 Gra-

481 1183 633 1256 coviensi
659 1236 666 1252 .
694 1234 737 1251 ..

584 1302 771 1373 Wrnaszn
797 1316 932 1391 umore,
959 1300 1043 1372 villa
1069 1302 1134 1372 suh
1161 1301 1331 1390 parochia
1357 1301 1400 1373 de
1427 1299 1644 1391 Zyuyecz
1671 1304 1759 1391 sita,
1785 1302 1883 1373 curius
1909 1302 2033 1372 haeres

478 1427 572 1499 idem
596 1423 932 1513 Komorowsky.
959 1422 1000 1493 ln
1027 1442 1096 1511 qua
1120 1422 1212 1492 lanei
1239 1422 1482 1511 emethonales,
1508 1422 1552 1492 de
1579 1423 1704 1511 quihus
1722 1422 1857 1493 decima
1872 1422 2031 1511 manipn-

480 1549 565 1621 laris
583 1568 604 1617 a
621 1545 798 1635 primaeva
815 1541 1015 1613 fundatione
1034 1542 1201 1613 ecclesiae
1218 1539 1467 1632 cracoviensis,
1485 1543 1686 1614 solvebatur
1704 1543 1933 1615 scholastriae
1952 1540 2035 1612 (lra-

481 1667 653 1754 coviensi3
680 1665 724 1735 ob
752 1664 1062 1753 sequestrationem
1089 1682 1172 1733 vero
1199 1664 1299 1751 regni
1325 1661 1491 1733 Poloniae
1518 1667 1554 1733 el
1572 1683 1744 1753 gwerras,
1770 1663 1913 1733 decimis
1929 1663 2035 1733 muti·

482 1790 573 1879 latis,
600 1786 740 1859 solvunt
766 1784 954 1876 pecuniam,
982 1788 1017 1855 et
1043 1781 1201 1873 praefata
1226 1781 1311 1854 uilla
1337 1783 1442 1853 solvit
1468 1784 1694 1855 scholastriae
1718 1782 1966 1855 Cracoriensi.
1992 1838 2000 1851 .
2027 1837 2035 1850 .

586 1908 762 1997 Lraows,
788 1906 872 1977 villa
890 1906 954 1977 suh
972 1904 1138 1996 parochia
1157 1904 1200 1975 de
1216 1904 1277 1994 Zy
1288 1924 1436 1994 wyecz
1463 1905 1539 1993 sita,
1562 1905 1660 1974 onius
1677 1904 1802 1974 haeres
1819 1904 1895 1993 ipse
1908 1902 2036 1973 Petrus

482 2028 820 2118 Komorousky.
846 2026 888 2097 In
915 2046 983 2115 qua
1009 2030 1091 2096 sunt
1116 2025 1210 2095 lanei
1236 2024 1489 2114 emethonales‚
1516 2024 1559 2095 de
1586 2025 1710 2114 quihus
1738 2024 1897 2095 omnihus
1924 2023 2036 2093 solve·

482 2155 588 2225 batur
615 2149 747 2222 decima
772 2146 998 2237 manipularis
1025 2166 1046 2215 a
1072 2146 1249 2234 primaeva
1264 2144 1467 2215 solidatione
1485 2145 1650 2215 ecclesiae
1668 2143 1919 2233 Gracoviensis‚
1936 2144 2037 2214 scho

483 2273 625 2346 lustriae
662 2268 902 2356 Cracoviensi3
936 2267 979 2337 ob
1016 2266 1328 2357 sequestrationem
1364 2286 1447 2337 vero
1480 2272 1517 2349 et
1549 2284 1705 2355 gwerras
1735 2266 1835 2357 regni
1860 2264 2038 2352 Poloniae,

484 2393 653 2465 mutilatis
681 2391 831 2480 decimis
859 2389 1040 2460 solvuntur
1066 2388 1251 2478 pecuniae,
1278 2392 1314 2457 et
1340 2386 1498 2478 praelata
1524 2387 1607 2457 villa
1633 2388 1778 2476 singulis
1805 2388 1906 2457 annis
1932 2386 2040 2457 soluit

487 2514 693 2588 scholastico
716 2510 941 2583 Graoouiensi
969 2564 976 2579 .
1005 2564 1011 2578 .
1040 2564 1046 2578 .
1170 2530 1173 2536 ·

589 2635 892 2707 Mosczrcarrcza
926 2630 1011 2701 villa
1046 2631 1110 2701 sub
1147 2630 1312 2719 parochia
1348 2630 1391 2700 de
1422 2629 1639 2721 Zywyecz
1675 2631 1761 2719 sita,
1788 2632 1886 2701 cuius
1912 2631 2040 2701 haeres

419 2822 422 2827 .
485 2754 661 2848 praefatus
688 2752 814 2825 Petrus
840 2750 1181 2840 Komorousky.
1208 2751 1249 2821 ln
1275 2770 1344 2839 qua
1370 2755 1451 2822 sunt
1476 2751 1568 2823 lanei
1587 2750 1831 2839 emethonales,
1847 2751 2041 2845 dequibus

471 2878 645 2959 ,omnibus
673 2876 786 2963 datur,
805 2873 950 2963 darique
968 2872 1081 2961 debet,
1100 2872 1234 2943 decima
1250 2872 1476 2961 manipularis
1493 2892 1557 2961 pro
1576 2872 1782 2943 scholastria
1799 2870 2044 2977 Cracoriensi3

486 3019 549 3089 per
576 2996 823 3088 negligentiam
840 2999 958 3065 tamon
977 2998 1012 3064 et
1030 2994 1173 3065 abusum
1193 2992 1486 3082 scholasticorum,
1504 3012 1673 3065 conversa
1690 2997 1744 3063 est
1760 2994 1796 3063 in
1814 2993 2045 3082 pecunialem‚

487 3125 523 3191 et
537 3119 642 3192 solvit
655 3117 754 3189 annis
773 3115 918 3205 singulis
937 3114 1166 3186 scholastriae
1180 3112 1403 3185 Gracouensi
1420 3119 1500 3186 octo
1519 3119 1650 3185 scottos
1663 3114 1813 3185 latorum
1826 3134 2045 3204 grossorum.

683 3236 686 3241 ’
1024 3268 1027 3279 ·
1096 3233 1428 3307 Lunwrcourczn.

475 3413 478 3419 .
591 3357 686 3429 Villa
711 3356 843 3428 habens
871 3355 907 3426 in
935 3377 972 3427 se
998 3354 1232 3447 parochialem
1260 3356 1458 3446 ecclesiam,
1486 3355 1592 3429 Sanct
1628 3412 1635 3427 .
1663 3413 1671 3426 .
1699 3413 1707 3428 .
1735 3413 1761 3447 .‚
1788 3358 1885 3428 cuius
1911 3358 2047 3428 haeres

487 3481 614 3558 Petrus
640 3477 971 3570 Komorowsky
998 3476 1041 3548 de
1068 3478 1174 3548 armis
1201 3475 1434 3580 (liliorum
1460 3477 1501 3548 Iu
1529 3500 1596 3570 qua
1622 3485 1704 3550 sunt
1728 3479 1819 3550 lanei
1837 3479 2047 3552 emethona·

486 3603 548 3692 les,
575 3601 617 3673 de
644 3600 768 3691 quihus
787 3599 944 3673 omnihus
962 3598 1095 3688 decima
1116 3599 1341 3689 manipularis
1359 3619 1381 3670 a
1397 3600 1576 3690 primaeva
1591 3599 1794 3672 fundatione
1811 3601 2048 3674 scholastriae

490 3723 709 3797 Oraooviensi
740 3721 959 3810 solvebatur3
995 3721 1039 3792 oh
1067 3722 1379 3811 sequestrationem
1404 3726 1522 3792 tamen
1548 3723 1649 3811 regni
1674 3720 1902 3805 Poloniae,et
1924 3743 2049 3813 guer-

488 3865 557 3935 ras,
585 3843 725 3915 decimis
752 3842 930 3932 lhutilatis,
958 3842 1141 3914 solvuntur
1166 3842 1342 3932 pecuniae,
1360 3847 1396 3914 et
1412 3841 1570 3932 praefata
1586 3843 1671 3915 uilla
1687 3844 1792 3915 solvit
1810 3843 2050 3917 scholastriae

490 3965 711 4038 Gracoviensi
746 3963 904 4034 undecim
942 3963 1097 4034 scotthos
1128 3963 1278 4034 latorum
1303 3984 1520 4053 grossorum:
1547 3964 1630 4036 item
1656 3965 1707 4036 ihi
1732 3965 1877 4037 ecclesia
1901 3971 1939 4038 et
1966 3967 2050 4056 ple-

491 4086 602 4156 banus
629 4083 735 4155 hahet
762 4085 921 4172 proprios
949 4102 1052 4172 agros
1079 4087 1251 4173 elpram,
1278 4105 1343 4174 pro
1370 4105 1433 4154 suo
1459 4106 1527 4156 usu
1552 4090 1590 4157 et
1614 4087 1830 4158 necessitate.
1970 4070 1975 4074 ¹

600 4203 955 4292 Prunazrrsowrczn‚
982 4204 1065 4274 villa
1091 4206 1156 4276 sub
1181 4203 1348 4294 parochia
1374 4204 1416 4276 de
1434 4204 1819 4298 Luduygowycze
1845 4207 1920 4296 sita,
1939 4207 2051 4278 cuius

491 4328 615 4399 haeres
651 4324 765 4395 dictus
800 4324 925 4396 Petrus
952 4324 1289 4416 Komorouslry.
1329 4326 1369 4394 ln
1397 4338 1466 4415 qu'a
1492 4332 1573 4398 sunt
1598 4327 1691 4398 lanei
1717 4328 1969 4417 emethonales,
1998 4329 2051 4400 de

493 4448 616 4537 quihus
644 4445 776 4516 decima
802 4424 1038 4536 manipularis*
1054 4445 1167 4536 datur,
1194 4446 1339 4536 darique
1365 4445 1478 4536 dehet,
1496 4469 1567 4537 pro
1578 4447 1785 4519 scholastria
1800 4446 2053 4539 Omcoricnsi3

490 4588 553 4658 per
580 4568 724 4639 abusum
752 4587 835 4638 vero
862 4572 898 4637 et
925 4567 1173 4657 negligentiam
1199 4567 1481 4639 scholasticorum
1509 4587 1675 4641 conversa
1691 4575 1746 4640 est
1763 4570 1799 4640 in
1817 4570 2053 4663 pecunialem‚

492 4695 529 4760 et
555 4687 660 4760 solvit
686 4688 786 4760 annis
822 4688 967 4779 singulis
1003 4688 1209 4767 scholastico
1236 4686 1457 4759 Oracouiensi
1484 4688 1609 4779 viginti
1634 4693 1706 4761 tres
1733 4697 1863 4764 scottos
1887 4690 2053 4764 latorum

491 4829 701 4900 grossorum.

1113 4927 1423 4999 Wunffuowrczn.

594 5045 690 5119 Villa
713 5047 847 5124 habens
873 5049 909 5118 in
936 5069 973 5120 se
999 5049 1232 5138 parochialem
1259 5049 1440 5136 ecclesiam
1466 5103 1473 5118 .
1500 5103 1509 5118 .
1536 5105 1561 5139 .‚
1588 5047 1694 5121 Sanct
1718 5105 1727 5120 .
1753 5105 1762 5120 .
1788 5105 1814 5141 .‚
1841 5054 1938 5125 cuins
1956 5055 2052 5128 hae-

491 5168 592 5241 redes
620 5189 698 5260 sex,
725 5168 888 5240 Nicolaus
924 5168 1063 5240 Tarlo
1091 5169 1134 5240 de
1161 5169 1263 5242 domo
1297 5163 1442 5240 Medii
1467 5169 1717 5262 Salmonis,
1743 5171 1971 5265 Wrochey
1998 5177 2052 5248 (16

494 5290 595 5362 domo
622 5289 909 5382 Sozyenyew,
936 5289 1130 5381 Stephanus
1157 5290 1200 5362 de
1227 5291 1382 5362 domo..
1408 5344 1417 5361 .
1443 5290 1774 5383 et'Woyeuoda
1800 5349 1809 5363 .
1835 5348 1844 5363 .
1870 5348 1878 5363 .
1904 5295 1947 5366 In
1973 5317 2054 5386 qua

493 5415 574 5480 sunt
607 5411 700 5481 lanei
734 5411 986 5502 emethonales,
1013 5411 1055 5484 de
1091 5413 1216 5503 quihus
1249 5412 1408 5485 omnibus
1439 5411 1561 5503 datur,
1588 5412 1731 5504 darique
1758 5415 1879 5506 dehet,
1905 5415 2051 5492 decima

492 5531 716 5621 manipularis
743 5551 807 5625 pro
833 5533 1039 5606 scholastria
1065 5533 1305 5624 Gracoriensi3
1331 5517 1396 5627 per
1421 5535 1568 5609 abusum
1593 5540 1710 5608 16666
1734 5541 1772 5608 et
1792 5537 2051 5630 negligentiam

493 5649 786 5744 scholasticorum,
814 5675 981 5729 conversa
1007 5659 1062 5728 est
1087 5655 1124 5726 in
1150 5657 1374 5748 pecunialem,
1400 5661 1438 5728 et
1463 5656 1568 5730 solvit
1592 5657 1692 5729 annis
1717 5656 1878 5750 singulis,
1903 5663 2050 5733 tanturn
