4550 6600
501 740 574 811 374

497 945 645 1017 residuis
672 963 755 1017 vero
782 944 912 1034 campis
938 942 1073 1033 praedii
1099 928 1263 1034 praefati,
1290 943 1440 1017 solvitur
1465 943 1599 1015 decima
1624 944 1850 1035 manipularis
1876 944 1912 1015 iu
1938 944 2042 1017 Xau-

498 1067 668 1159 gnicze,
696 1072 732 1137 et
758 1065 856 1139 valor
882 1065 957 1137 eius
984 1064 1027 1137 ad
1055 1064 1142 1137 duas
1169 1084 1314 1137 marcas.

1146 1291 1403 1365 Donnowonn.

603 1430 699 1501 Villa
724 1432 856 1505 babens
883 1432 920 1503 in
947 1452 985 1503 se
1011 1431 1246 1521 parochialem
1263 1431 1453 1520 ecclesiam,
1472 1430 1617 1501 filialem
1630 1429 1796 1501 ecclesiae
1813 1430 1858 1501 de
1877 1428 2049 1519 Obotel,

500 1573 544 1623 ex
574 1572 642 1643 qua
668 1558 806 1643 sumpta
841 1558 878 1625 et
903 1552 1049 1625 fundata
1076 1556 1147 1642 est,
1174 1557 1211 1623 et
1237 1552 1357 1623 dotata
1383 1570 1446 1641 per
1471 1550 1667 1623 Iohannem
1694 1548 1957 1623 Grotluonis
1983 1551 2050 1639 epi·

396 1740 399 1747 ,
499 1694 640 1765 scopum
678 1672 958 1765 Gracoviensem,
985 1680 1021 1745 et
1055 1679 1195 1747 murata
1228 1674 1365 1765 lapideo
1399 1694 1501 1757 muro
1535 1693 1600 1763 per
1625 1672 1827 1745 Florianum
1854 1673 2051 1762 episcopum

427 1866 429 1869 .
499 1778 781 1886 cracoviensem,
815 1796 1030 1887 Sanctamque
1066 1796 1181 1867 dicata
1212 1793 1348 1883 Mariae
1375 1794 1624 1895 Magdalenae3
1660 1796 1757 1867 cuius
1783 1796 1985 1885 proprietas
2011 1794 2051 1865 ad

499 1916 697 2008 episcopum
725 1917 990 1991 Oracoviensem
1017 1939 1080 2009 pro
1108 1922 1264 2007 tempore
1291 1917 1453 2008 pertinet,
1480 1918 1540 2007 qui
1565 1921 1621 1989 est
1646 1916 1740 1987 illius
1767 1916 1890 1987 unicus
1908 1915 2051 1986 collatur

500 2043 535 2108 et
562 2043 738 2129 patronus.
778 2040 819 2111 In
847 2042 922 2130 qua*
943 2044 1025 2110 sunt
1061 2044 1138 2110 octo
1166 2039 1276 2129 lanei,
1302 2044 1436 2129 septem
1462 2038 1601 2129 quidem
1628 2038 1884 2127 emethonales,
1913 2042 2051 2109 octavus

499 2179 582 2233 uero
608 2161 756 2251 plebani,
784 2162 843 2252 qui
870 2161 1042 2253 quondam
1070 2167 1148 2232 erat
1173 2161 1409 2251 cmetbonalis,
1434 2160 1481 2233 de
1507 2146 1632 2250 quibus
1658 2160 1819 2232 omnibus
1841 2160 1976 2249 absque
1993 2159 2052 2230 ali·

500 2302 568 2372 qua
595 2283 829 2373 diminutione,
857 2282 1242 2373 decimarmanipularis
1268 2288 1305 2355 et
1331 2282 1507 2373 canapalis
1534 2282 1683 2353 solvitur
1709 2286 1745 2353 et
1767 2280 1977 2353 conducitur
1993 2300 2052 2369 pro

499 2403 656 2477 custodia
682 2403 889 2475 Visliciensi.
915 2404 1004 2475 Item
1031 2424 1100 2475 non
1127 2410 1208 2475 sunt
1236 2404 1271 2473 iu
1298 2403 1418 2475 eadem
1445 2403 1531 2475 villa
1547 2402 1775 2475 bortulaniae.
1801 2402 1892 2473 Item
1910 2407 1968 2473 est
1986 2422 2052 2472 una

498 2525 645 2597 taberna
670 2526 802 2597 habens
829 2546 943 2617 agros,
970 2544 1013 2597 ex
1040 2526 1184 2616 praedio
1211 2524 1399 2615 episcopali
1426 2525 1478 2595 illi
1504 2525 1661 2615 largitos,
1678 2524 1722 2595 de
1740 2524 1866 2614 quibus
1885 2522 2051 2593 decimam

498 2647 748 2737 manipularem
776 2648 881 2720 solvit
907 2648 1072 2719 ecclesiae
1100 2648 1135 2717 in
1162 2646 1462 2718 Dobrowoda.
1494 2647 1583 2719 Item
1610 2650 1665 2717 est
1690 2644 1740 2717 ibi
1767 2646 1864 2716 curia
1890 2650 1930 2717 et
1955 2664 2052 2734 prae

499 2767 593 2840 diurn
620 2770 833 2861 episcopale,
860 2770 992 2843 habens
1019 2789 1141 2859 agros,
1169 2768 1212 2841 dc
1240 2769 1365 2859 quibus
1391 2768 1525 2839 decima
1551 2768 1699 2839 soluitur
1724 2767 1892 2838 ecclesiae
1920 2772 1958 2837 et
1984 2766 2052 2855 ple

495 2890 588 2962 bano
615 2891 683 2963 loci
709 2892 862 2966 eiusdem
889 2892 925 2964 in
943 2890 1241 2963 Dobrowoda.
1266 2890 1353 2961 Item
1372 2889 1519 2963 ecclesia
1535 2890 1629 2961 ultra
1645 2889 1783 2961 laneum
1801 2888 2051 2961 cmetboualem

499 3012 532 3083 ei
559 3012 685 3103 datum,
712 3014 819 3086 babet
845 3014 978 3103 aliquas
1006 3012 1121 3102 pecias
1149 3032 1327 3102 agrorum,
1354 3012 1390 3083 in
1416 3012 1551 3102 postico
1578 3031 1662 3083 snae
1688 3010 1829 3100 domus,
1856 3010 2050 3101 dequibus

499 3154 567 3203 non
595 3132 744 3205 decimat
771 3133 904 3205 custodi
931 3133 1140 3225 Visliciensi,
1167 3134 1249 3224 qula
1275 3137 1377 3205 erant
1402 3133 1575 3224 quondam
1601 3132 1810 3223 praediales,
1837 3150 1881 3202 ex
1908 3130 2050 3221 praedio

499 3254 704 3344 episcopali;
731 3255 814 3327 item
841 3256 948 3327 babet
974 3260 1112 3346 pratum
1139 3256 1278 3328 ibidem.

603 3375 815 3467 Basanon,
843 3377 925 3448 villa
961 3378 1025 3449 sub
1060 3378 1227 3469 parochia
1262 3377 1427 3450 ecclesiae
1453 3378 1497 3450 de
1522 3375 1812 3450 Dobrowoda
1837 3375 1928 3466 sita,
1955 3375 2051 3446 cuius

499 3497 696 3586 proprietas
732 3497 776 3570 ad
812 3499 1049 3590 episcopatum
1085 3497 1348 3572 Cracoviensem
1383 3499 1545 3590 pertinet.
1585 3499 1626 3570 ln
1658 3517 1727 3589 qua
1761 3503 1844 3569 snut
1870 3497 2050 3568 decernet

499 3638 622 3690 novem
649 3619 740 3694 lanei
767 3621 1017 3712 cmetbonalea,
1045 3621 1129 3694 item
1156 3622 1336 3712 praedium
1362 3621 1558 3711 episcopale
1585 3620 1628 3691 de
1655 3619 1789 3710 aliquot
1814 3619 1944 3710 laneis,
1971 3620 2052 3691 item

440 3775 445 3781 ·
498 3741 646 3812 taberna
680 3743 812 3814 babens
849 3743 1004 3834 laneum,
1040 3742 1083 3814 de
1120 3744 1244 3834 quibua
1280 3744 1438 3815 omnibus
1474 3743 1607 3832 absque
1643 3741 1872 3814 diminutione
1904 3741 2052 3814 solvitur

499 3861 631 3936 decima
665 3865 890 3956 manipularis
926 3865 1103 3940 custodiae
1138 3863 1355 3955 Vislicieusi,
1387 3869 1423 3935 et
1457 3884 1520 3954 per
1557 3863 1688 3934 incolas
1714 3863 1867 3954 propriis
1894 3863 2053 3934 curribus

498 3983 635 4056 ducitur
661 3985 697 4056 in
725 3986 888 4059 borreum
915 3987 1106 4078 locandum,
1133 3990 1170 4058 et
1196 3987 1336 4058 solvunt
1361 3985 1528 4058 decimam
1556 3985 1677 4075 canapi
1703 3984 1747 4056 de
1765 3984 1867 4055 laneo
1885 4005 1950 4074 per
1968 4002 2050 4074 qua·

498 4109 578 4177 tuor
604 4107 760 4199 ierugaS,
788 4113 823 4179 et
848 4108 948 4181 valor
981 4109 1133 4181 decimae
1169 4108 1375 4180 aestimatur
1401 4107 1446 4178 ad
1472 4107 1597 4197 uiginti
1622 4125 1766 4178 marcas.
1806 4106 1895 4178 Item
1923 4113 1979 4176 est
2003 4106 2052 4176 ibi

497 4247 587 4299 unus
614 4227 735 4300 laneus
762 4230 921 4319 specialis
948 4231 1113 4304 ecclesiae
1140 4236 1177 4303 et
1203 4230 1342 4322 plebani
1368 4230 1405 4300 in
1423 4228 1724 4318 Dobrowoda
1741 4248 1811 4300 non
1829 4232 2048 4317 computatus

498 4349 591 4422 inter
617 4349 736 4424 laneos
763 4353 996 4424 cmetbonales
1023 4359 1059 4424 et
1085 4354 1270 4444 tabernae,
1297 4371 1404 4442 supra
1430 4350 1640 4441 descn‘ptos,
1667 4351 1726 4441 qui
1752 4370 1830 4421 cum
1856 4350 1952 4420 omui
1978 4351 2051 4422 iure

499 4477 535 4544 et
562 4493 638 4544 cum
666 4471 799 4545 decima
825 4474 1043 4566 manIpnlari,
1070 4479 1206 4566 spectat
1232 4473 1277 4545 ad
1303 4473 1507 4564 plebanum,
1532 4472 1672 4545 solvens
1698 4471 1867 4550 decimam
1894 4471 2051 4560 manipu-

498 4595 605 4668 larem
632 4593 743 4668 eidem
770 4595 934 4668 ecclesiae
961 4601 997 4668 et
1023 4595 1171 4686 plebano
1198 4596 1234 4667 in
1260 4593 1560 4684 Dobrowoda,
1586 4613 1637 4684 eo,
1664 4593 1755 4686 qnod
1782 4597 1858 4663 erat
1877 4592 2049 4683 quondam

498 4716 694 4806 praedialis
721 4717 808 4790 Item
835 4739 904 4790 non
932 4722 1013 4790 sunt
1038 4719 1073 4789 in
1097 4716 1259 4809 praefata
1285 4717 1368 4789 villa
1394 4715 1621 4787 hortulaniae.

604 4837 798 4932 Gnnawn,
826 4841 909 4912 villa
944 4842 1008 4913 sub
1044 4840 1211 4932 parocbia
1245 4838 1410 4910 ecclesiae
1448 4837 1490 4908 de
1525 4834 1812 4909 Dobrowoda
1837 4837 1927 4926 sita,
1955 4837 2049 4907 cuius

499 4938 621 5034 lraeres
656 4961 834 5034 lohannes
870 4961 968 5034 Felix
1004 4961 1047 5032 de
1084 4962 1267 5033 Tbarno
1280 4981 1324 5047 w,
1350 4959 1558 5032 castellanus
1591 4958 1806 5030 Visliciensis
1844 4957 1972 5029 nobilis
2006 4957 2048 5028 de

498 5085 600 5157 domo
627 5083 818 5176 Lclywa.
844 5083 884 5153 In
913 5105 981 5190 qua
1008 5089 1090 5156 sunt
1116 5101 1177 5154 aex
1203 5083 1295 5154 lanei
1321 5079 1562 5170 cmetbonales,
1589 5079 1632 5151 de
1660 5079 1784 5170 quibus
1802 5080 1965 5151 omnibus
1982 5077 2048 5150 sol-

397 5209 405 5220 '
499 5209 594 5280 vitur
621 5206 753 5279 decima
778 5205 1004 5295 manipularis
1031 5205 1208 5278 custodiae
1235 5201 1443 5294 Visliciensi,
1469 5207 1506 5294 et
1531 5221 1594 5292 per
1621 5202 1820 5272 cmetbones
1845 5201 1953 5272 villae
1970 5219 2049 5290 pro·

498 5330 585 5420 priin
613 5329 771 5402 curribus
799 5326 1001 5400 conducitur
1024 5327 1059 5398 in
1077 5327 1241 5398 borreum
1260 5347 1282 5396 a
1300 5323 1444 5400 custode
1461 5323 1653 5413 locandum,
1671 5328 1708 5394 et
1726 5321 1865 5394 solvunt
1882 5321 2048 5394 decimam

499 5453 621 5540 canapi
649 5473 712 5540 per
739 5455 887 5542 quatuor
914 5449 1063 5540 ierugas,
1090 5454 1127 5520 et
1153 5448 1252 5520 valor
1278 5447 1432 5519 decimae
1459 5445 1665 5520 aestimatur
1691 5443 1736 5515 ad
1754 5448 1888 5533 septem
1905 5463 2048 5515 marcas

500 5570 587 5640 Item
615 5577 668 5643 est
694 5573 729 5642 in
757 5573 876 5644 eadem
913 5572 995 5646 villa
1030 5591 1097 5642 una
1133 5569 1351 5659 hortulania,
1377 5569 1422 5640 de
1449 5589 1517 5657 qua
1543 5567 1677 5640 decima
1702 5565 1931 5654 manipularis
1958 5564 2047 5637 cedit

502 5690 667 5764 ecclesiae
702 5697 739 5764 et
765 5693 894 5766 rectori
920 5693 1063 5766 alterins
1098 5691 1211 5782 partis
1237 5688 1399 5760 Omnium
1425 5688 1631 5762 Sanctorum
1657 5688 1695 5760 in
1721 5685 1965 5779 Gracoria,
1991 5682 2048 5778 qui
