4550 6600
521 760 596 837 254

520 970 771 1063 molendinum,
798 971 881 1045 item
908 992 1014 1050 uuum
1041 973 1257 1047 cmethonem
1285 972 1469 1048 habentem
1495 992 1617 1066 aaron
1644 975 1703 1069 qni
1735 974 1838 1051 solvit
1870 996 1935 1071 pro
1969 998 2059 1055 censu

518 1116 621 1178 uuam
649 1114 808 1169 marcam.

621 1217 871 1307 Dauscuu0w‚
908 1216 992 1289 villa
1018 1218 1082 1289 sub
1110 1218 1275 1311 parochia
1302 1218 1469 1290 ecclesiae
1496 1218 1540 1289 de
1566 1217 1837 1311 Woyalrowa
1864 1222 1951 1310 sita,
1976 1223 2060 1295 cuius

517 1336 687 1412 haeredes
714 1337 887 1430 Prussy
914 1338 1047 1414 nobiles
1075 1338 1118 1414 de
1145 1340 1251 1412 armis
1277 1340 1515 1431 nigrorum
1542 1338 1791 1414 (terrorum
1818 1348 1855 1414 et
1882 1341 2060 1433 Oguiwo.

518 1462 559 1533 ln
587 1480 656 1553 qua
682 1466 763 1533 sunt
790 1460 881 1532 lanei
908 1460 1160 1551 anachoretes,
1187 1460 1271 1533 item
1297 1460 1446 1535 taberna
1471 1467 1526 1533 est
1550 1483 1639 1553 una,
1665 1462 1749 1535 item
1775 1462 2003 1554 hortulaniae,
2026 1464 2061 1537 de

520 1582 645 1675 quibus
673 1581 831 1654 omnibus
850 1582 998 1653 solvitur
1015 1585 1050 1653 et
1068 1582 1274 1655 conducitur
1300 1580 1433 1655 decima
1457 1582 1685 1674 manipularis
1702 1590 1739 1655 et
1756 1584 1942 1676 canapalis,
1968 1586 2063 1658 eccle·

523 1705 595 1775 siae
623 1708 658 1776 et
685 1702 759 1775 eius
786 1703 934 1794 plebano
961 1703 996 1775 in
1023 1700 1318 1797 Woyauowa,
1346 1704 1444 1776 cuius
1471 1702 1569 1778 valor
1595 1704 1800 1780 aestimatur
1825 1704 1870 1778 ad
1890 1710 1968 1779 octo
1985 1726 2064 1780 ruar-

459 1910 464 1913 ,
520 1844 597 1921 eas,
624 1824 809 1918 aliquando
837 1824 882 1897 ad
908 1824 1036 1897 decem.

624 1946 856 2038 ronanam,
894 1946 979 2019 villa
1006 1946 1070 2019 sub
1097 1946 1263 2038 parocbia
1289 1946 1333 2019 de
1359 1946 1630 2039 Woyakowa
1656 1947 1744 2038 sita,
1775 1948 1873 2021 cuius
1910 1948 2064 2022 haeredes

519 2060 667 2160 praelati
695 2068 869 2161 Prussy
897 2068 1029 2141 nobiles
1057 2068 1100 2141 de
1127 2067 1229 2140 domo
1256 2067 1497 2160 Nigrorum
1524 2067 1776 2142 Oervorum
1803 2074 1839 2142 et
1864 2062 2061 2161 O'gnyuo.

519 2190 560 2261 ln
589 2196 766 2283 quaeunt
800 2190 891 2262 lanei
923 2189 1175 2281 cmethonales‚
1211 2190 1293 2263 item
1327 2192 1513 2285 tabernae,
1544 2192 1629 2262 item
1664 2192 1852 2282 hortulani,
1881 2192 2063 2282 dequibus

519 2312 678 2385 omuibus
706 2312 852 2385 solvitur
879 2316 915 2385 et
941 2310 1146 2384 conducitur
1171 2311 1305 2385 decima
1330 2312 1555 2403 manipularis
1582 2318 1618 2386 et
1644 2314 1818 2405 canapalis
1846 2302 2064 2385 ecclesiaeet

521 2436 595 2508 eius
621 2434 769 2527 plebano
797 2434 832 2508 in
859 2432 1148 2526 Woyakowa‚
1176 2440 1212 2507 et
1237 2434 1338 2506 valor
1364 2431 1439 2507 eius
1465 2434 1511 2505 ad
1537 2454 1597 2506 sex
1623 2454 1758 2507 marcas
1784 2434 1998 2507 aestimatur.

624 2556 777 2646 Lamus,
813 2554 896 2627 villa
930 2555 994 2626 sub
1021 2555 1187 2647 parochia
1214 2554 1257 2627 de
1283 2554 1453 2627 Sancto
1480 2554 1745 2647 Szwyrado,
1773 2556 1872 2628 cuius
1908 2556 2063 2628 haeredes

519 2678 692 2770 Prussy
728 2677 796 2768 ipsi
830 2676 963 2749 nobiles
1000 2676 1043 2748 de
1070 2676 1177 2748 armis
1214 2676 1453 2767 nigrorum
1488 2675 1739 2749 Cervorum
1766 2682 1803 2749 et
1828 2676 1994 2768 lgnile.
2029 2676 2062 2748 ln

520 2820 588 2899 qua
614 2804 696 2875 sunt
722 2798 812 2871 lanei
840 2796 1091 2889 emethonales‚
1128 2798 1212 2869 item
1239 2796 1432 2889 hortulani,
1468 2800 1552 2871 item
1578 2800 1726 2871 taberna
1762 2819 1832 2871 una
1868 2818 1948 2871 cum
1973 2800 2063 2889 agris,

519 2919 711 3012 dequibus
738 2919 896 2992 omnibus
932 2918 1079 2991 solvitur
1114 2924 1151 2989 et
1177 2916 1381 2991 conducitur
1416 2919 1550 2991 decima
1575 2918 1802 3011 manipularis
1836 2924 1875 2992 ct
1902 2918 2064 3010 canapalis

519 3042 684 3115 ecclesiae
711 3047 747 3114 ot
769 3040 844 3115 eius
870 3040 1017 3133 plebano
1044 3038 1201 3133 praefato
1227 3038 1390 3113 Sancti
1417 3039 1674 3134 Szwyradi,
1701 3041 1808 3145 palm
1832 3040 1911 3113 eius
1937 3040 1983 3113 ad
1998 3045 2065 3112 octo

521 3182 664 3236 marcas.

626 3282 794 3376 Kanum,
813 3282 897 3357 villa
915 3283 979 3356 sub
997 3282 1165 3375 parochia
1182 3282 1224 3356 de
1242 3281 1487 3377 Woykoma
1505 3284 1586 3376 sita,
1613 3283 1711 3356 cuius
1729 3282 1900 3356 haeredes
1918 3282 2013 3355 multi
2030 3282 2065 3355 de

521 3407 627 3478 armis
662 3407 899 3497 nigrorum
927 3404 1197 3496 cervorum,
1224 3405 1399 3498 Prussy
1424 3411 1461 3478 et
1487 3405 1694 3497 Ognywa.
1732 3406 1773 3477 In
1801 3427 1870 3499 qna
1898 3426 1968 3478 nou
1994 3411 2063 3477 sunt

522 3529 731 3619 cnrethoneS,
758 3527 873 3601 sedin
892 3532 968 3601 toto
995 3527 1136 3618 milites,
1164 3526 1207 3599 de
1225 3549 1371 3619 quornm
1398 3528 1491 3618 agris
1519 3528 1665 3600 solvitur
1691 3527 1823 3599 decima
1849 3527 2063 3620 manipularis

520 3673 585 3743 pro
603 3649 748 3723 ecclesia
774 3656 810 3723 ct
828 3651 975 3742 plebano
1002 3649 1038 3720 in
1057 3647 1347 3741 Woyakowa‚
1375 3655 1411 3724 et
1429 3651 1527 3723 valor
1553 3649 1628 3722 eius
1655 3651 1858 3722 aestimatur
1884 3651 1932 3723 ad
1959 3649 2063 3722 decem

519 3794 672 3866 marcas,
700 3773 743 3845 de
762 3795 831 3866 qua
848 3778 988 3846 tenetur
1006 3771 1171 3844 ecclesiae
1198 3771 1242 3843 de
1260 3771 1433 3845 Sancto
1460 3771 1705 3864 Szwyrado
1732 3773 1869 3845 solvere
1895 3777 1969 3845 tres
1986 3791 2064 3842 mar-

520 3917 598 3986 cas;
625 3901 702 3968 erat
728 3896 819 3968 enim
846 3895 1025 3988 praedicta
1052 3893 1135 3967 villa
1161 3893 1204 3966 de
1231 3895 1397 3986 parochia
1423 3893 1584 3966 Sancti
1611 3893 1840 3987 Swyradi‚
1867 3899 1907 3967 et
1923 3892 2061 3966 habebat

521 4019 576 4091 ius
603 4017 638 4090 in
667 4017 761 4088 dicta
787 4016 929 4089 decima.
1461 4033 1464 4037 ’

625 4137 916 4228 Donnaczsscn,
944 4135 1039 4209 villa·
1053 4138 1118 4210 sub
1145 4137 1310 4228 parochia
1345 4135 1388 4210 de
1414 4135 1688 4230 Woyalrowa
1713 4137 1799 4227 sita,
1827 4132 1927 4210 cuins
1953 4137 2060 4211 haere·

521 4259 582 4331 des
609 4258 727 4350 plures
754 4257 797 4329 de
815 4258 921 4332 armis
948 4259 1188 4349 nigrorum
1212 4257 1477 4350 Gervorum,
1505 4259 1685 4353 Prussy
1710 4266 1747 4331 et
1772 4258 1971 4350 Ogniwa.
2012 4255 2047 4328 ln

523 4401 592 4472 qua
610 4384 691 4452 sunt
708 4379 800 4451 lanei
819 4379 1069 4471 cmctbouales‚
1096 4381 1139 4452 de
1159 4381 1283 4471 quibus
1310 4379 1470 4452 omnibus
1493 4380 1641 4452 solvitur
1666 4386 1703 4452 et
1720 4379 1928 4454 conducitur
1945 4379 2063 4451 decima

521 4499 747 4593 manipularis
774 4505 810 4573 et
836 4501 1012 4593 canapalis
1039 4501 1203 4575 ccclesiae
1239 4502 1275 4574 in
1302 4501 1594 4595 Woyakowa‚
1621 4502 1718 4576 cuius
1746 4503 1844 4575 valor
1871 4501 2062 4575 aestimatur

521 4623 565 4696 ad
594 4644 654 4696 sex
681 4642 825 4695 marcas.

626 4743 830 4836 Pomorum,
866 4743 948 4841 villa
983 4745 1047 4816 sub
1083 4745 1250 4836 parocbia
1285 4745 1328 4817 de
1355 4743 1631 4836 Woyakowa
1657 4745 1744 4834 sita,
1778 4745 1877 4817 cuius
1908 4741 2061 4816 haeredes

521 4844 648 4939 milites
686 4866 728 4938 de
764 4867 914 4958 nigris
946 4863 1110 4938 (larvis
1146 4871 1183 4938 et
1210 4865 1437 4958 Antiquis
1472 4866 1627 4958 Equis.
1676 4865 1717 4936 In
1745 4886 1814 4956 qua
1849 4873 1931 4937 sunt
1956 4865 2058 4957 plures

521 4989 649 5061 milites
676 4993 713 5060 et
740 4989 938 5061 emethones
966 4988 1166 5079 pauciores,
1203 4995 1239 5060 ct
1264 4993 1335 5060 mm
1372 4988 1415 5060 dc
1442 4989 1594 5079 praediis
1626 5009 1728 5080 quam
1755 4989 1850 5080 agris
1878 4988 2060 5059 emethoua·

522 5111 633 5198 libns,
661 5109 809 5182 solvitur
844 5117 881 5182 et
912 5109 1118 5182 conducitur
1155 5109 1288 5183 decima
1313 5109 1538 5202 manipularis
1573 5117 1610 5182 et
1636 5109 1810 5201 cauapalis
1845 5131 1910 5201 pro
1937 5105 2064 5182 ecclesia

522 5237 558 5304 et
585 5232 733 5325 plebano
760 5233 795 5304 in
823 5231 1111 5324 Woyatowa,
1140 5232 1237 5304 cuius
1263 5233 1362 5305 valor
1389 5233 1595 5305 aestimatur
1622 5231 1667 5304 ad
1694 5232 1846 5325 quinque
1872 5251 2009 5305 marcas.

1233 5353 1372 5427 Porus.

626 5473 721 5546 Villa
755 5477 887 5549 habens
922 5477 958 5547 in
994 5497 1031 5548 se
1059 5476 1239 5550 ecelesiam
1275 5477 1526 5568 parochialem,
1563 5475 1689 5548 Sancto
1726 5475 1889 5549 Andreae
1917 5477 2057 5560 dicatam

524 5595 620 5666 cuius
647 5595 769 5669 haeres
796 5597 989 5670 Stanislaus
1015 5597 1378 5691 Staschhowshy
1406 5598 1569 5670 dedomo
1588 5653 1702 5670 .....
1738 5599 1778 5669 lu
1797 5619 1866 5691 qua
1881 5605 1963 5671 sunt
1979 5591 2056 5667 lanei

524 5717 774 5812 cnetnonnes,
802 5719 845 5792 de
864 5719 987 5817 quibus
1015 5721 1176 5798 omnibus
1203 5720 1350 5795 solvitur
1368 5719 1501 5793 decima
1518 5719 1709 5818 pecuunialis
1736 5719 1779 5795 de
1803 5721 1957 5816 quolibet
1971 5719 2056 5792 laneo
