4550 6600
1668 744 1744 815 219

191 945 355 1017 ecclesiae
382 949 464 1018 sunt
490 947 639 1037 patroni.
679 947 720 1017 ln
739 900 807 1038 qua
833 948 1092 1038 quatuordecim
1119 948 1214 1019 lanei
1240 948 1475 1020 cmethonales
1502 954 1584 1019 sunt
1610 949 1633 1020 J
1643 951 1748 1021 aku-

190 1067 1749 1160 bikoniS,etoetoPraudothae,dequibusdecimapro....Itemsunt
1881 1151 1885 1161 ,
2004 1079 2007 1087 “

191 1188 237 1258 ibi
265 1186 335 1259 duo
361 1188 522 1279 praedia,
551 1188 742 1280 dequibus
769 1188 904 1297 decima
930 1166 993 1283 pro
1153 1191 1243 1262 Item
1270 1195 1351 1259 sunt
1378 1190 1427 1259 ibi
1454 1190 1543 1260 duae
1570 1193 1749 1264 tabernae,

192 1328 279 1399 quae
306 1330 370 1399 pro
390 1330 494 1381 censu
515 1311 655 1382 solvunt
681 1310 828 1401 plebano
856 1333 919 1401 per
937 1312 1023 1383 duas
1050 1330 1194 1381 marcas.
1234 1310 1323 1381 Item
1351 1316 1405 1381 est
1432 1311 1481 1380 ibi
1509 1334 1597 1381 uuus
1625 1313 1749 1383 hortu·
1837 1300 1840 1307 ’

179 1429 289 1501 lanus
318 1451 388 1501 non
414 1431 546 1503 habens
573 1452 685 1522 agros.

293 1549 544 1641 Sznnmsznu,
571 1552 654 1623 villa
680 1552 743 1622 sub
771 1552 936 1641 parochia
963 1552 1006 1623 de
1034 1551 1215 1641 Nakyel
1241 1552 1327 1641 sita,
1360 1553 1457 1623 cuius
1484 1552 1609 1623 haeres
1637 1553 1747 1643 Tan-

189 1672 429 1763 goborslry
455 1672 648 1745 Stanislaus
684 1671 855 1744 dedomo
883 1673 1059 1763 Bylina.
1104 1673 1144 1742 ln
1173 1694 1241 1763 qua
1268 1678 1349 1743 sunt
1376 1673 1469 1743 lanei
1496 1674 1677 1763 undecim,
1706 1674 1748 1744 de

191 1792 315 1883 quibus
336 1791 523 1863 decimain
542 1793 710 1883 Nakyel.
749 1793 848 1863 Item·
862 1798 943 1865 suut
960 1794 1009 1865 ihi
1028 1794 1115 1865 duae
1133 1794 1368 1882 hortulauiae,
1395 1794 1479 1864 item
1503 1795 1747 1866 unataberna.

296 1912 568 2005 Tmounononz,
586 1970 588 1977 ,
604 1914 687 1986 villa
713 1916 777 1987 sub
804 1914 982 2003 Nakyel
1010 1915 1096 2003 sita,
1133 1914 1230 2007 cuius
1256 1915 1381 1985 haeres
1417 1914 1610 1986 Stanislaus
1638 1915 1699 1985 Th
1710 1936 1748 2005 a·

190 2035 433 2126 goborslry.
473 2036 514 2105 In
539 2056 608 2125 qua
635 2040 716 2106 sunt
743 2041 875 2126 septem
902 2034 993 2105 lanei
1020 2034 1263 2123 cmethonales,
1290 2035 1375 2104 item
1402 2035 1490 2105 duae
1517 2035 1746 2124 hortulaniae,
1806 2027 1808 2030 ’

190 2156 272 2227 item
310 2177 418 2227 unum
445 2154 647 2247 praedium,
682 2156 725 2228 de
753 2157 877 2247 quibus
914 2156 1073 2229 omuibus
1109 2155 1243 2227 decima
1272 2156 1421 2227 solvitur
1447 2178 1511 2247 pro
1539 2154 1685 2227 ecelesia
1712 2157 1748 2227 iu

192 2276 385 2367 Nahyel
1404 2361 1410 2375 .
1510 2252 1515 2261 ⁵

292 2396 486 2487 WurrrOW,
514 2398 596 2470 villa
615 2400 678 2471 sub
697 2400 861 2488 parochia
880 2399 922 2471 de
941 2399 1121 2490 Nahyel
1147 2400 1233 2489 sita,
1261 2400 1358 2472 cuius
1376 2400 1500 2470 haeres
1517 2398 1540 2469 J
1551 2398 1748 2489 akubyh.

191 2518 228 2589 ln
248 2540 317 2609 qua
337 2523 419 2589 suut
436 2519 529 2590 lanei
558 2520 792 2592 cmethouales
819 2520 1006 2611 tredecim,
1034 2521 1077 2592 de
1096 2522 1221 2613 quibus
1240 2520 1541 2592 decimasolritur
1558 2541 1621 2611 pro
1641 2519 1749 2591 eccle-

194 2640 242 2711 sia
267 2641 303 2711 in
333 2640 527 2733 Nakyel.
632 2648 635 2656 “

292 2761 487 2851 Snunznu,
532 2762 615 2832 villa
651 2764 715 2834 sub
751 2762 916 2853 parochia
952 2762 995 2833 de
1032 2763 1231 2855 Nakyel,
1259 2763 1355 2832 euius
1388 2761 1573 2831 haeredes:
1610 2762 1748 2849 Petrus

194 2882 417 2971 WilhelmnS,
453 2882 630 2955 Abraham
658 2882 828 2954 dedomo
857 2880 1369 2973 Godzpmba,1rzwoslaus
1397 2881 1439 2951 dc
1468 2878 1576 2951 Gril
1583 2880 1599 2950 f
1606 2902 1748 2971 onum.

193 3004 230 3075 ln
257 3024 325 3094 qua
352 3008 592 3093 suntseptem
619 3003 710 3103 lanei
738 3002 988 3093 emethouales,
1016 3002 1202 3093 dequibus
1230 3003 1362 3113 decima
1389 3002 1425 3071 in
1452 3002 1748 3092 Szoczemyn³
1879 3039 1881 3042 -

195 3127 271 3197 item
298 3125 349 3197 ibi
369 3130 450 3196 sunt
477 3129 626 3215 quatuor
645 3124 802 3215 praedia,
831 3124 1017 3215 dequibus
1045 3124 1178 3195 decima
1205 3124 1249 3194 ad
1267 3144 1363 3193 suam
1391 3123 1571 3193 ecclesiam
1591 3123 1748 3199 solvitur.

293 3244 505 3336 Wonrczu,
533 3238 616 3317 villa
633 3246 697 3318 sub
716 3246 881 3338 parochia
909 3246 951 3318 de
979 3245 1140 3337 Nahyel
1168 3244 1250 3334 sita,
1277 3244 1374 3316 ouius
1394 3243 1517 3315 haeres
1544 3242 1749 3334 l‘yeozyu-

197 3368 264 3458 sky
289 3367 428 3439 Petrus.
467 3367 507 3438 ln
526 3388 594 3458 qua
622 3372 704 3439 sunt
730 3388 853 3439 novem
880 3367 972 3438 lanei
999 3366 1246 3456 cmethonales,
1274 3365 1460 3455 dequibus
1488 3363 1621 3434 decima
1647 3384 1749 3454 prae-

134 3469 141 3484 ’
197 3489 305 3579 posito
333 3487 578 3578 Cracoviensi3
605 3490 688 3560 item
716 3493 770 3560 est
797 3489 846 3559 ihi
873 3488 1053 3578 praedium
1081 3488 1123 3558 de
1152 3509 1220 3578 quo
1248 3486 1380 3558 decima
1407 3539 1522 3555 .....

300 3608 581 3700 Wnnszosonn,
622 3610 704 3680 villa
739 3611 803 3680 sub
842 3609 1008 3698 parochia
1050 3608 1093 3678 de
1131 3606 1310 3698 Nakyel
1361 3607 1447 3695 sita,
1488 3607 1586 3676 euius
1619 3605 1745 3676 haeres

198 3730 411 3802 Jakubik.
452 3731 581 3822 Inque
608 3736 689 3802 sunt
715 3737 788 3803 tres
815 3729 906 3800 lanei
934 3729 1186 3818 ornethonales,
1213 3729 1296 3798 item
1323 3748 1393 3797 una
1419 3726 1635 3815 hortolania,
1663 3727 1749 3796 item
1827 3807 1831 3814 Ι

199 3841 262 3922 uina
296 3853 464 3943 taberna,
505 3852 587 3936 item
620 3851 852 3924 molendinum
884 3871 1003 3940 unum,
1035 3850 1078 3922 de
1115 3849 1240 3940 quibus
1282 3848 1441 3919 omuibus
1482 3847 1615 3917 decima
1647 3846 1749 3917 datur

198 3971 424 4065 iuNakyel.

867 4094 1074 4165 Dnocunnu.
1195 4169 1198 4176 ,
1863 4155 1867 4162 .

297 4214 394 4287 Villa
420 4215 551 4287 habens
579 4216 758 4288 eeclesiam
785 4215 1019 4305 parochialem
1045 4214 1081 4283 in
1109 4234 1165 4304 se,
1201 4211 1337 4287 Sanctis
1363 4212 1526 4301 Philippo
1554 4216 1590 4281 et
1616 4207 1748 4280 Jacobo
1892 4308 1899 4316 ἢ

203 4333 377 4425 Apostolis
404 4336 572 4427 mentam,
600 4337 697 4409 cuius
724 4336 920 4428 proprietas
948 4336 992 4407 ad
1020 4390 1038 4405 ..
1047 4390 1162 4405 .....
1189 4333 1351 4425 pertinet.
1391 4334 1431 4403 lu
1450 4355 1519 4423 qua
1547 4338 1628 4401 sunt
1654 4331 1747 4400 lanei

204 4457 451 4548 emethonales,
487 4457 529 4529 de
562 4459 687 4548 quibus
715 4457 862 4528 solvitur
889 4457 1022 4528 decima
1048 4457 1275 4556 manipularis
1303 4463 1339 4526 et
1367 4455 1543 4544 canapalis
1570 4452 1749 4543 praeposi-

201 4582 294 4648 turae
313 4633 398 4649 .....
429 4578 517 4650 Item
538 4578 644 4650 habet
661 4577 829 4669 plebanus
848 4598 951 4668 agros
970 4599 1032 4669 pro
1051 4576 1194 4668 praedio
1214 4599 1290 4666 suo,
1318 4582 1353 4646 ct
1371 4577 1552 4646 tabernam
1571 4575 1607 4644 iu
1626 4573 1747 4644 eadem

203 4697 288 4789 villa,
316 4721 403 4790 quae
430 4722 494 4790 pro
517 4721 631 4772 annuo
660 4720 765 4771 censu
792 4699 897 4772 solvit
923 4699 1072 4790 plebano
1100 4752 1241 4770 ......
1284 4697 1332 4768 Et
1350 4697 1437 4768 haec
1464 4696 1547 4768 uilla
1574 4695 1676 4766 unica
1703 4694 1747 4764 ad

204 4820 396 4908 parochiam
424 4821 528 4892 istam
555 4821 716 4912 pertinet.

856 4941 1080 5014 Pnzmruom.

215 5125 218 5140 .
285 5061 393 5133 'Villa
419 5063 551 5136 habens
579 5064 614 5134 in
634 5084 670 5135 se
689 5063 923 5154 parochialem
950 5064 1129 5135 ecclesiam
1156 5063 1323 5152 ligneam,
1351 5060 1457 5131 Sanct
1474 5113 1482 5128 .
1501 5114 1509 5128 .
1529 5113 1563 5128 ..
1590 5057 1747 5148 dicatam,

207 5179 295 5254 euius
320 5184 522 5256 haeredissa
543 5185 722 5257 Dorothea
749 5185 871 5258 ¹relicta
898 5186 980 5256 olim
1007 5185 1137 5257 domini
1164 5183 1328 5274 Hynczc
1355 5181 1517 5254 dedomo
1544 5179 1748 5270 Vulpium.

207 5297 243 5370 ln
260 5323 326 5393 qua
343 5312 424 5377 sunt
440 5306 533 5378 lanei
551 5307 803 5398 cmethouales,
822 5307 865 5378 de
884 5307 1008 5398 quihus
1028 5307 1188 5377 omnibus
1205 5305 1351 5376 solvitur
1353 5357 1436 5374 .....
1457 5278 1559 5374 'Item
1578 5300 1687 5372 habet
1700 5301 1751 5372 ibi

208 5423 342 5497 ecelesia
368 5433 403 5500 et
428 5427 596 5518 plebanus
622 5429 783 5519 proprios
810 5451 913 5520 agros
940 5433 976 5500 et
1002 5433 1117 5518 prata,
1144 5448 1208 5517 pro
1236 5448 1299 5497 suo
1326 5448 1391 5497 usu
1418 5431 1454 5496 et
1481 5423 1696 5494 necessitate.
1819 5450 1823 5466 ¹

302 5545 492 5638 Zanonm,
510 5549 593 5620 villa
611 5551 674 5621 sub
695 5551 861 5640 parochia
879 5550 922 5622 dc
948 5551 1231 5641 Przybynou
1251 5549 1331 5637 sita,
1360 5547 1456 5617 euius
1474 5547 1598 5616 haeres
1615 5543 1747 5615 Johau-
1873 5602 1880 5614 ,
1977 5569 1981 5578 ·

210 5683 267 5738 aes
282 5665 616 5766 Kozeglow'sky
634 5670 677 5743 de
695 5673 801 5748 armis
828 5671 1056 5764 Vulpium.
1095 5671 1136 5744 lu
1160 5691 1229 5764 qua
1247 5675 1329 5743 sunt
1346 5669 1440 5765 lanei
1456 5665 1689 5742 emethonales
1703 5718 1749 5750 .....
