4550 6600
1703 792 1776 871 133

225 998 420 1073 summatim
448 996 655 1073 scholastico
692 998 913 1075 Oracoviensi
950 1022 1055 1073 unum
1090 998 1260 1075 fertonem
1287 999 1436 1075 latorum
1463 1026 1665 1095 grossorum
1692 1006 1778 1079 Pra-

223 1124 388 1225 gensium.

898 1244 1110 1319 Tnnuczan.
1187 1294 1192 1301 -

325 1364 421 1437 Villa
455 1366 588 1437 habens
624 1366 659 1437 in
694 1386 732 1438 se
764 1366 997 1457 parochialem
1032 1368 1212 1439 aeclesiam
1247 1367 1415 1458 ligneam,
1451 1368 1579 1440 Sancto
1614 1370 1775 1443 Andreae

223 1484 394 1574 Apostolo
430 1484 598 1577 dicatam,
634 1488 731 1560 ouius
767 1488 891 1558 haeres
926 1488 1104 1559 lohannes
1141 1488 1529 1560 Strzeschkowslr
1538 1511 1562 1579 y
1596 1489 1639 1560 de
1675 1490 1776 1562 domo

224 1605 528 1697 Accipitrum.
554 1608 595 1678 In
623 1628 691 1699 qua
716 1614 798 1680 sunt
823 1608 915 1678 lanei
942 1609 1194 1698 cmethonales,
1221 1609 1264 1680 de
1291 1610 1416 1700 quibus
1443 1610 1602 1683 omnibus
1630 1610 1778 1682 solvitur

224 1726 357 1797 decima
391 1728 636 1819 manipularis,
663 1728 889 1801 scholastriae
925 1728 1164 1818 Crotoniensi,
1196 1731 1293 1801 cuius
1320 1732 1496 1821 perceptio
1523 1753 1545 1801 a
1571 1732 1778 1803 scholastria
1910 1752 1914 1755 ·

222 1848 256 1917 in
283 1848 469 1938 manipulis
496 1855 550 1920 est
576 1850 763 1940 abstracta,
791 1854 827 1921 et
854 1849 986 1921 incolae
1013 1850 1109 1920 illam
1127 1850 1193 1921 soli
1212 1850 1358 1940 quilibet
1385 1850 1428 1921 de
1446 1872 1510 1923 suo
1537 1872 1621 1944 agro
1649 1854 1775 1943 accipi-

222 1972 291 2058 unt,
318 1974 357 2039 61
384 1969 524 2041 6611661
548 1991 612 2060 616
639 1990 681 2041 66
707 1971 957 2042 summatim..
985 2024 992 2040 .
1020 1970 1170 2042 latorum
1197 1992 1398 2060 grossorum
1416 1971 1663 2062 Pragensium:
1692 1975 1776 2045 item

222 2087 416 2180 tabern...‚
443 2090 526 2161 item
553 2090 798 2181 hortulani...,
824 2092 909 2162 item
936 2091 1115 2180 praedium
1141 2111 1211 2163 non
1238 2097 1309 2162 est:
1336 2092 1420 2162 item
1447 2093 1554 2164 babet
1580 2094 1630 2165 ibi
1661 2095 1770 2165 eccle-

224 2211 337 2282 61661
365 2211 532 2301 plebanus
567 2213 727 2304 proprios
763 2232 867 2302 agros
894 2218 1072 2304 6161616,
1099 2233 1165 2301 pro
1192 2232 1255 2283 suo
1282 2234 1347 2283 666
1373 2219 1410 2284 61
1436 2214 1664 2303 66666611616;
1690 2216 1775 2287 1166
1910 2300 1914 2305 .

222 2329 327 2401 habet
354 2331 542 2421 piscinulas
569 2333 729 2423 quinque,
756 2333 839 2403 1166
865 2333 972 2404 16161
997 2332 1125 2405 ibidem
1151 2329 1314 2422 6666166,
1341 2332 1385 2403 (16
1412 2334 1568 2423 quolibet
1594 2335 1694 2406 laneo
1714 2356 1776 2425 per

222 2470 323 2520 unam
351 2470 549 2524 mensuram
577 2452 725 2543 siliginis
752 2459 788 2525 et
813 2474 876 2544 per
902 2474 1005 2524 unam
1032 2472 1173 2526 616666.
1814 2442 1817 2451 ’

325 2569 636 2664 (111616661611,
663 2573 837 2663 11116611
864 2573 1222 2664 66166116666166166
1249 2573 1292 2643 de
1319 2573 1553 2666 Tluczany
1579 2577 1656 2663 sita,
1679 2577 1776 2649 cuius

224 2690 290 2761 duo
317 2691 488 2764 haeredes
516 2691 703 2765 Strzesz
731 2693 834 2765 iudex
861 2692 1024 2766 dedomo
1051 2692 1242 2783 Kyczka,
1269 2691 1499 2765 etJohannes
1525 2693 1712 2786 Rudsky
1733 2696 1796 2776 de,
1906 2741 1910 2757 ·

224 2811 321 2882 domo
349 2811 544 2904 Pylawa.
570 2814 610 2885 In
638 2834 706 2905 qua
732 2820 813 2886 suut
839 2815 931 2885 lanei
957 2813 1202 2903 66611666166,
1229 2812 1423 2903 dequibus
1451 2815 1609 2887 omnibus
1628 2817 1776 2887 solvitur

224 2930 357 3003 decirna
393 2934 618 3025 manipularis
654 2908 879 3006 scholastriae
915 2934 1156 3023 cracoviensi3
1192 2935 1289 3005 cuius
1325 2935 1500 3025 perceptio
1527 2936 1563 3005 in
1590 2937 1776 3026 manipulis

223 3052 401 3125 abstracta
426 3058 489 3146 est,
516 3061 551 3127 et
576 3055 709 3127 incolae
737 3054 803 3126 soli
829 3056 939 3145 ipsam
967 3054 1113 3146 quilibet
1139 3056 1183 3126 (16
1210 3074 1295 3143 agro
1322 3074 1385 3125 sno
1411 3056 1616 3146 percipiunt,
1644 3064 1681 3127 et
1707 3057 1777 3127 sol-

224 3179 306 3244 vunt
340 3194 408 3265 pro
435 3196 477 3246 66
503 3176 700 3247 summatim
736 3175 943 3248 scholastico
970 3173 1193 3247 Gracoviensi
1229 3174 1491 3265 quatuordeeim
1520 3177 1660 3248 scotbos
1687 3180 1777 3247 lato-

224 3315 294 3366 rum
322 3290 537 3386 gross'orum.
1129 3286 1132 3296 ’

323 3417 523 3510 Kossown,
552 3419 635 3492 villa
661 3421 725 3490 sub
752 3418 916 3509 parocbia
942 3417 986 3490 de
1014 3417 1249 3489 Thluczan
1277 3418 1355 3507 sita,
1381 3416 1480 3489 cuins
1507 3417 1630 3490 haeres
1648 3418 1776 3491 Andri·
1817 3505 1821 3513 ,

226 3555 282 3608 eus
308 3539 351 3610 de
378 3539 637 3631 Zegoczina
662 3539 895 3630 Poramba,
922 3539 965 3610 dc
992 3539 1094 3610 domo
1120 3543 1158 3610 et
1182 3538 1314 3609 familia
1339 3537 1603 3627 Waldorpb.
1639 3539 1679 3609 In
1707 3562 1777 3630 qua

227 3665 303 3730 sunt
328 3661 423 3732 lanei
450 3661 692 3751 amethouales,
720 3661 763 3732 de
791 3661 915 3751 quibus
943 3661 1089 3732 solvitur
1116 3667 1154 3731 61
1180 3659 1383 3730 conducitur
1400 3659 1534 3729 decima
1551 3661 1776 3749 manipularis

226 3799 286 3868 pro
312 3781 445 3854 vicaria
472 3780 710 3854 cracoviensis
735 3781 964 3872 praebendae,
991 3781 1104 3852 dictae
1132 3836 1140 3849 .
1168 3836 1175 3849 .
1203 3835 1210 3849 .
1238 3835 1245 3849 .
1272 3779 1361 3849 Item
1387 3785 1443 3849 est
1469 3779 1518 3849 ibi
1544 3787 1649 3849 6666
1675 3801 1776 3870 6166-

228 3895 335 3994 1116,
363 3899 408 3974 (16
436 3904 533 3975 61166
569 3903 663 3993 agris
697 3903 889 3973 decimatur
915 3901 1063 3992 plebano
1090 3906 1125 3971 et
1152 3900 1316 3972 ecclesiae
1343 3901 1379 3968 in
1406 3897 1665 3992 Tluczan53
1692 3902 1775 3972 item

227 4019 374 4094 6116161116
402 4025 549 4096 66111161
574 4023 732 4114 plebano,
760 4023 803 4094 de
830 4023 985 4113 quolibet
1011 4022 1112 4093 laneo
1139 4041 1203 4112 per
1230 4020 1317 4092 duos
1343 4041 1484 4110 grossos
1502 4020 1601 4111 latos,
1620 4023 1702 4092 item
1722 4027 1776 4093 661

121 4233 123 4238 Ι
228 4138 279 4213 111
297 4145 447 4215 taberna
473 4143 612 4234 plebani
639 4145 674 4214 in
702 4141 945 4234 Tluczany,
973 4161 1059 4233 quae
1086 4162 1151 4232 pro
1178 4161 1283 4213 censu
1309 4141 1415 4213 solvit
1437 4162 1541 4212 6666
1559 4163 1775 4232 sexagenam.

326 4263 717 4355 Gunznnsrnowuczn,
744 4264 828 4336 villa
855 4265 918 4336 sub
946 4264 1111 4354 parochia
1138 4264 1182 4334 (16
1209 4262 1443 4356 Tluczany
1469 4263 1547 4353 sita,
1574 4265 1671 4335 cuius
1694 4265 1776 4336 hae·
1815 4257 1818 4262 ’

229 4405 282 4456 166
308 4386 486 4477 praelatus
520 4385 704 4458 Andricus.
743 4385 785 4456 ln
812 4405 880 4476 qna
907 4391 988 4456 sunt
1015 4391 1166 4475 quatuor
1192 4385 1284 4454 lanei
1310 4384 1546 4455 cunethonales
1573 4391 1611 4454 et
1636 4386 1776 4474 quintus

230 4506 363 4595 plebani
391 4508 434 4580 de
461 4507 715 4596 Tluczany,
745 4504 788 4576 de
815 4505 940 4596 quibus
968 4505 1127 4576 omnibus
1155 4503 1302 4575 solvitur
1329 4503 1463 4574 decima
1488 4503 1714 4592 manipularis
1741 4509 1777 4574 61

231 4629 401 4719 canapalis
437 4628 583 4719 plebano
617 4627 653 4697 in
690 4625 1030 4717 Gzyrnyechow
1067 4645 1126 4715 eo,
1154 4625 1246 4715 quod
1280 4625 1331 4696 ibi
1366 4623 1552 4714 aliquando
1577 4624 1777 4712 pertinebat

231 4747 308 4819 villa
348 4750 393 4820 ad
428 4749 647 4839 parochiam3
683 4747 863 4818 denarium
903 4752 1020 4818 66166
1055 4745 1174 4818 Sancti
1209 4745 1307 4816 Petri
1346 4745 1496 4835 percipit
1529 4743 1697 4832 plebanus
1733 4744 1776 4814 de

232 4865 506 4960 Thluozany:
533 4873 676 4960 propter
702 4867 996 4959 propinquitatem
1023 4867 1099 4956 loci,
1127 4871 1163 4936 et
1180 4871 1325 4955 propter
1342 4865 1483 4936 1161166
1510 4862 1696 4954 Vislam,
1715 4865 1775 4954 qui

232 4986 360 5081 diiidit,
387 4990 542 5081 pertinet
568 4990 643 5062 iure
671 4989 860 5080 parochiali
887 4995 923 5060 et
950 4971 1054 5059 solvit
1080 4986 1248 5058 mensalia
1273 4987 1309 5056 in
1337 4985 1611 5075 Thluozany.

330 5111 506 5202 Brennus,
533 5111 617 5182 villa
650 5111 714 5181 sub
750 5107 916 5199 parochia
950 5107 993 5178 de
1028 5107 1292 5196 Zogoczina
1326 5105 1549 5178 Poramba
1575 5105 1653 5193 sita,
1680 5104 1777 5175 cuius

233 5229 349 5304 haeres
375 5233 509 5303 Pelcz
536 5232 579 5303 de
607 5231 713 5302 annis
740 5284 747 5299 .
775 5285 782 5299 .
810 5284 818 5300 .
844 5228 885 5300 16
912 5249 981 5320 qua
1007 5233 1089 5298 sunt
1114 5227 1207 5299 lanei
1233 5227 1475 5316 emethonales,
1501 5225 1545 5296 de
1563 5226 1688 5314 quibus
1706 5225 1775 5295 sol·
1862 5286 1867 5296 .

235 5353 322 5424 11161
347 5353 481 5425 decima
510 5352 735 5442 marripularis
770 5351 931 5442 episcopo
957 5348 1199 5437 cracoviensi3
1234 5348 1332 5419 cuius
1366 5347 1465 5418 valor
1499 5346 1704 5416 aestimatur
1730 5344 1776 5416 ad

236 5527 307 5543 ...
334 5529 341 5543 .
368 5476 450 5546 item
485 5481 541 5546 est
577 5475 625 5546 ibi
652 5493 756 5544 66116
792 5471 970 5561 praedium
996 5469 1167 5558 militare,
1194 5469 1237 5540 de
1264 5469 1362 5539 cuius
1388 5467 1483 5556 agris
1509 5466 1658 5536 solvitur
1684 5465 1775 5535 deci-

236 5613 287 5664 ma
311 5596 533 5686 manipularis
560 5595 725 5666 ecclesiae
757 5595 792 5663 in
820 5592 1104 5684 Thluczany,
1132 5589 1232 5662 66166
1264 5590 1363 5661 16161
1388 5588 1593 5660 aestimatur
1618 5586 1662 5655 ad
1690 5585 1776 5657 duas

236 5733 371 5787 marcas.

332 5884 379 5928 un.
391 5885 486 5930 66666
506 5887 537 5934 11.
1574 5857 1612 5907 3⁰
