4550 6600
1690 760 1826 860 ‚21

276 961 497 1036 Gracoviensi
523 957 850 1055 Dziewiathelszha,
879 964 941 1036 sed
968 985 1030 1056 per
1057 965 1229 1034 incuriam
1256 966 1412 1036 canonici
1439 969 1607 1055 occupata
1632 970 1695 1036 est
1741 965 1829 1037 Item

282 1092 337 1156 est
363 1085 414 1156 ibi
439 1087 620 1177 praedium
645 1086 793 1175 bonum,
820 1086 863 1156 de
890 1086 986 1156 cuius
1013 1086 1107 1174 agris
1143 1086 1291 1158 solvitur
1317 1087 1452 1157 decima
1478 1086 1704 1176 manipularis
1730 1107 1830 1178 prae-

279 1206 415 1278 bendae
452 1207 571 1278 Sancti
606 1206 755 1277 Martini
790 1207 825 1278 in
853 1205 1097 1296 Cracovia,
1133 1213 1170 1278 et
1204 1207 1303 1279 valor
1337 1208 1412 1278 eius
1447 1205 1652 1278 aestimatur
1687 1207 1732 1277 ad
1766 1228 1827 1280 sex

275 1347 420 1398 marcas.
1775 1415 1778 1420 ⁵

388 1447 723 1538 annczvuvnou,
747 1449 841 1520 villa
867 1448 931 1519 sub
959 1449 1124 1538 parochia
1150 1447 1193 1520 de
1220 1448 1419 1520 Carenin
1454 1449 1553 1519 etin
1579 1454 1676 1520 terra
1700 1448 1829 1521 Zatho-
1856 1443 1859 1456 '

281 1569 390 1639 riensi
418 1570 495 1658 sita,
524 1570 621 1640 cuius
647 1570 843 1664 proprietas
871 1569 915 1639 ad
933 1570 1183 1642 monasterium
1211 1569 1521 1640 sanctimonialium
1549 1570 1591 1640 de
1618 1569 1828 1661 Zvvyerzy-

281 1713 302 1760 n
314 1710 422 1780 yecz
448 1691 612 1780 pertinet,
640 1690 675 1760 in
703 1711 770 1784 qua
797 1695 879 1760 sunt
904 1690 996 1760 lanei
1024 1689 1276 1780 cmetbonales,
1312 1692 1395 1762 item
1421 1712 1491 1761 una
1516 1691 1670 1780 taberna,
1697 1691 1830 1761 habens
1936 1721 1940 1729 ·

282 1831 404 1900 ogroS,
439 1811 522 1880 item
550 1810 787 1899 hortulaniae,
823 1810 866 1880 de
894 1811 1018 1900 quibus
1046 1812 1206 1883 omnibus
1233 1811 1382 1882 solvitur
1408 1816 1444 1882 et
1469 1810 1672 1881 conducitur
1698 1810 1831 1882 decima

277 1929 502 2019 manipularis
530 1935 565 2002 et
592 1930 767 2020 canapalis
794 1931 1013 2020 praebendae
1033 1929 1151 2002 Sancti
1168 1931 1314 2002 Martini
1340 1933 1377 2001 in
1404 1930 1651 2021 Cracovia,
1678 1936 1714 2001 et
1731 1932 1829 2002 valor

276 2050 351 2120 eius
388 2051 594 2122 aestimatur
621 2051 666 2122 ad
692 2051 810 2123 decern
845 2071 991 2123 marcas.
1035 2052 1124 2123 Item
1152 2057 1207 2123 est
1244 2053 1293 2124 ibi
1319 2053 1500 2143 praedium
1536 2052 1750 2143 coenobiale,
1786 2051 1828 2123 de

274 2171 370 2242 cuius
398 2161 711 2268 agris'docimatur
731 2227 738 2242 .
758 2227 765 2242 .
784 2227 791 2243 .
811 2228 818 2243 .
1660 2176 1666 2192 “

378 2291 535 2364 Ecclesia
553 2291 673 2364 Sancti
690 2292 830 2383 Aegidii
856 2295 892 2365 in
920 2293 1166 2384 Gracovia,
1193 2295 1326 2366 habens
1353 2295 1487 2384 aliquot
1508 2294 1702 2385 canonicos,
1729 2295 1828 2366 cuius

274 2415 342 2484 iam
373 2419 564 2504 proventus
584 2420 620 2486 et
638 2415 852 2488 conditiones
879 2416 914 2486 in
937 2420 1085 2506 regesto,
1114 2415 1206 2506 quod
1233 2416 1277 2487 de
1295 2416 1487 2506 collegiatis
1514 2415 1669 2487 ecclesiis
1687 2436 1710 2485 a
1726 2416 1827 2488 nobis

274 2535 465 2607 coniectum
491 2541 554 2625 est,
582 2515 837 2627 descripsimus.

375 2655 534 2728 Ecclesia
560 2656 682 2729 Sancti
708 2657 858 2748 Spiritus
875 2657 1108 2749 Hospitalium
1136 2659 1173 2728 in
1199 2657 1448 2748 Gracovia,
1474 2659 1607 2730 babens
1624 2659 1827 2749 parochiam

272 2784 308 2849 et
334 2778 515 2868 regulares
542 2779 578 2848 in
606 2799 643 2849 se
670 2780 871 2869 canonicos,
900 2781 996 2851 cuius
1023 2781 1128 2850 etiam
1154 2779 1321 2851 introitus
1347 2780 1384 2849 in
1410 2786 1569 2870 segestro
1595 2780 1827 2850 monasterio-

273 2920 350 2970 rum
377 2899 545 2990 descripti
571 2905 701 2971 sunta
727 2899 827 2972 nobis
855 2899 1075 2973 sufficienter.

375 3019 534 3092 Ecclesia
560 3019 679 3092 Sancti
705 3020 819 3092 Marci
853 3022 890 3092 in
928 3019 1174 3110 Gracovia,
1209 3019 1336 3093 fratres
1371 3021 1550 3111 regulares
1576 3026 1614 3092 et
1639 3020 1825 3117 religiosos

272 3142 307 3212 in
335 3161 372 3212 se
400 3141 591 3231 continens,
618 3163 722 3232 quam
741 3143 846 3214 etiam
873 3163 951 3214 cum
978 3142 1049 3214 suis
1067 3142 1294 3233 proventibus
1312 3148 1354 3214 et
1367 3142 1633 3214 obventionibus
1658 3142 1695 3212 in
1724 3162 1826 3232 rege-

272 3267 326 3335 sto
354 3264 643 3335 monasteriorum
670 3263 923 3355 descripsimus.

377 3383 537 3455 Ecclesia
564 3385 681 3457 Sancti
708 3385 879 3457 Johannis
906 3385 1088 3476 Baptistae
1115 3386 1152 3456 in
1179 3383 1427 3475 cracovia,
1482 3439 1798 3455 ......

376 3504 534 3577 Ecclesia
553 3505 717 3596 Corporis
736 3506 867 3579 Christi
893 3508 931 3578 in
949 3506 1223 3596 Casimiria‚
1249 3507 1468 3598 parochialis,
1495 3506 1675 3596 regulares
1693 3507 1826 3578 babens

271 3627 478 3717 canonicos.
492 3627 624 3698 ordinis
650 3622 769 3699 Sancti
804 3627 1001 3718 Augustini,
1030 3648 1132 3718 quam
1169 3648 1245 3698 curn
1272 3629 1344 3699 suis
1370 3628 1597 3718 proventibus
1623 3627 1660 3697 in
1680 3632 1825 3717 ‘regesto

273 3747 561 3818 monasteriorum
590 3747 843 3838 descripsimus.

300 3906 304 3916 ¹
376 3868 534 3939 Ecclesia
560 3868 677 3940 Sancti
703 3868 886 3939 Michaelis
913 3873 949 3939 et
976 3866 1142 3938 Stauislai
1167 3868 1211 3939 de
1237 3868 1457 3958 Rupella,
1483 3866 1663 3957 regulares
1690 3866 1823 3938 ordinis

271 3989 373 4060 Beati
403 3989 503 4061 Pauli
534 3990 638 4080 primi
672 3989 863 4061 heremitae
899 3988 1031 4061 habens
1066 3989 1102 4059 in
1140 4009 1179 4060 se
1213 3987 1358 4080 fratres,
1395 3999 1512 4081 quam‘
1532 3990 1568 4061 in
1604 3989 1822 4063 monasteriis

271 4109 526 4199 descripsimus.
1598 4128 1604 4137 ’

374 4230 532 4303 Ecclesia
558 4230 706 4303 Sanctae
734 4230 942 4335 Catherinae
969 4232 1006 4301 in
1032 4229 1304 4323 Gasimiria,
1340 4202 1520 4305 continens
1555 4234 1592 4304 in
1620 4255 1658 4306 se
1691 4233 1819 4306 iratres

269 4352 449 4442 regulares
477 4352 608 4424 ordinis
644 4351 677 4424 S.
713 4351 918 4443 Augustini,
955 4353 1052 4424 cuius
1079 4360 1270 4443 proventus
1305 4355 1398 4425 inter
1429 4356 1643 4427 monasteria
1669 4355 1824 4446 descrip

271 4472 389 4543 simus.

374 4593 530 4666 Ecclesia
556 4594 675 4667 Sancti
701 4594 825 4666 Jacobi
852 4596 888 4665 in
915 4593 1188 4687 Gasimiria,
1214 4596 1325 4668 latere
1352 4602 1450 4669 cocto
1486 4598 1693 4689 elemosynis
1710 4599 1838 4689 ·oppi-·

269 4714 437 4785 danorum
464 4714 506 4786 de
543 4714 796 4809 Casimiria
831 4722 986 4807 murata,
1024 4738 1112 4808 quac
1149 4718 1396 4791 dismembrata
1421 4724 1476 4790 est
1510 4719 1547 4789 in
1573 4719 1821 4810 praepositum,

268 4836 447 4909 altaristas
473 4837 560 4909 duos
588 4844 624 4909 et
650 4838 902 4909 mansionarios
930 4839 1099 4931 quinque,
1137 4860 1284 4929 quorum
1311 4860 1400 4910 unus
1426 4846 1481 4911 est
1506 4845 1709 4930 perpetuus,
1737 4862 1822 4931 qua·
1896 4821 1902 4834 “

269 4965 350 5029 tuor
381 4958 569 5048 manuales;
595 4960 817 5049 praepositus
849 4965 965 5032 autem
996 4960 1181 5033 modernus
1208 4966 1263 5031 est
1293 4959 1445 5033 Jacobus
1472 4961 1649 5032 Hincza
1675 4961 1718 5032 de
1745 4960 1827 5033 Ba:
1865 4940 1870 4948 ”

268 5079 514 5170 tbowicze,
551 5080 648 5159 cuius
676 5080 813 5170 quidem
840 5082 1005 5153 ecclesiae
1031 5082 1172 5171 patroni
1199 5087 1298 5153 sunt:
1342 5082 1520 5153 iohannes
1546 5082 1824 5175 Buczynshy

268 5220 349 5271 cum
376 5200 457 5290 filio,
484 5202 568 5273 item
595 5200 757 5291 lacobus
785 5201 962 5275 Johannes
994 5208 1030 5273 et
1061 5202 1256 5274 Stauislaus
1287 5202 1602 5293 Trzeczesky‚
1638 5204 1721 5274 item
1749 5203 1825 5276 Gle-

268 5340 365 5391 mens
400 5320 693 5414 Korzensky‚
727 5323 812 5395 item
848 5323 1016 5395 Albertus
1050 5322 1073 5394 J
1083 5323 1294 5413 ezovslry
1329 5323 1556 5413 principales3
1592 5325 1676 5395 item
1704 5346 1822 5398 omnes

268 5440 327 5512 alii
361 5442 402 5513 de
428 5443 633 5535 genealogia
659 5448 696 5514 et
721 5444 827 5515 armis
862 5443 1133 5533 Streparum
1169 5449 1205 5516 et
1229 5445 1436 5534 praesertim
1472 5443 1515 5515 de
1541 5444 1625 5516 villa
1664 5445 1822 5519 Sullro-

267 5562 424 5652 wicze,
464 5562 751 5655 Janovicze,
790 5564 1108 5655 Janhowicze,
1148 5564 1324 5657 Kyany,
1363 5564 1703 5638 Svoszowicze.
1734 5566 1821 5638 ltem

267 5704 338 5759 non
364 5684 472 5763 habet
498 5686 718 5778 praepositus
738 5685 901 5795 eiusdem
920 5686 1086 5761 ecclesiae
1114 5706 1228 5777 agrae,
1255 5686 1376 5791 solum*
1393 5687 1533 5763 hortum
1560 5694 1600 5762 et
1626 5688 1694 5760 duo
1712 5694 1823 5778 prata,
