4550 6600
1719 808 1793 879 415

246 1010 287 1082 16
315 1010 439 1101 quihus
467 1010 624 1082 omnibus
653 1065 659 1080 .
688 1065 695 1080 .
724 1065 730 1080 .
769 1010 858 1082 Item
885 1016 940 1083 est
965 1012 1014 1082 ibi
1041 1012 1222 1102 praedium
1248 1014 1411 1106 militare,
1440 1014 1482 1087 16
1510 1036 1577 1107 quo
1605 1015 1795 1090 decimatur

245 1154 308 1223 pro
337 1132 481 1203 ecclesia
508 1132 543 1203 in
571 1130 927 1224 Probolowicze,
955 1136 991 1205 et
1018 1134 1117 1205 valor
1143 1135 1218 1206 eius
1244 1136 1290 1206 ad
1316 1156 1420 1207 uuam
1447 1158 1607 1209 marcam.

347 1252 460 1325 Villae
495 1254 730 1345 parochiales:
766 1253 1137 1348 Probolowicze,
1173 1255 1420 1349 Mycenen,
1457 1259 1633 1351 Sabou,
1661 1259 1793 1357 Czye-
1832 1282 1835 1286 ·

244 1374 366 1447 show
393 1372 550 1467 Maior,
578 1374 828 1469 Gzyoskou
854 1376 1015 1471 Minor,
1043 1376 1315 1453 Jauouicze.

778 1674 780 1679 ,
901 1600 1147 1677 &aaronem

345 1739 441 1811 Villa
474 1740 606 1815 habens
642 1734 752 1813 1666
787 1742 1021 1832 parochialem
1059 1743 1255 1850 ecclesiam,
1283 1743 1431 1819 Sanctae
1465 1746 1600 1820 Mariae
1636 1749 1793 1840 dicatam,
1874 1760 1877 1770 ’

241 1861 385 1953 pulchro
412 1861 528 1954 lapide
554 1884 617 1954 per
643 1854 891 1936 Otthouem
917 1865 1153 1956 praepositum
1181 1864 1428 1958 Gneznensem‚
1455 1873 1491 1940 et
1508 1871 1607 1961 regni
1625 1870 1789 1943 Pelopiae

243 1983 496 2075 cancellarium,
523 1984 674 2057 nobilem
701 1984 744 2057 16
772 1985 878 2057 armis
905 1984 1132 2077 Vulpium,
1159 2008 1250 2060 anno
1276 1988 1416 2058 Domini
1447 1992 1555 2086 1360.
1581 1990 1793 2083 fabricatam,

242 2106 338 2178 cuius
366 2107 490 2179 haeres
517 2107 639 2179 unicus
667 2112 702 2179 et
728 2112 896 2198 patronus
923 2106 1088 2180 Nicolaus
1105 2080 1344 2199 Dlugosch
1371 2110 1414 2182 16
1433 2087 1723 2186 (1666666616
1750 2115 1793 2188 16

241 2230 346 2301 armis
374 2229 654 2323 Wyenyawa.
680 2230 720 2302 16
749 2251 818 2322 qua
844 2234 925 2302 sunt
951 2230 1068 2301 decem
1096 2235 1132 2302 et
1158 2252 1282 2303 norem
1308 2232 1792 2325 16661166611666661166

242 2351 388 2423 solvitur
423 2358 458 2423 61
485 2352 690 2425 conducitur
716 2352 849 2424 decima
875 2352 1100 2443 manipularis
1128 2357 1165 2424 61
1192 2332 1366 2446 cenapolis
1393 2357 1658 2447 praepositurae
1684 2357 1791 2431 Visli-

241 2475 361 2566 ciensi,
388 2480 425 2547 et
451 2476 549 2547 valor
576 2476 650 2547 eius
678 2475 885 2546 aestimatur
911 2474 955 2546 61
983 2472 1162 2546 duodecim
1190 2496 1334 2547 marcas.
1359 2476 1449 2549 Item
1476 2482 1530 2549 661
1545 2478 1595 2549 111
1612 2480 1794 2571 praedium

241 2596 391 2669 militare
418 2591 524 2670 unum
549 2598 687 2688 bonnm,
715 2577 942 2689 aestimatum
963 2596 1007 2667 ad
1035 2596 1214 2668 duodecim
1232 2581 1359 2689 laneos,
1378 2599 1462 2670 item
1480 2603 1554 2671 tres
1572 2600 1793 2674 hortulaniae

240 2720 410 2792 habentes
437 2718 562 2811 agros'
576 2720 660 2791 item
686 2719 834 2790 taberna
861 2739 930 2790 una
956 2719 1087 2790 habens
1115 2739 1237 2809 agree,
1265 2724 1300 2790 et
1327 2719 1371 2791 ad
1399 2721 1584 2811 plebanum
1610 2723 1687 2794 iure
1714 2744 1792 2815 per·

241 2841 355 2913 tineus
383 2842 548 2933 plenario,
576 2841 618 2912 de
646 2841 770 2932 quibus
797 2837 955 2913 omnibus
983 2840 1131 2911 solvitur
1158 2840 1290 2911 decima
1316 2842 1542 2933 manipularis
1569 2842 1736 2915 ecclesiae
1755 2844 1792 2915 in

240 2961 532 3053 Gzarnoczin
560 2967 595 3034 et
621 2962 719 3033 valor
746 2962 820 3033 eius
847 2962 1050 3033 aestimatur
1077 2982 1141 3051 pro
1169 2982 1237 3033 una
1263 2962 1450 3034 medietate
1468 2964 1513 3035 61
1532 2971 1681 3055 quatuor
1700 2987 1790 3038 mar-

239 3104 309 3176 cas3
335 3086 421 3157 item
448 3084 490 3157 de
518 3084 692 3177 aliquibus
719 3084 812 3176 agris
839 3083 932 3156 cedit
958 3082 1123 3155 ecclesiae
1150 3083 1187 3153 16
1213 3082 1572 3158 Ρ66161661666.

341 3206 610 3299 Tnouourozu,
636 3207 720 3283 uilla
755 3206 819 3278 sub
855 3196 1020 3297 parochia
1048 3204 1090 3276 d'e
1118 3202 1402 3278 Gzarnoczin
1429 3208 1516 3296 sita,
1544 3207 1642 3279 onius
1668 3208 1793 3280 haeres

240 3326 344 3404 Ottha
374 3328 711 3424 Plyechowslry
737 3330 874 3401 ratione
900 3328 1020 3399 uxoris
1048 3327 1091 3399 de
1119 3327 1220 3398 domo
1248 3328 1567 3418 Bippennium.
1593 3330 1794 3422 luquaest

238 3453 417 3545 praedium
453 3454 638 3546 optimam,
674 3452 806 3523 habens
842 3451 975 3543 aliquot
1009 3450 1230 3541 1661616666,
1258 3450 1301 3522 16
1334 3449 1458 3542 quibus
1486 3451 1633 3522 solvitur
1659 3452 1792 3526 decima
1864 3515 1868 3528 .

239 3575 465 3670 manipularis
506 3574 671 3648 ecclesiae
706 3574 742 3646 in
777 3573 1083 3663 Gzarnoczin,
1120 3573 1217 3645 cuius
1253 3572 1350 3644 valor
1385 3573 1590 3646 aestimatur
1626 3574 1671 3646 61
1706 3575 1793 3646 1666

240 3717 381 3772 marcas.

340 3821 572 3912 1666666666,
599 3819 682 3891 villa
700 3819 765 3891 661
783 3817 948 3910 parochia
965 3815 1008 3888 de
1026 3815 1376 3888 Probolouicze
1403 3817 1480 3908 6116,
1498 3817 1596 3889 66166
1615 3817 1781 3889 haeres..

238 3942 280 4015 dc
306 3943 413 4015 armis
449 3941 730 4033 Streparum.
770 3939 811 4044 ln
840 3960 908 4031 qua
935 3943 1016 4010 sunt
1043 3937 1130 4010 duae
1158 3937 1376 4010 hortulaniae
1399 3939 1570 4013 habentes
1598 3961 1719 4030 agros,
1748 3939 1791 4011 de

240 4061 361 4156 qulbus
390 4064 581 4138 decimatur
608 4063 774 4136 ecclesiae
806 4062 841 4134 in
869 4060 1179 4151 Ozarnoczin‚
1205 4066 1242 4132 61
1268 4060 1367 4133 valor
1393 4061 1545 4133 decimae
1572 4061 1616 4134 ad
1643 4061 1793 4135 mediam

238 4207 399 4260 marcam.
779 4277 783 4286 ὁ
1064 4246 1065 4250 a

339 4310 566 4399 Lruerczrm,
592 4307 676 4379 villa
702 4307 765 4379 sub
792 4305 958 4398 parochia
986 4305 1029 4376 de
1056 4301 1415 4377 Gramboschow
1443 4306 1520 4378 sita
1547 4306 1588 4378 In
1615 4329 1684 4398 qua
1710 4313 1791 4380 6661
1902 4322 1908 4333 ’

235 4429 326 4503 16661
360 4428 611 4520 amathaeum,
639 4429 722 4500 11666
757 4427 943 4518 tabernae,
971 4427 1054 4498 item
1089 4420 1397 4519 16616166166,·16
1425 4429 1550 4520 quibus
1577 4429 1725 4501 solvitur
1752 4434 1789 4500 et

238 4549 438 4626 conducitur
475 4552 607 4623 decima
643 4549 870 4642 manipular'm
897 4554 933 4620 61
960 4548 1135 4639 canapalis
1163 4549 1329 4620 ecclesiae
1357 4549 1392 4619 in
1420 4547 1726 4640 Gzarnoczin‚
1754 4557 1791 4623 et

237 4675 333 4748 valor
369 4669 444 4746 eius
480 4673 683 4744 aestimatur
716 4671 760 4741 61
788 4675 937 4762 quatuor
964 4690 1109 4741 marcas.
1149 4670 1238 4741 Item
1266 4675 1321 4740 661
1346 4671 1396 4741 111
1422 4671 1602 4761 praedium
1629 4672 1790 4762 militare,

237 4796 278 4867 de
305 4817 374 4888 qno
412 4795 604 4867 decimatur
630 4795 666 4866 in
694 4791 1067 4882 Gramboschou‚
1095 4796 1131 4863 et
1157 4792 1256 4863 valor
1282 4793 1357 4863 eius
1384 4793 1587 4866 aestimatur
1614 4793 1659 4865 ad
1685 4815 1789 4866 unam

236 4939 412 5018 marcam„
1305 5003 1308 5008 ¹

338 5019 608 5132 Maezauczru,
644 5039 727 5113 villa
755 5041 819 5112 661
846 5037 1011 5131 parochia
1038 5036 1082 5108 do
1110 5036 1402 5128 Boguczicze
1430 5037 1515 5130 sita,
1542 5038 1640 5111 cuius
1666 5041 1790 5114 haeres

238 5171 259 5232 .’
263 5217 427 5234 .......
464 5165 507 5238 16
534 5165 640 5236 armis
668 5153 825 5236 Gelith
838 5184 868 5234 6.
907 5159 948 5234 16
976 5181 1044 5253 qua
1071 5163 1154 5231 sunt
1187 5159 1279 5231 lanei
1314 5159 1567 5252 emethonales,
1593 5161 1637 5234 16
1663 5165 1789 5254 quibus

237 5285 391 5359 cunibus
419 5266 629 5359 solvitur‘et
647 5285 851 5360 conducitur
878 5282 1264 5373 decima'manipularis
1292 5288 1328 5355 61
1351 5284 1526 5376 canapalis
1553 5305 1617 5374 pro
1644 5285 1790 5360 ecclesia

237 5457 400 5479 .......
428 5407 516 5481 Item
542 5413 597 5482 661
623 5409 805 5482 ibiunum
832 5407 1012 5501 praedium
1040 5405 1209 5496 militare,
1236 5405 1279 5478 de
1307 5427 1375 5498 quo
1403 5405 1597 5481 decimatur
1623 5409 1789 5482 ecclesiae

236 5525 275 5598 16.
296 5527 601 5623 (1666666616
629 5531 729 5605 valor
755 5509 908 5636 decimae
935 5530 1139 5602 aestimatur
1167 5529 1212 5601 61
1237 5549 1340 5602 unam
1367 5549 1528 5602 marcam.
1802 5631 1805 5636 ι

277 5713 283 5718 .
336 5648 1787 5746 11116666666116166(1666666616,Τ666661666,Μ616666661666,

236 5771 652 5850 Budzischowicze.
1412 5760 1414 5763 ⁵
