4550 6600
1807 725 1829 794 5
1926 794 1932 806 ,

378 937 502 1010 Altare
539 937 657 1010 ibium
691 937 843 1030 Regum
880 937 975 1028 quod
1009 936 1096 1008 duas
1133 934 1353 1008 fundationes
1390 933 1513 1006 babet:
1553 933 1686 1024 primae
1720 930 1832 1023 partis

274 1063 441 1148 patronus
477 1057 649 1150 Georgius
683 1057 892 1130 Szworez
932 1057 975 1130 de
1012 1038 1248 1129 cracovia
1282 1078 1360 1128 cum
1391 1055 1464 1128 suis
1498 1055 1637 1144 amicis,
1672 1052 1834 1126 altarista

275 1179 440 1252 Nicolaus
467 1180 510 1251 de
537 1178 832 1268 constantin,
868 1179 924 1251 cni
951 1200 1074 1250 census
1108 1178 1152 1250 de
1177 1178 1262 1250 villa
1296 1177 1581 1250 Wisoczicze
1613 1174 1832 1267 proveniant,

275 1301 446 1374 secundae
472 1299 685 1375 fundationis
711 1301 851 1391 patroni
878 1300 1041 1373 consules
1064 1298 1313 1372 Gracovienses
1340 1304 1377 1372 et
1405 1298 1570 1370 altarista
1594 1295 1762 1370 Albertns
1786 1297 1832 1370 de

276 1421 449 1496 Tharnen
477 1421 709 1512 hamalarium,
737 1442 859 1494 census
887 1422 994 1494 habet
1020 1421 1055 1492 in
1083 1419 1347 1492 Novavilla

381 1541 523 1634 Capella
557 1541 687 1632 Marci,
733 1542 830 1614 cuius
865 1549 1033 1632 patronus
1061 1540 1226 1613 Nicolaus
1262 1538 1674 1632 Ozeyskyendoril
1696 1540 1832 1612 ratione
1980 1575 1985 1580 ·

275 1684 460 1754 puerorum
497 1663 582 1736 civis
616 1662 660 1735 de
695 1662 942 1752 Oracoria;
993 1659 1091 1736 ouius
1126 1661 1288 1734 altarista
1322 1662 1488 1752 magister
1533 1660 1731 1751 lohannes,
1773 1660 1833 1752 qni

276 1805 399 1857 census
425 1784 533 1856 habet
558 1783 596 1856 in
622 1783 790 1856 domibus.
1176 1847 1183 1857 ,

385 1903 508 1976 Altera
543 1904 662 1976 Sancti
697 1903 892 1994 Benedicti,
928 1906 1025 1978 cuins
1063 1903 1203 1994 patroni
1239 1904 1400 1976 eonsules
1437 1902 1700 1994 Cracovienses,
1736 1902 1833 1976 ouius

275 2025 437 2100 altarista
462 2025 644 2100 lohannes
668 2025 711 2098 de
737 2023 1011 2117 Oswyeczin
1038 2007 1258 2098 dearctornm
1284 2024 1424 2116 doctor,
1460 2010 1552 2115 quod
1578 2025 1685 2098 habet
1710 2045 1834 2098 census

193 2159 199 2164 '
274 2149 311 2218 in
337 2145 648 2238 Os'zwyaezin.

382 2267 523 2359 Capella
550 2268 735 2359 pellificum
763 2268 991 2359 apparitionis
1019 2267 1053 2339 S.
1080 2267 1283 2358 Michaelis,
1311 2287 1399 2358 quae
1426 2288 1496 2340 non
1523 2267 1629 2340 habet
1654 2269 1833 2360 proprium

275 2389 477 2478 altaristam,
505 2389 566 2462 sed
594 2389 760 2480 pellifices
786 2389 918 2462 habent
944 2389 1110 2462 lectorem
1137 2394 1174 2462 et
1199 2389 1340 2462 solvunt
1366 2388 1409 2472 ei

226 2526 229 2534 ·
381 2510 504 2582 Altare
531 2509 679 2582 Sanctae
704 2509 871 2600 Agnetis,
907 2511 1005 2582 euius
1032 2510 1193 2584 albaneta
1211 2564 1345 2600 ......
1372 2509 1470 2582 cuius
1496 2509 1643 2587 collator
1669 2510 1834 2585 Nieolans

280 2631 467 2704 Cromen
493 2651 570 2704 cum
596 2631 765 2721 posteris3
792 2651 916 2704 census
941 2631 1048 2704 habet
1066 2685 1073 2702 .
1092 2685 1100 2701 .
1118 2685 1153 2702 ..
1832 2623 1838 2633 ”

391 2751 533 2842 (lapella
568 2750 711 2843 Georgii
737 2751 963 2843 Szworoz,
992 2752 1179 2826 Nativitati
1205 2752 1352 2824 Sanctae
1388 2751 1524 2824 Mariae
1559 2753 1693 2844 dicata,
1737 2753 1834 2826 cuius

280 2873 419 2964 patroni
447 2872 818 2946 Thoeholowska
844 2894 922 2944 eum
949 2894 1087 2964 sorore,
1123 2873 1217 2946 cives
1244 2872 1288 2947 de
1315 2871 1565 2964 Oraeovia,
1602 2895 1691 2966 qnae
1727 2875 1836 2948 babet

279 3013 402 3066 census
429 2994 465 3064 in
492 2993 576 3066 villa
601 2993 914 3068 Brunowicze.
1129 3065 1135 3074 ,

380 3113 504 3186 Altera
531 3114 564 3186 S.
594 3113 819 3205 Gatherinae,
855 3114 952 3187 cuius
980 3114 1047 3187 duo
1075 3120 1159 3188 sunt
1184 3114 1385 3206 altaristae,
1413 3112 1640 3208 Grzymek
1672 3116 1835 3190 videlieet

277 3240 315 3309 et
351 3235 567 3329 presbyteri,
599 3235 696 3308 cuius
723 3240 892 3329 patronae
918 3235 1080 3309 mulieres
1112 3236 1559 3329 Rokyemberkowa,
1603 3237 1835 3337 Eustaobowa

279 3356 661 3447 Thooholowske,
681 3356 1559 3451 SebastianowaMokrszskadeGracovia,
1585 3380 1649 3451 pro
1667 3361 1835 3435 ambabus

277 3478 436 3569 partibus
464 3498 606 3569 sensus3
632 3478 765 3570 primns
792 3479 954 3551 altarista
979 3479 1088 3551 habet
1106 3534 1113 3549 .
1132 3533 1140 3549 .
1159 3533 1194 3550 ..

382 3599 507 3672 Altere
525 3600 656 3673 meae
673 3598 831 3691 Virginis
857 3600 1012 3691 Mariae,
1039 3602 1136 3675 cuius
1162 3607 1247 3675 eunt
1274 3602 1363 3674 duae
1389 3608 1509 3693 partes
1526 3624 1589 3675 sen
1606 3604 1835 3679 fundationes:

279 3723 382 3795 unius
409 3720 570 3794 altarista
595 3727 651 3793 est
676 3720 851 3795 Martinus
877 3721 1125 3812 Byeezsky,
1161 3723 1221 3813 qni
1247 3727 1303 3794 est
1328 3728 1366 3794 et
1391 3723 1467 3813 ipse
1493 3746 1571 3795 cum
1597 3746 1718 3799 sorore
1744 3728 1835 3800 eius-

279 3844 355 3915 dem
383 3844 505 3915 altaris
541 3848 728 3933 patronus,
762 3842 856 3933 quod
886 3841 997 3913 altare
1024 3843 1130 3915 habet
1156 3862 1297 3914 censum
1332 3864 1486 3915 annuum
1521 3864 1626 3935 saper
1652 3847 1834 3921 advocatia

278 3965 315 4037 in
341 3964 538 4052 Zatlior;
575 3964 720 4035 alterium
745 3963 857 4053 partis
884 3962 1045 4035 altarista
1076 3964 1243 4053 magister
1269 3962 1433 4035 Nicolans
1460 3963 1750 4059 Langmiter,
1775 3970 1835 4060 qni

279 4086 383 4159 etiam
411 4091 466 4159 eet
492 4092 529 4159 et
554 4089 724 4176 patrenus
751 4084 914 4175 eiusdem,
942 4084 1033 4176 quod
1059 4084 1167 4157 habet
1193 4106 1333 4158 censum
1360 4086 1396 4159 in
1424 4085 1612 4181 Usczye.

430 4348 587 4429 Altaria
621 4350 660 4428 ln
695 4348 904 4449 ecelesia,
934 4338 1014 4429 ¹eeu
1048 4348 1211 4453 capella
1244 4348 1430 4431 Sanctae
1466 4350 1691 4434 Barbarae.

383 4570 559 4642 Summum
586 4571 696 4643 altare
722 4570 850 4643 Sancto
876 4569 1028 4645 Johanni
1055 4570 1238 4662 Baptistae
1256 4577 1294 4644 et
1311 4572 1442 4645 Beatae
1467 4573 1646 4649 Barbarae
1672 4574 1834 4667 dicatum,

280 4694 378 4765 euius
405 4692 588 4765 collatores
615 4698 651 4764 et
678 4692 815 4782 patroni
851 4692 1009 4765 consules
1045 4691 1310 4782 Graeorienses,
1346 4693 1444 4765 cinus
1476 4695 1636 4767 altarista
1670 4696 1834 4769 Nicolans

279 4820 420 4903 canter,
449 4812 540 4904 qnod
566 4834 629 4903 pre
657 4834 762 4891 aenan
788 4814 894 4887 habet
920 4813 1088 4887 tredecim
1114 4835 1250 4886 marcas
1277 4815 1314 4885 in
1340 4814 1617 4907 Nigravilla

384 4933 509 5006 Altera
536 4934 684 5009 Sanctae
709 4934 931 5027 Ludimillae,
960 4936 1057 5009 cuius
1076 4935 1261 5009 suntduae
1277 4935 1516 5009 fundationes:
1542 4938 1833 5029 patroni-primae

280 5056 392 5148 partis
419 5061 501 5128 sunt
518 5056 685 5147 magister
702 5056 895 5129 Stanislaua
914 5062 950 5129 et
976 5058 1155 5129 Brazor
1181 5061 1219 5129 et
1235 5056 1400 5131 Nicolaus
1428 5056 1837 5151 Czeyskyendorfl

282 5177 418 5249 ratione
436 5196 630 5268 puerorum,
658 5176 751 5268 qued
769 5177 880 5251 altare
899 5178 1006 5249 habet
1028 5197 1168 5249 censum
1186 5177 1222 5249 in
1240 5178 1416 5268 praetorio
1440 5176 1663 5252 Crotoniensi
1688 5180 1833 5271 singulis

281 5298 400 5388 annis3
436 5296 579 5371 alterins
605 5300 717 5390 partis
744 5298 905 5371 altarista
940 5297 1032 5369 filius
1066 5296 1238 5370 Johannis
1272 5297 1534 5391 Mornsten,
1569 5301 1668 5373 euius
1693 5304 1834 5393 patroni

282 5424 358 5492 tota
391 5420 595 5511 genealogia
630 5416 773 5510 Georgii
809 5418 1016 5491 Szworcz
1047 5423 1084 5491 et
1109 5418 1341 5509 Moraten,
1377 5421 1469 5511 quod
1504 5421 1611 5495 babet
1645 5444 1768 5497 cenans
1795 5424 1832 5496 in

282 5540 591 5615 Vratislavia

384 5662 507 5739 Altare
533 5662 749 5754 Orienth,
777 5660 1017 5755 assumptioni
1035 5661 1068 5735 S.
1085 5660 1220 5735 Mariae
1237 5662 1362 5737 honori
1388 5662 1550 5759 dicatum,
1576 5666 1674 5741 cuine
1692 5666 1833 5759 patroni
