4550 6600
1723 780 1772 855 95

219 982 397 1057 Clemente
423 982 703 1078 Radomsky,
739 984 902 1061 Floriano
929 982 1082 1059 Henrico
1103 1039 1324 1058 .........
1368 984 1481 1059 Adam
1517 983 1560 1058 de
1586 983 1773 1081 Muichovv,

215 1108 382 1181 ecclesiae
408 1112 549 1179 nostrae
575 1108 804 1179 cracoviensis
832 1107 1006 1179 canonicis
1032 1108 1190 1179 testibus.
1749 1102 1753 1107 ’

868 1227 1138 1299 Znuuowvucz.
1822 1310 1835 1331 1

319 1347 424 1439 Villa,
450 1349 582 1419 habeus
610 1348 789 1420 ecclesiam
816 1348 1053 1439 parochialem
1079 1350 1115 1419 in
1136 1370 1173 1419 se
1191 1353 1363 1419 muratam
1390 1354 1488 1421 cocto
1515 1348 1625 1421 latere
1644 1348 1771 1422 Sancto

215 1522 409 1541 ........
436 1470 619 1541 Translate
646 1470 897 1542 Boleslaus
924 1469 1067 1560 pudicus
1094 1470 1195 1561 regni
1221 1469 1386 1540 Poloniae
1413 1471 1483 1541 dux
1509 1477 1547 1541 et
1572 1472 1769 1562 monarcha,

213 1590 490 1663 Zawichosteusi
517 1590 727 1663 monasterio
755 1591 791 1661 in
818 1589 875 1661 Sk
888 1590 1004 1661 alam
1031 1596 1066 1661 et
1093 1590 1218 1661 exinde
1245 1590 1290 1661 ad
1317 1588 1436 1661 Sancti
1463 1590 1624 1663 Andreae
1650 1592 1769 1664 basili-

215 1730 287 1783 cam
316 1712 355 1783 in
384 1711 656 1785 Oracoviam
693 1712 808 1783 dotem
835 1712 987 1802 priorem
1014 1732 1124 1783 novae
1162 1712 1403 1801 supplemento
1431 1717 1615 1803 aucturus,
1650 1714 1767 1785 villam

214 1815 372 1903 ducalem
399 1833 728 1925 Zarnowyecz,
764 1854 806 1905 ex
834 1855 903 1924 qua
930 1833 1094 1923 oppidum
1112 1833 1157 1903 -in
1184 1853 1350 1923 processu
1386 1834 1520 1915 dierum
1552 1837 1650 1904 extat
1675 1834 1785 1905 loca-·

213 1957 296 2043 tum,
325 1974 405 2025 cum
432 1954 588 2025 tabernis
615 1954 743 2025 ibidem
775 1954 1062 2044 consistentibus,
1100 1953 1185 2024 item
1212 1974 1289 2023 cum
1324 1954 1485 2025 theloneo
1521 1953 1590 2024 loci
1616 1954 1769 2025 eiusdem

213 2080 247 2145 et
273 2074 426 2147 aliarum
450 2074 612 2147 villarum
638 2075 887 2165 pertinentium
914 2074 959 2145 ad
986 2073 1140 2165 eandem,
1166 2074 1204 2145 in
1222 2075 1335 2145 tribus
1355 2075 1474 2145 stratis
1493 2095 1555 2146 seu
1572 2075 1638 2145 viis
1656 2075 1769 2165 publi·
1870 2096 1876 2103 ·

213 2196 260 2266 cis
286 2174 536 2287 recipiendum,
564 2195 725 2267 videlicet
751 2196 787 2267 in
815 2196 880 2287 via,
910 2215 997 2285 quae
1020 2195 1119 2266 vadit
1145 2215 1209 2285 per
1234 2194 1388 2266 Lelow
1414 2200 1450 2265 et
1475 2196 1568 2267 inter
1593 2193 1770 2286 Wysze·
1797 2274 1800 2279 ,

216 2336 358 2407 nyesz
368 2340 392 2409 y
403 2336 480 2388 eze
507 2294 543 2387 et
559 2315 620 2387 Kr
631 2316 785 2389 oczicz
796 2337 832 2405 e,
860 2316 942 2387 item
960 2316 996 2387 in
1014 2316 1071 2387 via
1090 2336 1178 2407 quae
1196 2316 1294 2388 vadit
1311 2338 1374 2407 per
1394 2315 1587 2407 praelatum
1607 2316 1770 2407 oppidum

212 2438 545 2529 Zaruovvyecz,
583 2438 667 2509 item
694 2438 730 2508 in
757 2438 813 2509 via
841 2458 903 2529 per
929 2436 1209 2527 Pstrolycze
1246 2444 1283 2509 et
1309 2436 1477 2509 Stroza
1512 2436 1660 2508 duarum
1685 2458 1767 2528 pro·

213 2558 418 2649 vinciarum,
444 2578 533 2649 quae
548 2564 643 2664 ¹'tunc
669 2556 844 2649 Opolye
871 2558 1064 2648 vulgariter
1091 2558 1351 2649 appellabatur,
1378 2558 1463 2629 item
1490 2563 1527 2629 et
1553 2558 1639 2630 alias
1666 2558 1768 2629 villas

212 2679 310 2750 iuxta
338 2678 527 2752 Skalam
554 2680 792 2769 consistentes,
820 2679 1005 2751 donatione
1024 2684 1194 2769 perpetua
1220 2678 1335 2769 donat,
1354 2679 1510 2769 assignat
1537 2684 1573 2749 et
1600 2678 1768 2749 inscribit.

166 2802 172 2818 '
212 2800 297 2871 Item
325 2801 366 2871 in
395 2800 541 2891 amplius
577 2800 854 2890 supplementum
890 2799 1068 2871 ecclesiam
1104 2799 1339 2890 parochialem
1374 2800 1410 2869 iu
1441 2799 1767 2890 Zaruowyeoz,

212 2926 407 3011 proventus
435 2928 472 2992 et
498 2921 647 2993 decimas
674 2920 873 3011 frequentes
899 2920 1083 2991 habentem
1111 2920 1219 2990 etad
1245 2920 1507 3009 iuspatronatus
1534 2909 1767 3009 pertinentem

213 3042 343 3133 ducale,
361 3063 439 3115 cum
459 3042 664 3113 sanctuariis
683 3047 719 3113 et
738 3062 814 3113 curn
833 3041 1032 3112 camerariis
1051 3040 1129 3113 suis
1141 3040 1337 3111 nominibus
1355 3061 1475 3111 eorum
1488 3060 1552 3130 per
1564 3060 1767 3130 expressum

213 3162 432 3258 designatis,
461 3184 539 3234 cum
566 3164 724 3235 omuibus
751 3162 893 3233 decimis
920 3166 956 3233 et
982 3161 1205 3251 pertinentiis
1232 3161 1323 3253 suis,
1349 3165 1386 3231 et
1411 3162 1535 3232 annuis
1561 3160 1766 3251 redditibus,

214 3284 323 3356 eidem
352 3284 567 3357 monasterio
595 3282 712 3356 Sancti
741 3282 903 3356 Andreae
929 3282 1087 3374 largitur,
1114 3283 1192 3354 unit
1212 3288 1249 3354 et
1266 3282 1477 3373 incorporat
1503 3281 1636 3357 relictis
1661 3282 1767 3354 certis

214 3405 411 3478 redditibus
439 3412 475 3477 et
500 3406 702 3478 introitibus
729 3427 793 3496 pro
821 3405 967 3476 ecclesia
993 3403 1184 3496 parochiali
1211 3404 1247 3474 iu
1273 3403 1598 3496 Zaruowyecz,
1625 3425 1668 3474 ex
1692 3405 1768 3494 qui-

213 3526 274 3598 bus
301 3527 401 3598 illius
427 3527 595 3618 plebanus
614 3533 650 3599 et
667 3533 783 3598 rector
810 3547 885 3600 cum
914 3526 985 3596 suis
1012 3525 1184 3597 ministris
1209 3525 1351 3616 possent
1369 3525 1546 3613 commode
1565 3525 1765 3615 subsistere,

213 3653 248 3718 et
273 3669 385 3720 onera
411 3649 597 3738 parochiae
623 3649 784 3739 implere,
820 3668 906 3740 quas
934 3647 1073 3738 quidem
1100 3647 1251 3718 decimas
1277 3646 1515 3737 manipulares
1541 3646 1611 3716 iam
1638 3645 1768 3718 descri-
1817 3723 1823 3735 ,

213 3770 293 3840 bere
320 3763 523 3860 pergemus

312 3891 386 3962 Est
422 3897 536 3962 autem
572 3890 736 3981 oppidum
772 3889 966 3981 praefatum
1001 3890 1099 3962 iuxta
1133 3889 1276 3961 fluvium
1301 3888 1473 3980 Pylcza
1508 3889 1632 3979 situm,
1669 3889 1767 3960 cuius

213 4011 412 4101 proprietas
448 4011 492 4082 ad
524 4011 783 4082 serenissimum
817 4009 983 4082 Poloniae
1018 4032 1135 4101 regem
1172 4011 1335 4101 pertinet.
1378 4010 1419 4080 In
1455 4031 1523 4100 quo
1560 4015 1641 4081 sunt
1674 4009 1767 4081 lanei

180 4133 483 4222 ,oppidanorum
511 4131 554 4202 de
581 4133 706 4222 quibus
734 4132 880 4203 solvitur
907 4139 943 4203 et
971 4132 1177 4203 conducitur
1203 4131 1337 4202 decima
1361 4130 1589 4221 manipularis
1614 4136 1767 4202 tantum·

213 4253 322 4342 modo,
350 4257 390 4323 et
416 4273 485 4323 uon
512 4253 687 4342 canapalis
722 4273 786 4342 pro
814 4253 1025 4324 monasterio
1054 4251 1367 4354 sanctimonialium
1393 4250 1514 4322 Sancti
1540 4250 1703 4322 Andreae
1729 4251 1766 4322 in

213 4371 460 4464 cracovia,
496 4379 532 4444 et
558 4374 657 4445 valor
682 4374 756 4445 eius
784 4374 989 4444 aestimatur
1025 4374 1069 4444 ad
1097 4380 1248 4464 quatuor
1282 4393 1437 4462 marcas3
1473 4372 1517 4444 de
1543 4372 1654 4442 lancis
1680 4393 1764 4443 vero

213 4493 382 4584 residuis,
420 4493 567 4564 solvitur
594 4494 726 4588 decima
759 4493 939 4565 fertonalis
975 4495 1164 4566 communis
1191 4494 1357 4584 pecuniae
1392 4514 1456 4583 pro
1483 4493 1694 4563 monasterio
1728 4492 1763 4562 in

212 4613 577 4705 Ymramowycze
604 4615 735 4686 ordinis
762 4617 1168 4706 praemonstratensium,
1196 4615 1255 4705 qui
1285 4615 1377 4684 lanei
1403 4618 1572 4684 vocantur
1598 4611 1766 4684 Studzc·

213 4756 384 4824 nyczne.
410 4735 498 4807 Item
526 4735 710 4807 advocatia
737 4742 791 4808 est
809 4737 845 4806 in
865 4737 984 4806 eodem
1004 4736 1142 4826 oppido,
1170 4736 1213 4806 de
1231 4736 1328 4806 cuius
1347 4735 1441 4825 agris
1460 4735 1607 4805 solvitur
1634 4733 1780 4804 decima·
1856 4829 1860 4834 ¹

214 4856 380 4928 ecclesiae
407 4857 443 4926 in
470 4856 793 4948 Zaruhvvyecz,
821 4862 857 4928 et
883 4863 965 4929 sunt
990 4864 1063 4928 tres
1090 4857 1182 4928 lanei
1209 4857 1318 4946 ipsius
1344 4855 1556 4928 advocatiae.
1595 4855 1683 4926 Ibem
1709 4861 1765 4926 est

213 4976 260 5048 ihi
285 4977 469 5067 praedium
495 4978 647 5068 regium,
675 4978 717 5049 de
745 4979 841 5050 ouius
868 4979 962 5069 agris
989 4979 1093 5048 etiam
1130 4978 1265 5048 decima
1291 4977 1438 5048 solvitur
1464 4997 1528 5066 pro
1555 4976 1701 5048 ecclcsia
1727 4977 1762 5046 in

214 5095 529 5189 Zarnowyecz.
556 5099 644 5170 item
662 5099 894 5170 molendinum
915 5104 968 5170 est
986 5100 1034 5170 ibi
1053 5099 1222 5188 advocati,
1241 5098 1277 5168 in
1295 5098 1434 5168 flumine
1461 5097 1764 5189 Unyeyowha,

213 5220 345 5308 regium
374 5225 491 5292 autem
527 5241 596 5290 non
623 5224 685 5291 est.
712 5219 801 5291 Item
827 5241 897 5292 non
925 5226 1007 5292 sunt
1033 5220 1082 5290 ihi
1109 5219 1327 5290 hortulaniae
1361 5219 1489 5310 regiae,
1515 5224 1656 5309 praeter
1682 5218 1764 5289 hor-

216 5340 368 5412 tulanias
395 5340 544 5430 plebani,
573 5341 632 5430 qui
658 5346 804 5412 vocatur
829 5339 1047 5412 Morawka.
1852 5329 1856 5341 '

314 5461 426 5532 Lanei
461 5461 559 5531 i'uxta
594 5461 904 5553 Zaruovvyecz
940 5461 1014 5551 siti,
1040 5467 1076 5531 et
1103 5458 1167 5532 sub
1195 5460 1360 5550 parochia
1385 5460 1429 5532 de
1454 5457 1763 5553 Zaruowyecz

215 5581 403 5671 constituti,
431 5593 582 5672 quorum'
602 5583 798 5672 proprietas
825 5581 869 5652 ad
897 5581 1153 5652 serenissimum
1180 5579 1346 5653 Poloniae
1372 5602 1492 5672 regem
1516 5583 1687 5673 pertinet,
1726 5589 1763 5654 et

215 5707 292 5772 sunt
319 5703 412 5774 lanei
432 5757 439 5772 .
459 5757 466 5773 .
485 5757 519 5774 ..
547 5703 581 5774 in
610 5724 763 5794 numero,
781 5709 817 5775 et
834 5703 1001 5774 medietas
1027 5703 1225 5774 huiusmodi
1241 5702 1430 5810 'laneorum
1457 5704 1568 5776 maior
1586 5710 1622 5775 et
1640 5704 1763 5776 melior
