4550 6600
1749 757 1801 828 27

351 964 510 1036 Ecclesia
545 963 749 1034 Sanctorum
784 961 914 1052 Philipi
950 967 986 1032 et
1020 959 1162 1050 iacobi,
1200 960 1237 1030 in
1272 960 1508 1054 Klycparz
1545 963 1631 1052 sita,
1666 968 1703 1034 et
1737 983 1802 1053 pro

201 1099 206 1108 '
248 1085 432 1157 medietate
458 1086 567 1156 latere
595 1087 694 1156 cocto
719 1087 865 1172 murata,
893 1081 990 1154 cuius
1017 1082 1136 1152 unicus
1164 1087 1333 1172 patronus
1351 1082 1494 1154 Marcus
1512 1082 1802 1176 Mninowshy

247 1205 291 1276 de
318 1204 696 1292 Tomaszowicze‚
723 1203 859 1275 ratione
885 1202 989 1274 villae
1008 1201 1420 1293 Thomaszowicze‚
1449 1204 1493 1274 de
1520 1203 1622 1277 domo
1650 1203 1801 1274 etfami-

247 1327 295 1397 lia
322 1325 522 1414 Nomina,
549 1325 646 1396 cuius
673 1322 944 1413 praebendarius
970 1321 1122 1394 Jacobus
1149 1323 1241 1395 filius
1268 1321 1455 1398 Goliian
1483 1325 1526 1396 de
1551 1324 1802 1397 Krowiczi·

248 1468 313 1542 no,
341 1446 468 1518 nobilis
496 1445 539 1518 de
566 1445 667 1518 domo
694 1443 914 1534 Wczelyc,
942 1463 1030 1533 quae
1056 1463 1120 1534 pro
1148 1465 1212 1516 sua
1238 1443 1319 1517 dote
1345 1450 1534 1536 proventus
1560 1444 1801 1537 infrascriptos

248 1568 365 1640 habet.

355 1685 685 1784 lhounszowrczn
713 1684 795 1757 villa
821 1685 885 1756 sub
912 1685 1078 1776 parochia
1104 1685 1148 1758 de
1174 1685 1413 1758 Modlnica
1440 1686 1526 1777 sita,
1553 1686 1650 1758 cuius
1676 1687 1801 1760 haeres

250 1808 390 1880 Marcus
417 1805 718 1895 Mninowshy‚
745 1805 781 1875 in
809 1825 877 1895 qua
903 1811 985 1876 sunt
1012 1807 1164 1896 quinque
1190 1807 1283 1879 lanei
1310 1807 1560 1897 cmethonales,‚
1589 1807 1675 1879 item
1700 1829 1802 1899 prae-

248 1927 341 1998 dium
367 1947 473 1997 unum
498 1925 659 2016 militare,
686 1925 819 1997 habens
846 1925 931 1998 duos
959 1947 1037 1998 cum
1063 1927 1177 1999 medio
1203 1927 1324 1998 laneos
1349 1928 1387 1998 in
1414 1949 1462 2018 se,
1488 1929 1573 2000 item
1598 1949 1668 2000 una
1685 1929 1803 2000 taber·

245 2069 308 2138 na,
342 2047 473 2118 habens
509 2066 631 2136 agros,
666 2051 702 2117 et
737 2047 781 2118 ad
809 2047 1066 2138 proprietatem
1102 2049 1348 2138 praebendarii
1383 2049 1590 2140 pertinens‚.
1606 2050 1650 2122 de
1677 2051 1802 2140 quibus

119 2181 124 2202 ·
245 2168 405 2240 omnibus
441 2166 588 2238 solvitur
624 2171 660 2238 et
686 2166 891 2240 conducitur
918 2167 1051 2240 decima
1085 2168 1310 2260 manipularis
1338 2175 1374 2242 et
1400 2170 1578 2260 canapalis
1609 2182 1674 2262 pro
1701 2192 1802 2261 prae·

244 2288 359 2362 henda
385 2286 590 2360 Sanctorum
616 2287 747 2378 Philini
774 2294 810 2360 ct
835 2287 969 2380 Jacobi,
996 2295 1034 2361 et
1060 2289 1159 2362 valor
1186 2290 1261 2362 eiua
1288 2291 1493 2362 aestimatur
1519 2291 1564 2362 ad
1591 2291 1801 2382 quatuorde-

247 2410 314 2481 cim
349 2424 503 2498 marcas3
539 2409 686 2480 taberna
721 2413 836 2480 summ
872 2409 916 2481 ad
943 2411 1233 2500 praebendarium
1259 2416 1438 2501 spectans,
1465 2411 1571 2484 solvit
1597 2412 1710 2484 eidem
1735 2434 1800 2503 pro

246 2551 360 2604 annuo
397 2549 503 2602 censu
540 2549 644 2602 unam
671 2551 822 2602 marcam
849 2535 885 2603 et
910 2531 998 2602 nihil
1024 2531 1180 2621 laborat3
1207 2532 1291 2604 item
1318 2538 1374 2604 est
1400 2533 1437 2604 in
1464 2533 1586 2606 eadem
1612 2534 1697 2606 villa
1722 2555 1802 2625 pra·

245 2658 320 2724 tum
354 2673 461 2724 uuum
496 2652 594 2722 iuxta
628 2653 829 2742 tabernam,
856 2653 953 2724 cuius
980 2649 1176 2743 proprietas
1203 2653 1249 2724 ad
1274 2653 1563 2743 praebendarium
1590 2655 1796 2726 Sanctorum

244 2773 374 2864 Philipi
401 2779 437 2845 et
462 2773 587 2845 Jacobi
613 2773 650 2844 in
676 2773 878 2864 Kleparz
906 2775 1065 2864 pertinet,
1094 2775 1313 2864 quodannis
1340 2775 1485 2864 singulis
1511 2795 1577 2865 pro
1597 2796 1668 2846 una
1684 2795 1802 2846 marca

244 2893 452 2983 arendatur3
479 2893 563 2966 item
590 2900 673 2966 sunt
699 2895 748 2966 ibi
775 2895 1003 2985 hortulaniae‚
1030 2895 1092 2966 scd
1110 2901 1189 2967 'non
1215 2895 1347 2966 hahent
1372 2916 1485 2986 agros.

194 3008 197 3018 ’
347 3014 480 3086 Hortus
507 3015 544 3086 in
570 3014 803 3107 Klycparz
835 3021 931 3087 retro
959 3015 1138 3087 ecclesiam
1166 3021 1203 3087 et
1229 3015 1274 3087 ad
1300 3016 1553 3106 proprietatem
1579 3014 1799 3106 praebendae

244 3135 451 3208 Sanctorum
475 3135 606 3227 Philipi
632 3142 669 3208 et
694 3134 819 3208 Jacobi
844 3135 1032 3228 pertinens,
1059 3137 1152 3208 circa
1178 3157 1280 3227 quem
1306 3142 1343 3208 et
1368 3136 1490 3208 domus
1517 3141 1581 3227 est,
1599 3142 1636 3208 et
1654 3136 1801 3209 arenda·

242 3263 304 3331 tur
330 3258 508 3331 annuatim
533 3279 597 3349 pro
624 3278 695 3330 una
720 3277 845 3331 marca.

348 3378 444 3451 Area
478 3379 515 3449 in
543 3377 671 3450 circulo
698 3378 932 3470 Klyeparz
959 3400 1069 3470 usque
1095 3378 1141 3457 ad
1167 3379 1347 3451 ecclesiam
1373 3378 1579 3451 Sanctorum
1605 3378 1736 3470 Philipi
1763 3386 1801 3452 et

122 3590 124 3597 y
240 3499 368 3572 Jacobi
393 3500 526 3590 postico
552 3505 724 3590 porrecta,
750 3500 786 3571 in
815 3521 883 3591 qua
909 3499 1040 3591 domus,
1068 3500 1111 3571 de
1130 3521 1199 3590 qua
1216 3500 1471 3591 praehendario
1490 3499 1698 3573 Sanctorum
1715 3500 1799 3572 Phi-

240 3622 307 3711 lipi
333 3626 369 3693 et
393 3621 518 3693 Jacobi
552 3621 776 3694 solvebantur
811 3642 874 3712 pro
902 3644 1016 3694 annuo
1044 3642 1150 3693 censu
1176 3627 1325 3713 quatuor
1352 3642 1500 3693 marcae.
1533 3620 1650 3693 Onera
1676 3627 1794 3693 autem

241 3743 421 3835 praefatae
454 3743 672 3833 praebendae
699 3748 781 3815 sunt
805 3743 895 3817 duae
922 3744 1067 3832 missae,
1093 3742 1239 3832 singulis
1266 3743 1469 3832 septimanis
1496 3763 1558 3832 per
1585 3742 1800 3831 praebenda·
1947 3760 1952 3769 ·

179 3944 180 3949 ,
239 3866 335 3937 rium
360 3863 563 3955 implendae,
589 3885 660 3935 una
685 3885 749 3955 pro
776 3864 935 3954 peccatis,
963 3863 1075 3935 altera
1101 3884 1166 3953 pro
1193 3861 1376 3933 defunctis.

351 3985 606 4058 Monasterium
633 3984 781 4057 Sanctae
799 3984 935 4057 Mariae
953 3984 990 4057 in
1008 3983 1171 4073 Arena,
1190 3989 1425 4055 extramuros
1443 3982 1689 4055 Gracorienscs
1708 3982 1801 4055 ordi-

240 4100 301 4180 nis
337 4105 621 4198 Carmelitarum,
649 4106 742 4198 quod
776 4107 812 4177 in
847 4110 1005 4197 segestro
1041 4104 1332 4179 monasteriorum
1367 4124 1445 4177 cum
1471 4105 1546 4175 eius
1572 4104 1800 4195 proventibus

241 4228 503 4319 descripsimus.
1913 4202 1919 4218 ’

350 4349 508 4422 Ecclesia
543 4348 690 4421 Sanctae
726 4346 846 4422 Crucis
883 4348 957 4421 sive
983 4340 1154 4441 passionis
1181 4345 1443 4439 assecurari,
1469 4348 1642 4439 regularis
1668 4347 1801 4420 ordinis

241 4472 367 4545 Sancti
392 4470 572 4543 Benedicti
599 4471 635 4541 in
660 4470 876 4561 Kleparz.

351 4590 509 4665 Ecclesia
535 4590 654 4664 Sancti
681 4591 817 4663 Nicolai
843 4596 945 4664 extra
980 4612 1098 4665 muros
1125 4590 1393 4685 Gracopienses‚
1420 4590 1517 4663 cuius
1544 4591 1713 4681 plebanus
1738 4587 1800 4661 Jo-

238 4716 378 4787 hannes
418 4714 461 4785 de
500 4712 839 4804 Oszwyanczim
879 4713 1098 4785 decretorum
1137 4673 1278 4802 noodr,
1324 4712 1422 4783 cuins
1462 4712 1724 4803 iuspatronatus
1764 4717 1801 4781 et

240 4834 491 4928 praesentandi
524 4856 567 4907 ex
601 4834 726 4925 priscis
762 4840 798 4907 et
833 4835 985 4927 antiquis
1021 4835 1238 4924 temporibus
1273 4833 1375 4924 pleno
1402 4833 1479 4904 iure
1505 4831 1550 4903 ad
1576 4832 1738 4903 abbatem
1765 4836 1801 4902 et
1894 4829 1899 4837 ’

241 4961 454 5031 conventum
480 4955 524 5029 de
564 4955 797 5048 Thyniecz
824 4958 1037 5047 pertinebat,
1064 4977 1156 5028 anno
1194 4960 1310 5027 tanmn
1345 4954 1486 5027 Domini
1526 4954 1624 5025 1400
1652 5006 1800 5023 .....

241 5079 288 5151 de
328 5078 470 5169 speciali
510 5099 679 5151 consensu
714 5084 751 5151 et
785 5079 973 5151 annuentis
1008 5077 1146 5150 abbatis
1182 5082 1220 5149 et
1254 5080 1442 5148 conventus
1478 5075 1521 5147 de
1558 5073 1801 5165 Thyniecz,

239 5199 384 5273 collatio
420 5204 456 5271 et
485 5199 747 5290 iuspatronatus
783 5200 896 5273 dictae
931 5199 1096 5274 ecclesiae
1132 5198 1170 5269 in
1204 5196 1387 5287 collegium
1413 5196 1617 5267 artistarum
1643 5194 1797 5267 transhu-

241 5342 334 5410 sum,
361 5324 397 5391 et
422 5320 539 5393 domui
565 5320 617 5395 illi
643 5326 680 5393 et
706 5321 851 5413 collegio
878 5321 1014 5393 unitum
1041 5324 1077 5391 et
1102 5320 1369 5408 incorporatum·
1387 5322 1451 5389 cst
1477 5315 1642 5408 Magistri
1664 5338 1800 5408 quoque

240 5448 280 5516 et
308 5440 470 5514 doctores
497 5441 634 5534 collegii
659 5442 752 5515 illius
779 5441 823 5513 ad
851 5441 980 5513 dictam
1006 5439 1186 5513 ecclesiam
1212 5443 1455 5531 praesentant3
1490 5435 1657 5530 plebanus
1683 5443 1826 5511 autem*

240 5564 363 5635 dictae
388 5562 554 5635 ecclesiae
580 5564 689 5635 hahet
715 5584 779 5654 pro
807 5562 888 5634 dote
915 5582 978 5635 sua
1000 5562 1135 5653 ‚curiam
1163 5560 1329 5651 optimam
1355 5565 1391 5633 ct
1417 5560 1565 5651 amplam
1592 5580 1669 5632 cum
1696 5560 1801 5651 pisci-

238 5685 328 5787 nula
356 5690 392 5758 et
417 5685 588 5778 pomerio,
615 5686 699 5760 item
725 5684 854 5762 oblatio
881 5683 1026 5779 singulis
1053 5683 1154 5777 annis
1181 5681 1480 5777 ecclesiaram,
1507 5682 1665 5756 extendit
1689 5702 1728 5755 se
1755 5680 1801 5754 ad
