4550 6600
390 1106 664 1223 ,Suburbium
697 1113 741 1189 et
775 1107 949 1190 Praedla
984 1110 1024 1189 in
1056 1107 1212 1215 oppido
1244 1109 1589 1195 Saudcmirlensl.

168 1362 172 1369 ·
315 1346 568 1437 hommem,
603 1346 687 1453 villa
713 1348 778 1421 suh
804 1349 970 1439 parochia
1004 1349 1171 1423 ecclesiae
1190 1404 1305 1421 .....
1331 1351 1419 1441 sita,
1454 1352 1553 1423 cuius
1578 1354 1776 1444 proprietas

219 1476 255 1543 et
281 1470 471 1541 dominium
506 1470 660 1559 pertinet
693 1470 739 1541 ad
771 1470 1007 1561 episcopatum
1042 1470 1315 1544 Graaorieusem.
1351 1472 1392 1544 ln
1419 1492 1489 1564 qua
1523 1478 1607 1546 sunt
1639 1471 1803 1565 septena¹

220 1592 310 1663 lanei
329 1590 590 1681 amathonales,
616 1590 660 1663 de
687 1591 812 1682 quihus
847 1588 1007 1665 omnibus
1042 1593 1192 1665 solvitur
1217 1598 1255 1665 et
1279 1592 1484 1667 conducitur
1508 1595 1643 1667 decima
1667 1598 1777 1669 mani-

220 1713 353 1805 pularis
379 1718 417 1785 et
443 1712 620 1803 canapalis
656 1694 720 1804 pro
747 1711 891 1785 ecclesia
917 1712 950 1785 S.
977 1713 1073 1785 Petri
1100 1716 1136 1785 in
1163 1714 1481 1803 Sandomiria‚
1512 1722 1549 1788 et
1574 1717 1674 1790 valor
1699 1719 1776 1791 eius
1869 1756 1900 1815 ',

220 1837 425 1909 aestimatur
451 1835 496 1906 ad
522 1834 641 1907 decem
667 1854 810 1907 marcas.
846 1836 933 1907 Item
960 1836 996 1907 in
1023 1835 1144 1908 eadem
1171 1836 1255 1909 villa
1280 1837 1470 1933 episcopali
1499 1836 1775 1931 Loyowicze

220 1958 326 2029 hehet
353 1956 500 2029 ecelesia
525 1956 643 2029 Sancti
669 1956 767 2029 Petri
786 1957 962 2047 propriam
980 1958 1164 2030 tabernam
1189 1958 1353 2048 liberam,
1379 1958 1423 2031 de
1449 1959 1602 2049 quesibi
1629 1959 1777 2032 solvitur

222 2100 343 2151 census
363 2134 371 2149 .
389 2134 397 2149 .
416 2133 450 2149 ..
477 2084 514 2150 et
540 2077 725 2151 decima..
744 2101 797 2167 ..;
823 2078 906 2149 item
933 2100 1002 2151 nou
1028 2084 1084 2151 est
1110 2078 1294 2153 iueadem
1321 2079 1405 2151 villa
1430 2080 1619 2170 praedium.

322 2200 535 2290 Mrncznm,
570 2199 655 2271 villa
680 2200 745 2271 suh
772 2200 940 2290 parochia
973 2200 1142 2274 eeclesiae
1168 2200 1212 2272 de
1238 2198 1366 2273 Sancto
1397 2200 1507 2273 Paulo
1532 2207 1776 2274 extramuros

160 2385 164 2393 .
222 2322 520 2396 Sandomirieuses
547 2324 634 2412 sita,
669 2322 766 2395 cuius
801 2321 1000 2413 proprietas
1027 2327 1064 2393 et
1090 2321 1280 2393 dominium
1305 2321 1352 2393 ad
1377 2322 1615 2413 episcopatum
1650 2321 1776 2395 Gracc·

222 2446 374 2517 vieusem
400 2444 562 2535 pertinet.
598 2444 638 2514 In
666 2449 843 2534 quaeunt
869 2448 1003 2533 septem
1030 2443 1122 2515 lanei
1149 2443 1402 2534 amethonales,
1427 2445 1512 2515 item
1538 2443 1628 2517 dnae
1654 2445 1776 2516 hortu-

224 2567 335 2638 laniae
372 2566 542 2637 hahentes
573 2556 710 2659 agros,¹
729 2564 772 2635 de
798 2564 924 2656 quibus
960 2565 1119 2637 omnihus
1136 2565 1304 2637 'solvitur
1338 2570 1376 2637 et
1399 2564 1607 2637 conducitur
1641 2565 1777 2638 decima

223 2686 447 2777 manipularis
481 2690 518 2757 et
543 2686 720 2777 canapalis
751 2706 815 2777 pro
851 2685 998 2757 ecclesia
1032 2685 1150 2758 Sancti
1184 2685 1282 2757 Petri
1315 2687 1354 2757 in
1388 2686 1705 2777 Sandomiria,
1740 2690 1777 2757 et

222 2809 318 2880 valor
343 2806 421 2879 eius
447 2808 653 2879 aestimatur
680 2806 724 2878 ad
751 2806 870 2878 decern
904 2826 1057 2897 mareas,
1092 2808 1178 2878 item
1207 2820 1278 2879 non
1304 2811 1359 2879 est
1384 2806 1563 2897 praedium
1590 2807 1627 2877 in
1653 2807 1776 2879 eadem

125 2968 126 2977 κ
224 2930 312 3021 villa,
338 2922 454 3020 neque
479 2929 635 3000 taberna.

322 3044 575 3138 Msozrnrow,
611 3049 696 3121 uilla
722 3050 787 3121 suh
822 3050 988 3140 parochia
1019 3036 1138 3124 Sancti
1171 3048 1270 3121 Petri
1296 3048 1341 3121 de
1367 3048 1664 3121 Sanioruiria
1696 3050 1777 3141 sita,

225 3176 318 3246 cuius
353 3171 667 3244 haeres’Jacohus
703 3171 746 3243 de
772 3170 1132 3262 Konyeczpolye
1158 3169 1203 3242 de
1230 3170 1338 3241 armis
1373 3168 1596 3241 Pobodze.
1639 3170 1681 3241 In
1708 3190 1779 3261 qna
1885 3224 1888 3229 -
2008 3211 2011 3224 ·

225 3303 303 3368 suut
328 3295 423 3367 lanei
450 3292 701 3384 amethouales,
737 3294 820 3364 item
846 3292 1041 3384 hortulani,
1068 3293 1154 3366 item
1180 3292 1366 3383 tabernae,
1392 3291 1437 3365 de
1464 3291 1590 3384 quihus
1616 3293 1799 3366 omnihus·

226 3419 371 3490 solvitur
396 3421 433 3488 et
459 3415 664 3488 conducitur
698 3415 831 3487 decime
865 3415 1092 3506 manipularis
1118 3419 1156 3486 et
1182 3414 1359 3506 canapalis
1393 3435 1458 3505 pro
1484 3414 1636 3487 ecclesia
1658 3413 1778 3486 Sancti

226 3537 319 3612 Petri
345 3539 391 3610 de
417 3536 732 3626 Sandomiria‚
768 3541 805 3608 et
831 3537 931 3608 valor
957 3537 1031 3608 eius
1059 3537 1265 3608 aestimatur
1290 3536 1336 3608 ad
1362 3534 1484 3608 decena
1507 3555 1662 3625 marcas;
1693 3536 1778 3608 item

226 3681 325 3732 unum
352 3649 534 3751 praedium
560 3639 711 3730 militare
737 3659 775 3730 iu
801 3657 922 3730 eadem
949 3657 1040 3747 villa,
1068 3656 1161 3748 quod
1187 3656 1360 3728 decimat.
1384 3708 1391 3725 .
1411 3711 1445 3727 ..
1500 3677 1505 3690 ¹
1648 3695 1652 3700 -

324 3781 562 3870 Scurrnmnr,
589 3779 673 3852 villa
699 3780 764 3852 suh
791 3779 957 3870 parochia
983 3778 1149 3850 ecclesiae
1176 3778 1296 3850 Sancti
1321 3775 1421 3849 Petri
1447 3776 1490 3848 de
1519 3775 1779 3849 Sandomiria
1893 3842 1896 3853 .

229 3907 301 3994 sita,
328 3904 426 3975 cuius
453 3893 577 3974 haeres
596 3955 710 3971 .....
737 3901 778 3973 In
805 3921 874 3992 qna
892 3905 973 3971 sunt
990 3899 1082 3972 lanei
1109 3898 1351 3987 amethonules,
1377 3899 1463 3970 item
1487 3897 1666 3988 tahemae,
1693 3897 1779 3971 item

228 4025 451 4114 hortnlauiae,
478 4024 522 4096 de
540 4024 666 4114 quihus
684 4023 831 4096 solvitur
849 4027 885 4093 et
902 4021 1106 4124 conducitur
1123 4020 1258 4093 decima
1282 4018 1511 4110 manipularis
1537 4023 1575 4089 et
1601 4017 1777 4108 canapalis

228 4148 386 4219 ecclesiae
414 4145 605 4237 parochiali
622 4144 742 4216 Sancti
759 4142 856 4216 Petri
875 4144 911 4214 in
930 4141 1207 4232 Sandomiria,
1233 4145 1270 4213 et
1288 4140 1387 4214 valor
1405 4141 1479 4212 eius
1497 4141 1777 4212 aestimatur...

325 4256 589 4357 Snowrnsmu,
617 4265 700 4338 villa
718 4266 782 4338 suh
801 4265 965 4356 parochia
991 4264 1156 4336 ecclesiae
1173 4263 1217 4335 de
1235 4261 1548 4354 Zalpesziany
1575 4261 1652 4349 sita,
1679 4260 1778 4331 cuins

228 4390 346 4462 haeres
372 4389 565 4461 Mroczek
592 4386 719 4459 nobilis
746 4385 910 4458 dedomo
933 4390 973 4466 et
999 4385 1130 4458 familia
1149 4440 1156 4454 .
1172 4407 1183 4453 ⁴.
1202 4439 1210 4454 .
1230 4439 1264 4454 ..
1291 4384 1331 4455 In
1360 4401 1429 4473 qua
1455 4386 1538 4454 suut
1562 4381 1655 4452 lanei
1685 4400 1780 4452 cure-
1917 4469 1922 4478 Ι

230 4509 401 4601 thanaim,
428 4511 512 4583 item
547 4509 714 4582 tahemae
750 4529 819 4579 uon
854 4512 954 4597 sunt,
994 4508 1077 4578 item
1112 4504 1352 4593 hortnlauiae,
1387 4502 1584 4594 dequibus
1619 4500 1780 4574 omnihus

231 4631 375 4706 solvitur
401 4637 438 4705 et
464 4630 668 4704 conducitur
702 4629 836 4702 decima
870 4629 1095 4720 manipularis
1121 4633 1159 4699 et
1185 4625 1360 4717 canapalis
1387 4645 1450 4715 pro
1478 4623 1625 4696 eeclesia
1658 4621 1777 4694 Sancti
1907 4693 1910 4700 ,

232 4751 322 4825 Petri
348 4755 384 4825 in
411 4752 728 4841 Saudo-miris,
755 4755 792 4823 et
817 4751 916 4824 valor
942 4751 1018 4822 eins
1044 4749 1251 4822 aestimatur
1276 4747 1323 4818 ad
1336 4800 1348 4817 ,.
1367 4801 1375 4816 .
1394 4799 1404 4841 ‚
1422 4799 1456 4815 ..
1482 4745 1572 4818 Item
1597 4743 1780 4835 praedium

194 4893 330 4946 unum
355 4875 525 4966 militare,
560 4875 604 4947 de
631 4895 699 4965 quo
737 4872 885 4949 solvitur
919 4871 1052 4944 decima
1086 4869 1314 4960 manipularis
1340 4872 1378 4938 et
1403 4865 1580 4957 canapalis
1615 4863 1781 4936 ecelesiae

233 4997 417 5084 parochiali
453 4995 573 5097 &nati
607 4995 705 5067 Petri
732 4994 775 5066 de
802 4993 1115 5081 Sandomiria‚
1151 5011 1221 5062 uno
1252 5009 1338 5061 arro
1364 5008 1427 5061 seu
1453 5007 1574 5077 campo
1611 4984 1809 5077 praediali-

233 5117 353 5189 nobilis
377 5117 613 5207 Mroczelr,
632 5117 730 5187 iuxta
747 5115 888 5189 fluvium
908 5113 1023 5186 Szan
1041 5111 1254 5185 consistente
1267 5113 1429 5200 excepto,
1448 5107 1571 5198 dequo
1590 5089 1784 5179 decimatur

234 5237 390 5311 eeclesiae
416 5240 452 5310 in
478 5239 812 5331 Zalyeszyany.

330 5351 590 5433 Sunneuoczm
614 5359 709 5450 ¹uilla
742 5359 807 5432 suh
842 5356 1010 5450 parochia
1045 5353 1213 5428 ecclesiae
1247 5349 1291 5426 de
1316 5351 1530 5442 Wrzawy
1561 5348 1657 5443 sita„
1684 5346 1782 5442 cuius

235 5478 350 5553 haeres
376 5481 553 5554 Johannes
581 5471 833 5572 Chamyecn
869 5476 995 5550 nobilis
1022 5475 1065 5548 de
1091 5474 1194 5546 domo
1220 5479 1258 5546 et
1281 5472 1413 5545 familia
1439 5467 1712 5544 Gruliouum.
1738 5467 1781 5539 ln

236 5593 300 5690 qua'
323 5609 402 5674 sunt
428 5603 520 5681 lanei
546 5601 799 5692 emethoualesg
826 5600 911 5674 item
937 5597 1118 5690 praedium
1145 5615 1222 5668 cum
1248 5595 1361 5687 agris,
1396 5593 1440 5668 de
1467 5591 1593 5718 quihus
1614 5589 1778 5714 ompihna

334 5889 380 5933 lui).
393 5889 490 5933 muodo.
503 5891 534 5934 ΙΙ.
1164 5933 1169 5936 .
1577 5860 1616 5913 ⁴⁰
