4550 6600
517 743 590 825 382

515 960 551 1033 in
577 958 601 1031 J
606 962 744 1053 anina,
776 967 813 1033 et
838 958 938 1035 valor
964 960 1038 1035 eius
1066 962 1242 1037 adunam
1268 986 1434 1058 marcam,
1476 974 1619 1059 etpost
1652 988 1757 1041 unum
1785 988 1939 1062 campum
1963 971 2056 1046 iuxta

515 1082 616 1173 viam,
644 1103 732 1175 quac
758 1082 854 1155 ducit
880 1086 916 1155 in
943 1084 1215 1159 Widuchowa.
1240 1143 1353 1160 .....

619 1202 945 1296 Gonunczowrczu,
973 1207 1056 1278 villa
1075 1208 1140 1279 sub
1158 1212 1323 1299 parochia
1350 1211 1394 1283 de
1419 1211 1443 1284 J
1447 1213 1582 1302 anina,
1610 1213 1706 1283 cuius
1732 1212 1910 1284 haeredes:
1935 1212 2061 1285 Johan·

514 1344 575 1396 nes
602 1330 642 1396 ct
666 1324 816 1397 Thomas
843 1325 1172 1417 Kolyaczowsczi
1192 1331 1235 1401 de
1253 1335 1359 1403 armis
1376 1332 1589 1404 Janina...
1617 1333 1658 1403 ln
1676 1354 1745 1424 qua
1762 1338 1845 1405 sunt
1862 1334 1954 1404 lanei
1980 1354 2065 1405 cmc

513 1446 692 1536 thonales,
719 1446 762 1517 dc
790 1447 914 1537 quibus
941 1448 1089 1520 solvitur
1116 1455 1154 1521 et
1179 1452 1383 1524 conducitur
1410 1453 1544 1525 decima
1578 1454 1805 1543 manipularis
1832 1460 1870 1525 ct
1896 1455 2067 1545 cauapalis

514 1587 578 1657 pro
607 1568 753 1641 ecclesia
779 1569 814 1639 in
841 1567 1119 1660 Daleschicze,
1147 1578 1184 1643 et
1211 1573 1309 1644 valor
1335 1575 1410 1645 eius
1436 1576 1642 1647 aestimatur
1668 1574 1713 1645 ad
1730 1595 1792 1646 sex
1811 1595 1958 1645 marcas.
1983 1575 2069 1645 Item

513 1689 656 1779 praedia
681 1690 751 1761 tria
776 1690 951 1782 militaria,
979 1693 1022 1764 de
1050 1694 1175 1784 quibus
1210 1695 1358 1766 solvitur
1384 1701 1422 1766 et
1446 1695 1649 1767 conducitur
1683 1696 1819 1767 decima
1843 1696 2069 1786 manipularis

514 1814 550 1881 ct
577 1811 751 1902 canapalis
778 1832 841 1901 pro
869 1814 1014 1885 ecclesie
1041 1816 1076 1885 in
1103 1813 1127 1885 J
1137 1817 1291 1906 anina,
1328 1820 1364 1887 et
1389 1817 1488 1889 valor
1514 1818 1589 1889 eius
1616 1818 1823 1889 aestimatur
1849 1817 1894 1887 ad
1924 1823 2070 1907 quatuor

514 1952 658 2007 marcas.

617 2054 731 2128 Villae
763 2057 998 2146 parochiales:
1029 2057 1193 2149 Jauina,
1225 2058 1491 2149 uusszlinow,
1526 2060 1766 2150 Strzalh‘ow,
1798 2058 1972 2150 Karszy‚
2002 2060 2071 2130 Ba-

514 2175 637 2266 licze,
677 2176 862 2267 Zawada,
902 2176 1124 2271 Polyanhy,
1164 2179 1342 2272 Kothhy,
1384 2180 1665 2271 Widuchowa,
1705 2180 2071 2273 Myedzigorzicze,

515 2296 746 2390 Scithniky,
773 2299 954 2391 Zirnihy,
987 2299 1331 2390 Kolyaczowicze.

934 2562 1179 2645 Praebenda
1214 2568 1253 2645 ln
1287 2564 1440 2647 chalal
1476 2565 1656 2646 Militari.

620 2781 771 2855 Gerousa
798 2782 1012 2877 Mmmnrus,
1039 2786 1123 2858 villa
1141 2806 1229 2878 quae
1247 2787 1335 2858 alias
1357 2788 1529 2859 vocitatur
1545 2786 1664 2857 Zunm
1690 2785 1854 2876 Gnoses,
1882 2787 1950 2857 sub
1975 2804 2069 2877 paro

514 2902 592 2973 chia
619 2902 661 2974 de
688 2904 841 2977 Busho
869 2906 946 2977 sita.
986 2906 1026 2977 Iu
1055 2928 1123 2997 qua
1150 2912 1204 2979 cst
1230 2908 1377 2979 ccclesia
1403 2908 1478 2979 sive
1504 2910 1713 2999 oratorium,
1739 2906 1871 2979 Sancto
1898 2906 2066 2978 Stanislao

514 3025 659 3114 martyri
686 3024 848 3117 dicatum,
875 3028 912 3097 iu
941 3048 1008 3119 quo
1037 3028 1238 3117 praebenda
1263 3029 1392 3100 nullam
1420 3029 1553 3100 habeus
1580 3050 1699 3101 curam
1726 3028 1939 3124 animarum..
1967 3027 2068 3117 Quam

516 3143 636 3217 Vittus
664 3145 841 3219 Ploccnsis
869 3149 1069 3240 episcopus,
1104 3151 1307 3222 monasterii
1334 3152 1370 3220 in
1397 3151 1580 3222 Buszko
1605 3152 1779 3242 fundator,
1805 3172 1849 3222 ex
1877 3171 1941 3223 suo
1967 3151 2069 3239 patri·

515 3266 629 3337 monio
657 3265 820 3341 fundator
846 3270 1041 3360 primarius,
1068 3271 1194 3344 nobilis
1221 3272 1392 3344 dedomo
1419 3272 1442 3344 J
1452 3273 1609 3364 anina,
1644 3274 1689 3346 ob
1715 3272 1885 3364 pietatem
1914 3273 1951 3343 in
1977 3272 2068 3362 geni·

513 3385 636 3458 tricem
655 3407 822 3480 suam...,
850 3397 889 3462 ut
906 3391 1053 3491 haberet
1073 3393 1207 3485 locum,
1233 3395 1270 3464 in
1290 3416 1358 3486 quo
1376 3415 1512 3467 sacrum
1531 3395 1676 3486 audiret,
1704 3417 1781 3466 cum
1798 3395 2002 3486 grandaeva
2026 3395 2067 3466 ob

520 3510 651 3581 senium
670 3512 869 3601 parochiam
896 3514 932 3584 in
951 3515 1134 3587 Buszko
1163 3516 1260 3589 adire
1277 3537 1346 3590 non
1364 3523 1493 3609 posset,
1519 3516 1689 3608 fundauit,
1715 3521 1751 3589 ct
1769 3517 1908 3591 dotavit
1933 3517 2069 3588 decimis

421 3643 424 3654 ·
512 3628 742 3724 infrascriptis
769 3636 1049 3727 manipularibus.
1633 3623 1641 3636 ’

617 3753 769 3827 Oricum
796 3757 999 3832 Mrnruams
1026 3759 1112 3832 alias
1149 3757 1285 3850 Zunm,
1320 3781 1384 3851 pro
1411 3781 1481 3832 una
1508 3762 1561 3832 sui
1588 3761 1791 3852 medietate,
1826 3760 1954 3834 fluuius
1980 3760 2067 3830 euim

514 3873 659 3950 Chotcl
687 3877 832 3969 sulphur
857 3880 1019 3954 redolens
1046 3901 1121 3953 eam
1150 3881 1312 3971 dissecat,
1346 3882 1391 3952 ad
1417 3881 1623 3954 decanatum
1636 3881 1968 3954 'Sandomiricnsem
1993 3901 2069 3971 pcr-

513 3997 620 4087 tiuet;
659 4000 694 4069 in
723 4021 791 4092 qua
818 4007 899 4072 sunt
934 4010 1066 4094 septem
1102 4003 1194 4074 lanei
1229 4003 1481 4094 cmethonales,
1516 4004 1560 4075 de
1596 4005 1721 4095 quibus
1756 4003 1908 4091 solvitur
1941 4001 2070 4073 decima

514 4119 740 4208 manipularis
767 4126 804 4192 et
830 4124 1007 4214 canapalis
1043 4145 1107 4214 pro
1144 4124 1332 4215 decanatu,
1368 4131 1405 4196 ct
1430 4126 1529 4197 valor
1556 4126 1630 4199 cius
1667 4127 1875 4198 aestimatur
1910 4124 1957 4195 ad
1993 4130 2070 4196 octo

512 4258 661 4329 marcas;
688 4241 867 4331 praedium
894 4249 1060 4336 nonest,
1088 4266 1200 4336 neque
1226 4248 1392 4337 taberna,
1419 4267 1530 4338 neque
1556 4247 1766 4319 hortulanis„
1803 4247 1931 4318 Altera
1956 4251 2072 4317 autem

513 4359 679 4464 medietas
706 4364 860 4454 pertinet
878 4364 922 4436 ad
941 4364 1152 4439 Clementem
1179 4374 1216 4438 at
1241 4366 1386 4438 Petrum
1412 4367 1523 4440 dictos
1550 4367 1846 4462 Korzyensczi,
1874 4367 1919 4438 de
1944 4367 2073 4438 familia

512 4479 766 4576 Streparum,
795 4487 853 4578 qui
886 4493 967 4560 sunt
994 4489 1087 4561 unici
1118 4489 1303 4561 collatores
1330 4490 1424 4559 illins
1449 4491 1679 4580 praebendae;
1710 4492 1747 4562 in
1774 4510 1845 4582 qna
1871 4493 1958 4563 suut
1983 4489 2072 4560 lanei

243 4657 250 4666 -
369 4687 374 4696 ¹
514 4589 749 4680 cmethonales
776 4615 813 4680 et
838 4609 1053 4700 praedialcs,
1079 4611 1165 4682 item
1192 4611 1372 4702 praedium
1399 4633 1506 4682 unum
1532 4613 1684 4684 militare
1710 4611 1849 4703 bonum,
1878 4612 1924 4683 de
1951 4611 2073 4702 quibus

512 4732 689 4823 omnibus,
727 4731 873 4804 solvitur
899 4738 935 4804 et
963 4732 1167 4805 conducitur
1198 4733 1333 4805 decima
1358 4734 1583 4824 manipularis
1611 4741 1648 4806 et
1673 4735 1853 4825 canapalis
1880 4753 1947 4824 pro
1975 4752 2073 4823 prae

511 4851 626 4926 banda
652 4852 810 4944 praelata
835 4854 872 4924 iu
900 4853 1086 4944 Chotel,
1124 4861 1161 4926 et
1186 4855 1286 4926 valor
1312 4855 1387 4924 eius
1414 4854 1458 4924 ad
1484 4854 1666 4926 duodecim
1692 4875 1830 4927 marcas
1858 4855 2073 4939 aestimatur,

409 5040 412 5046 .
509 4973 593 5047 item
619 4975 782 5067 lahama,
818 4977 900 5047 item
928 4975 1118 5064 hortulani3
1154 4977 1237 5047 item
1262 4976 1369 5048 habet
1404 4974 1524 5046 cadem
1551 4977 1752 5066 praebenda
1786 4977 1920 5049 ibidem
1947 4996 2068 5067 socrum

511 5097 657 5168 liberum
685 5117 749 5188 pro
776 5097 919 5187 praedio
946 5117 1018 5187 suo,
1046 5097 1128 5168 item
1157 5098 1325 5186 piscinam
1350 5116 1463 5188 unarn,
1491 5098 1573 5167 item
1600 5102 1740 5187 pratum
1767 5104 1803 5170 et
1829 5119 1972 5190 gayum,
1999 5117 2073 5168 cnm

512 5217 647 5290 duobus
673 5217 796 5288 hortis.

617 5335 843 5428 Gosrnurur,
884 5336 968 5407 villa
995 5337 1059 5408 sub
1086 5337 1256 5427 parochia
1281 5337 1400 5416 Sancti
1427 5339 1610 5410 Laurentii
1641 5346 1894 5414 extramuros
1923 5341 2073 5414 Wislici-

511 5477 611 5529 enses
639 5459 725 5548 sita,
766 5459 865 5530 cuius
892 5459 1089 5548 proprietas
1116 5457 1161 5528 ad
1188 5459 1445 5530 serenissimum
1472 5461 1636 5532 Poloniae
1663 5483 1782 5552 regem
1822 5466 1994 5555 pertinet.
2037 5464 2074 5534 ln

508 5597 576 5666 qua
603 5583 685 5648 suunt
713 5578 910 5667 quindecim
947 5578 1038 5650 lanei
1076 5577 1330 5662 cmethonaleS,
1368 5578 1453 5645 item
1479 5559 1569 5651 duae
1589 5583 1806 5677 advocatiae
1835 5585 2073 5673 Vislicieusea

512 5697 596 5766 item
625 5697 773 5766 taberna
800 5697 972 5784 advocati,
999 5717 1068 5766 non
1086 5697 1219 5766 habens
1247 5713 1359 5780 agnou,
1385 5694 1429 5762 de
1448 5697 1572 5784 quibus
1591 5705 1750 5776 omnibus
1769 5705 1926 5778 solvitur
1943 5713 1983 5779 ct
1999 5727 2076 5778 con-
