4550 6600
483 750 557 823 248

481 976 568 1029 vero
592 955 735 1028 alterius
770 954 968 1046 proprietas
1003 954 1155 1044 pertinet
1191 951 1235 1025 ad
1267 948 1461 1027 iohannem
1489 951 1599 1025 Amor
1634 949 1917 1038 l'haroowsk
1929 976 1950 1043 y
1988 952 2031 1023 de

482 1079 587 1149 amnis
613 1076 808 1167 Lelywa.
1377 1148 1385 1157 ,

584 1180 920 1269 anosruuowsun
949 1196 1113 1284 Wonm,
1150 1196 1234 1268 villa
1260 1197 1325 1268 sub
1360 1196 1527 1286 parochia
1561 1194 1606 1267 (le
1642 1194 1911 1267 Brzostbek
1947 1196 2036 1284 sita,

481 1319 578 1391 cuius
605 1316 800 1409 proprietas
828 1318 873 1389 ad
899 1317 1147 1391 monasterium
1172 1317 1395 1408 Thynczense
1421 1318 1583 1407 pertinet.
1609 1317 1648 1387 Iu
1669 1336 1738 1407 qua
1754 1316 1835 1387 sunt
1852 1316 1943 1387 lanei
1962 1322 2037 1385 tres

479 1440 722 1529 cmethonales‚
750 1445 785 1510 et
812 1460 873 1509 sex
899 1439 1017 1529 virgae
1036 1457 1112 1509 cum
1139 1437 1263 1527 media,
1289 1437 1477 1529 dequibus
1495 1438 1641 1509 solvitur
1667 1438 1849 1524 decima...;
1875 1438 1959 1509 item
1979 1442 2032 1507 est

481 1562 529 1631 ibi
556 1560 729 1650 scoltetus,
752 1538 888 1631 'babens
915 1560 1002 1631 duos
1029 1559 1158 1650 lancea,
1185 1558 1228 1629 de
1257 1559 1382 1648 quibus
1407 1558 1554 1629 decimat
1553 1610 1621 1629 ........

585 1680 732 1753 Woura
759 1682 851 1752 circa
878 1682 1120 1773 summum,
1158 1680 1241 1751 villa
1276 1680 1341 1752 sub
1375 1679 1543 1769 parocbia
1577 1680 1621 1751 de
1657 1679 1924 1751 Brzosthek
1960 1679 2038 1765 sita,

481 1805 579 1875 cuius
615 1803 811 1893 proprietas
839 1802 883 1873 ad
910 1802 1158 1875 monasterium
1186 1801 1408 1891 Tbynczenso
1444 1802 1606 1890 pertinet.
1649 1801 1690 1871 In
1722 1822 1791 1891 qua
1827 1809 1911 1872 suot
1944 1801 2039 1870 lanei

481 1924 722 2014 cmethonaleS‚
751 1924 793 1995 de
821 1924 955 2015 quibus
972 1923 1119 1995 solvitur
1146 1922 1280 1993 decima
1298 1976 1412 1991 .....
1451 1922 1538 1993 Item
1565 1928 1620 1994 est
1645 1922 1695 1993 ibi
1713 1922 1876 1994 scoltetia
1902 1922 2039 1993 habeus

481 2045 567 2117 duos
594 2045 723 2134 laneos,
750 2044 793 2116 de
821 2044 945 2135 quibus
973 2044 1077 2115 solvit
1104 2043 1338 2115 decimam....-
1617 2036 1626 2053 '

1017 2138 1025 2153 ⁸
1157 2164 1378 2237 Wnuzrczu.

585 2288 679 2361 Villa
713 2288 844 2361 habeus
881 2286 1058 2359 ecclesiam
1096 2286 1331 2377 parochialem
1367 2286 1516 2376 ligneam
1552 2286 1672 2375 inse,
1706 2286 1817 2357 Beato
1843 2284 2041 2357 Laurentio

482 2408 633 2500 Martyri
662 2410 828 2499 dicatam,
865 2409 961 2480 cuius
989 2408 1186 2498 proprietas
1213 2406 1258 2478 ad
1284 2407 1447 2478 abbatem
1474 2414 1511 2478 et
1537 2407 1783 2477 monasterium
1811 2407 2041 2497 Tbynezeuse

481 2532 642 2621 pertinet.
687 2532 728 2602 In
756 2550 823 2621 qua
850 2536 931 2601 sunt
965 2529 1111 2619 triginta
1147 2529 1239 2600 lanei
1267 2528 1516 2616 cmethorlaleS‚
1551 2535 1589 2598 et
1615 2548 1685 2599 una
1719 2509 1867 2599 taberna
1902 2529 2041 2599 babens

481 2671 593 2743 agros
621 2652 663 2723 de
690 2654 815 2743 quibus
843 2651 1002 2723 omnibus
1029 2650 1178 2722 solvitur
1204 2649 1338 2721 decima
1364 2649 1554 2740 pecunialis
1582 2670 1645 2737 pro
1672 2650 1884 2721 monasterio
1918 2648 2040 2739 Tiryn-

481 2774 612 2863 czensi‚
640 2795 702 2863 per
730 2794 791 2845 sex
817 2793 956 2863 grossos
984 2771 1174 2843 communis
1202 2770 1368 2861 pecuniae
1394 2770 1437 2840 de
1465 2771 1585 2858 laneo;
1620 2770 1703 2840 item
1730 2770 1892 2841 scoltetia
1918 2776 1974 2840 est
1999 2770 2041 2841 iu

481 2894 600 2965 eadem
629 2894 721 2985 villa,
748 2895 881 2966 habeus
908 2894 995 2965 duos
1022 2893 1141 2965 laneos
1168 2904 1350 2982 agrorum,
1377 2891 1420 2962 tle
1448 2892 1573 2981 quibus
1599 2890 1765 2962 ecclesiae
1794 2892 1829 2961 iu
1857 2890 2042 2980 Warzy·

481 3036 556 3085 czo
583 3018 718 3088 eteius
746 3016 893 3106 plebano
921 3014 1026 3086 solvit
1051 3014 1229 3102 decimam
1256 3013 1338 3084 item
1366 3013 1566 3085 emetboues
1592 3017 1628 3083 et
1654 3012 1787 3084 incolae
1814 3012 1916 3083 villae
1934 3032 2042 3102 prae-

481 3135 572 3206 latae
599 3137 739 3208 solvunt
765 3135 900 3207 ratione
926 3132 1078 3205 aracoeli-ae
1097 3190 1104 3204 .
1124 3188 1131 3205 .
1150 3190 1157 3204 .
1174 3158 1185 3204 ·.
1203 3189 1211 3205 .
1231 3190 1238 3204 .

585 3257 788 3347 Buuowrrs,
815 3256 898 3328 villa
916 3256 980 3328 sub
1000 3256 1165 3346 parocbia
1189 3256 1354 3328 ecclesiae
1382 3256 1427 3327 do
1453 3255 1703 3346 Warzycze
1730 3256 1809 3347 sita,
1836 3256 1935 3326 corius
1952 3275 2040 3346 pro-

365 3385 370 3392 “
481 3379 611 3469 prietas
639 3378 956 3460 armamentum
985 3378 1208 3469 Thynczense
1235 3380 1397 3468 pertinet.
1424 3379 1465 3448 ln
1484 3400 1553 3469 qua
1571 3385 1653 3450 sunt
1671 3379 1762 3448 lanei
1789 3379 2041 3465 cmetboualeS,

481 3501 524 3570 de
553 3500 678 3590 quibus
706 3500 854 3570 solvitur
881 3499 1013 3570 decima
1027 3553 1196 3570 .......
1222 3499 1311 3570 Item
1338 3500 1537 3571 emetlrones
1564 3498 1740 3589 praelatae
1768 3499 1871 3570 villae
1899 3499 2039 3568 ratione

481 3618 642 3711 arescam,
670 3621 835 3692 ecclesiae
864 3622 897 3692 io
926 3619 1175 3711 Warzycze
1202 3621 1341 3693 solvunt
1360 3675 1500 3690 ......

934 4275 953 4310 .
1054 4225 1226 4299 Seuerus
1253 4226 1462 4298 Sumanus.
1962 4303 1968 4316 ,

588 4345 682 4417 Villa
710 4347 842 4418 habens
868 4349 1047 4420 ecclesiam
1072 4348 1308 4438 parochialem
1336 4353 1506 4420 muratam
1533 4348 1568 4418 iu
1595 4369 1646 4437 se,
1673 4345 1801 4418 Sancto
1828 4345 2036 4418 Swirado

481 4467 567 4540 alias
594 4467 810 4539 Zorawdo
839 4469 999 4560 dicatam,
1026 4470 1128 4547 cuius*
1151 4471 1348 4560 proprietas
1375 4469 1538 4560 pertinet·
1553 4468 1598 4539 ml
1624 4468 1827 4558 plebanum:
1867 4468 2035 4568 ecclesiae

481 4595 593 4660 autem
622 4596 788 4680 patronus
807 4595 843 4660 et
861 4590 1009 4662 collator
1027 4597 1081 4662 est
1099 4591 1302 4662 Theodorus
1329 4590 1372 4661 de
1400 4590 1578 4681 Tropye
1605 4589 1649 4660 de
1676 4589 1777 4660 domo
1804 4587 1869 4659 An
1884 4591 2034 4679 tique-

396 4694 402 4702 *
481 4733 574 4782 rum
602 4711 843 4802 Equorum.
871 4712 909 4782 Iu
938 4733 1007 4802 qua
1034 4719 1115 4785 sunt
1142 4712 1233 4797 lanei
1260 4712 1504 4802 cmethonales‚
1531 4713 1615 4782 item
1641 4711 1764 4782 tabern
1780 4765 1895 4780 .....
1913 4765 1922 4800 ,
1948 4711 2032 4781 item

479 4833 655 4904 hortulani
670 4887 783 4904 .....
802 4889 810 4922 ,
837 4833 880 4905 de
908 4835 1032 4925 quibus
1059 4837 1218 4908 omuibus
1245 4834 1393 4906 solvitur
1419 4840 1454 4904 et
1480 4834 1684 4905 conducitur
1711 4832 1845 4903 decima
1872 4833 2032 4921 manipu-

396 5033 399 5040 ,
441 5011 448 5023 .
480 4955 564 5025 laris
590 4962 626 5026 et
653 4955 837 5046 panopolis,
864 4955 1029 5028 ecclesiae
1056 4964 1092 5028 et
1119 4957 1193 5028 eius
1218 4956 1368 5046 plebano
1395 4954 1522 5026 ibidem
1550 4954 1593 5024 do
1620 4954 1788 5025 Sancto
1815 4952 2032 5039 Swirad03

481 5077 563 5148 item
592 5076 738 5166 quilibet
764 5076 900 5147 emetho
928 5077 971 5147 de
989 5077 1089 5149 laueo
1117 5078 1223 5150 solvit
1249 5077 1397 5168 plebano
1425 5097 1489 5166 pro
1517 5096 1622 5146 censu
1641 5131 1649 5144 .
1668 5129 1675 5145 .
1694 5129 1702 5144 .
1722 5129 1730 5165 ,
1753 5075 1836 5163 item
1863 5073 2032 5170 plebanus
2094 5095 2098 5100 ·

481 5203 517 5268 et
543 5198 688 5270 ecclesia
724 5197 830 5269 babet
866 5198 913 5268 ibi
950 5200 1110 5288 proprios
1147 5219 1249 5288 agros
1287 5204 1323 5268 et
1358 5203 1460 5288 prata
1486 5203 1522 5267 et
1548 5216 1674 5286 pepon,
1710 5215 1774 5284 pro
1802 5215 1865 5264 suo
1903 5215 1968 5265 usu
1995 5200 2030 5264 et

483 5321 698 5390 necessitate.
1150 5385 1154 5392 .

586 5442 861 5531 Brszuuruczu,
888 5441 971 5514 villa
998 5442 1061 5514 surb
1088 5442 1324 5531 parochiale
1352 5441 1523 5512 Sancto
1550 5439 1795 5529 Szuyrado
1823 5441 1907 5528 sita,
1934 5438 2031 5508 cuius

482 5560 606 5630 haeres
633 5561 924 5655 ll‘yerzpuek
961 5563 1003 5632 (le
1032 5564 1137 5634 armis
1164 5564 1250 5634 Jan
1259 5586 1312 5653 yn
1324 5583 1354 5634 a.
1398 5563 1439 5634 lu
1466 5583 1535 5653 qua
1560 5567 1642 5632 suut
1669 5561 1761 5631 lanei
1787 5559 2030 5647 cmetbonaleS‚
