4550 6600
1686 786 1761 859 247
1828 845 1831 849 ,

207 990 287 1065 dum
314 989 417 1073 fieret
442 1011 589 1083 magnus
617 946 805 1065 concursus
832 993 1010 1065 bominum
1037 1012 1080 1065 ex
1107 991 1262 1085 Polonia,
1290 936 1481 1086 Hungaria,
1508 992 1645 1084 Russie,
1663 965 1763 1065 Lith-

210 1114 321 1202 vania,
349 1118 494 1204 propter
520 1113 690 1205 prodigia,
718 1135 806 1205 quae
833 1115 878 1187 ad
904 1116 1157 1187 invocationem
1184 1113 1301 1188 Sancti
1327 1114 1504 1187 Leonardi
1529 1116 1566 1186 in
1592 1116 1764 1187 valetudi-

209 1235 317 1309 nariIs
345 1235 597 1325 patrabantur,
624 1234 755 1307 fiebant
790 1236 840 1308 ibi
875 1238 1045 1307 maximae
1081 1236 1274 1310 oblationes
1301 1238 1338 1307 in
1365 1256 1463 1328 aere,
1490 1244 1527 1309 et
1553 1256 1656 1328 cera,
1679 1259 1764 1328 quas
1880 1314 1884 1321 ,

206 1356 353 1428 tollebat
381 1356 548 1445 plebanus
576 1355 619 1427 de
637 1356 910 1447 Brzosthek,
929 1378 1076 1449 quorum
1095 1378 1229 1430 summa
1245 1358 1456 1431 extendebat
1473 1378 1512 1431 se
1529 1358 1574 1430 ad
1591 1359 1761 1430 tricentos

206 1476 365 1547 florenos.
393 1476 493 1547 Nunc
520 1477 567 1549 ibi
595 1483 650 1549 eet
676 1452 844 1568 plebanus
861 1477 1164 1570 Szwyanthoslaus
1182 1479 1225 1550 de
1243 1478 1607 1570 Orzechowieua,
1630 1480 1758 1551 nobilis

206 1598 247 1668 de
273 1598 379 1669 domo
407 1597 599 1689 Pylawa,
627 1600 687 1691 qui
714 1599 844 1670 residet
870 1600 906 1671 in
933 1600 1168 1671 Brzostelr
1195 1607 1232 1671 et
1257 1620 1322 1692 per
1348 1601 1515 1673 vicarIum
1541 1601 1578 1671 in
1605 1598 1763 1672 Klecz-

205 1738 278 1789 eze
296 1717 407 1790 filiam
427 1720 663 1810 administrat;
683 1720 791 1791 babet
808 1720 954 1792 ecelesia
972 1723 1132 1811 proprios
1151 1742 1254 1811 agros
1272 1728 1310 1793 et
1326 1728 1431 1813 prata
1443 1742 1554 1813 prope
1571 1721 1762 1813 Klyecz-

205 1860 278 1910 eze
305 1841 385 1931 sita,
412 1860 476 1932 pro
503 1860 566 1912 suo
593 1842 745 1931 praedio.
773 1841 974 1933 Proprietas
1001 1844 1182 1933 utriusque
1214 1848 1251 1914 et
1277 1842 1396 1933 oppidi
1424 1843 1701 1933 Brzostbelr,
1727 1849 1764 1915 et

206 1961 305 2033 villae
332 1960 568 2053 Kleczcze,
595 1963 749 2053 pertinet
775 1963 820 2034 ad
847 1964 1008 2036 abbatem
1035 1970 1071 2034 et
1096 1964 1342 2035 monasterium
1370 1962 1602 2056 Thynczense,
1620 1970 1657 2037 et
1673 1966 1762 2036 utri-

206 2104 311 2174 usque
340 2083 508 2155 ecclesiae
537 2084 644 2155 abbas
673 2084 932 2177 Thynicziensis
969 2104 1046 2155 com
1073 2092 1245 2181 conventu
1272 2091 1327 2156 est
1353 2085 1499 2156 collator
1525 2092 1561 2157 et
1587 2092 1763 2176 patronum.

205 2205 242 2275 In
270 2226 339 2295 quo
359 2204 498 2307 ,oppido
525 2212 607 2277 sunt
633 2206 724 2277 lanei
751 2204 1013 2296 oppidanorum,
1041 2205 1084 2276 de
1112 2206 1237 2296 quibus
1255 2205 1403 2287 solvitur
1421 2205 1555 2277 decima
1570 2207 1761 2296 pecunialie

204 2326 417 2397 monasterio
445 2326 681 2417 Thyncziensi.
708 2326 796 2398 Item
824 2333 907 2399 sunt
932 2326 981 2397 ibi
1000 2326 1069 2398 duo
1087 2327 1294 2418 molendina,
1312 2348 1418 2398 unum
1436 2328 1649 2417 monasterii,
1668 2328 1762 2399 aliud

205 2447 386 2537 advoceti;
413 2450 495 2519 Item
522 2447 704 2520 advocatia
730 2454 783 2519 est
809 2448 845 2519 in
872 2449 993 2519 eodem
1021 2448 1157 2539 oppido,
1184 2449 1316 2521 babens
1343 2447 1430 2519 duos
1457 2448 1585 2540 laneos,
1612 2448 1657 2519 de
1684 2449 1760 2538 qoi-

205 2570 266 2639 bus
293 2568 443 2658 plebano
470 2570 506 2639 in
534 2568 766 2661 Brzostek
793 2570 950 2649 decimat
990 2570 1079 2641 Item
1115 2569 1295 2659 praedium
1322 2570 1522 2642 coenobiale
1549 2590 1617 2641 non
1645 2576 1700 2641 est
1726 2572 1763 2639 In
1805 2579 1808 2586 “

206 2690 323 2762 eodem
351 2690 491 2782 oppido.

872 2809 1102 2885 Knrnezezn.

305 2932 347 3005 In
376 2930 638 3024 Klyeczeze
664 2938 780 3005 autem
808 2938 889 3005 sunt
916 2939 1066 3025 quatuor
1083 2933 1175 3003 lanei
1193 2934 1427 3007 emethonales
1445 2932 1490 3005 ad
1508 2935 1758 3007 monasterIum

207 3052 454 3144 Thynicziense
490 3057 722 3145 pertinenter,
749 3055 785 3125 in
816 3074 859 3125 ea
894 3060 992 3144 parte
1032 3054 1154 3144 villae,
1181 3055 1217 3125 in
1255 3076 1323 3145 qna
1349 3056 1418 3126 sita
1445 3062 1500 3127 est
1526 3056 1689 3146 ecclesia,
1717 3057 1761 3127 de

207 3178 327 3266 quibus
355 3177 498 3249 solvunt
524 3176 691 3248 decimam
718 3177 929 3248 monasterio
957 3176 1216 3267 Thynieziensi,
1232 3176 1327 3247 -item
1353 3176 1533 3267 praedium
1561 3178 1761 3250 coenobiale

207 3319 270 3368 non
305 3305 362 3370 est
400 3300 435 3370 in
471 3299 590 3370 eadem
627 3300 727 3389 villa,
755 3300 838 3371 item
874 3299 909 3370 in
936 3296 1055 3370 eadem
1083 3305 1185 3389 parte
1220 3308 1304 3371 sunt
1329 3297 1398 3371 duo
1424 3299 1569 3389 praedIa
1594 3299 1762 3370 militaria

123 3461 130 3470 -
207 3419 504 3492 Czurilonum
532 3421 575 3491 de
602 3420 708 3491 armis
735 3419 998 3511 KorouaIy:
1034 3425 1116 3491 sunt
1151 3421 1258 3492 etiam
1284 3421 1334 3492 ibi
1361 3421 1562 3492 emetbones
1589 3420 1633 3492 ad
1660 3439 1761 3510 prae-

207 3541 314 3613 dictos
341 3542 470 3613 milites
497 3543 720 3632 pertinentes,
747 3547 880 3613 ettam
907 3541 1034 3612 milites
1062 3561 1165 3632 quam
1192 3542 1392 3614 cmetbones
1417 3560 1548 3632 comm,
1569 3541 1761 3613 tabernarii

209 3670 242 3733 et
266 3663 447 3735 hortulani
470 3667 518 3734 -et
549 3683 667 3735 omnes
693 3663 845 3753 incolae,
872 3663 1012 3734 solunt
1047 3662 1213 3734 decimam
1240 3663 1404 3734 ecclesiae
1431 3664 1467 3732 in
1494 3662 1760 3753 Klyecneze.

209 3782 302 3856 Hanc
337 3789 456 3857 autem
492 3789 626 3874 partem
662 3785 764 3856 villae
796 3804 886 3855 anno
913 3781 1052 3854 Domini
1083 3785 1192 3856 1370.
1219 3782 1387 3855 Gasimiro
1415 3783 1566 3854 secundo
1593 3782 1758 3854 Poloniae

206 3927 283 3996 rege
310 3913 458 3998 mortuo,
485 3905 633 3997 praefati
660 3907 787 3977 milites
815 3911 851 3976 et
877 3925 997 3978 eorum
1016 3909 1179 3995 parentes
1198 3904 1369 3976 violenter
1387 3905 1600 3976 monasterio
1628 3903 1758 3994 Thyni·

208 4028 329 4098 oniensi
357 4029 579 4100 abstulerunt
604 4033 641 4100 et
667 4027 824 4100 detinent
851 4027 979 4100 iniuste
998 4033 1199 4117 occupatam
1219 4080 1226 4096 .
1246 4081 1254 4096 .
1273 4081 1280 4096 .
1299 4025 1473 4117 Oppidum
1491 4026 1759 4098 Brzostlrek

210 4154 242 4217 et
266 4149 371 4221 villae
389 4149 623 4242 parochiales:
650 4148 915 4241 Klyeczcze,
942 4147 1380 4238 Janusehkowyeze,
1406 4146 1760 4240 Kamyennicza,

210 4263 607 4345 Brzosthkowska'
629 4269 824 4361 Wolya.'

305 4391 579 4484 Knnranrem,
607 4393 690 4464 villa
708 4392 772 4464 sub
790 4391 956 4483 parochia
982 4389 1025 4463 de
1053 4390 1314 4464 Braosthelr
1341 4391 1419 4481 sita,
1446 4389 1543 4463 cuiue
1561 4389 1758 4481 proprietas

209 4511 249 4584 ad
275 4516 522 4586 monasterium
551 4515 774 4606 Thynczense
802 4515 965 4604 pertinet.
1010 4513 1050 4584 ln
1078 4533 1147 4604 qua
1173 4520 1255 4584 sunt
1281 4513 1406 4604 viginti
1443 4512 1511 4584 duo
1546 4512 1638 4583 lanei
1667 4531 1758 4583 eme-

209 4635 371 4727 tbonales,
401 4637 444 4708 de
471 4637 596 4727 quibus
623 4636 757 4707 decima
783 4634 973 4726 pecuniale
1000 4655 1186 4725 perunum
1213 4634 1384 4706 fertonem
1402 4633 1445 4704 de
1463 4634 1618 4724 quolibet
1647 4633 1758 4718 laneo,

210 4754 353 4830 laturum
380 4777 581 4849 grossorum
610 4757 846 4848 Pragensium,
874 4757 1035 4848 episcopo
1063 4756 1294 4829 cracoviensi.
1321 4757 1408 4828 Item
1427 4761 1482 4826 est
1507 4755 1556 4825 ibi
1582 4771 1653 4826 una
1671 4755 1758 4825 seol-

210 4879 290 4948 tetia
315 4879 448 4952 babens
475 4880 562 4952 duos
589 4881 717 4969 laneos,
744 4879 933 4969 dequibus
953 4879 1057 4948 solvit
1083 4879 1300 4966 decimam....;
1327 4878 1411 4949 item
1430 4897 1498 4947 non
1515 4881 1571 4946 est
1590 4875 1639 4946 ibi
1657 4855 1766 4965 praess

211 4997 308 5092 dium,
336 5023 404 5073 non
432 5007 514 5074 sunt
528 5000 770 5091 'hortulaniaa
798 4999 859 5072 sed
886 5006 940 5071 est
966 5016 1035 5070 unc
1061 5000 1228 5088 taberna;
1254 4998 1337 5070 item
1365 5003 1419 5068 est
1444 4997 1494 5069 ibi
1520 4996 1757 5068 molendinum
1795 5045 1799 5050 -
1842 5065 1845 5072 .

212 5121 351 5196 scolteti
370 5145 485 5195 unum.
543 5121 544 5124 ’

307 5241 658 5335 Inunsonnowucun,
687 5242 769 5316 villa
788 5243 852 5315 sub
870 5241 1036 5334 parocbia
1062 5240 1105 5313 de
1132 5239 1356 5312 Oleczeze
1382 5240 1461 5330 sita,
1487 5240 1585 5311 cuiue
1603 5243 1757 5310 tantum·
1899 5251 1905 5257 ’

212 5363 306 5436 modo
332 5365 499 5438 medletae
536 5366 688 5456 pertiuet
724 5365 768 5436 ad
796 5363 1043 5436 monasterium
1071 5363 1311 5455 Thynczense,
1346 5362 1381 5432 in
1410 5381 1479 5450 qua
1513 5366 1596 5432 sunt
1624 5367 1757 5449 septem

213 5481 297 5556 lanei
324 5487 576 5578 emethonalee,
613 5487 697 5558 item
723 5507 793 5558 una
818 5487 967 5557 taberna
1002 5483 1205 5555 monasterii
1242 5483 1375 5554 habens
1400 5501 1522 5571 agros,
1560 5481 1756 5571 dequibus

214 5605 353 5678 solrItur
378 5609 512 5680 decIma
538 5609 728 5698 pecuniabs
755 5627 818 5698 pro
846 5607 1058 5678 monasterio
1086 5605 1322 5696 Thyneczenai
1348 5623 1439 5694 per.
1459 5659 1465 5672 .
1485 5657 1492 5672 .
1512 5603 1673 5673 ..zitem
1702 5609 1757 5673 est

215 5723 269 5799 lbi·
284 5729 440 5802 scoltetia
465 5731 598 5804 habens
626 5730 712 5805 duos
740 5731 857 5802 laneos
885 5729 1023 5819 liberos,
1052 5727 1093 5798 de
1122 5727 1247 5818 quibus
1274 5726 1423 5798 decimat
1442 5780 1449 5796 .
1469 5781 1476 5796 .
1495 5779 1528 5794 ..
1556 5724 1757 5797 Medietatis
