4550 6600
1696 754 1770 825 345

222 955 320 1027 cuius
356 955 478 1026 haeres
513 952 674 1027 Andreas
709 953 1023 1047 Ossolinsrlry
1058 955 1101 1027 de
1128 956 1588 1057 amnis-Bippennium.
1634 958 1675 1031 ln
1703 982 1785 1052 qua,

221 1080 302 1148 sunt
327 1074 418 1147 lanei
446 1076 689 1167 cmethonales,
717 1076 759 1149 de
787 1078 881 1168 agris
909 1096 1056 1168 qnorum
1082 1096 1205 1150 versus
1232 1078 1436 1169 aquilonem,
1463 1080 1546 1150 item
1573 1100 1694 1153 versus
1714 1103 1770 1154 oc-

220 1217 336 1269 casum
363 1196 445 1268 solis
473 1217 582 1287 usque
609 1197 654 1268 ad
679 1218 787 1290 gaya,
823 1199 907 1269 item
934 1220 977 1270 ex
1004 1198 1079 1270 alia
1099 1204 1200 1289 purte
1227 1220 1348 1285 versus
1374 1200 1553 1271 meridiem
1589 1203 1769 1293 usquead

218 1318 388 1409 granicies
415 1318 518 1390 villae
545 1317 782 1411 Zakrzow,
819 1320 903 1391 item
930 1319 973 1391 de
1000 1318 1143 1411 praedio
1178 1320 1340 1411 militari,
1377 1319 1510 1392 decima
1543 1323 1697 1413 pertinet
1723 1325 1769 1396 ad

219 1439 396 1510 ecclesiam
423 1439 459 1510 in
487 1435 728 1530 Gozlicze3
754 1441 837 1512 item
856 1439 899 1512 de
917 1442 1010 1532 agris
1037 1442 1115 1513 sitis
1144 1460 1266 1514 versus
1292 1441 1531 1515 Ilikowicze
1557 1442 1768 1535 etZukow,

218 1560 372 1650 pertinet
408 1560 452 1631 ad
480 1560 661 1632 ecclesiam
688 1560 804 1665 Sancti
831 1561 931 1634 Pauli
964 1563 1000 1633 in
1032 1562 1058 1634 S
1066 1562 1346 1652 andomiria;
1382 1563 1425 1635 de
1452 1564 1545 1654 agris
1581 1584 1664 1637 vero
1690 1566 1768 1637 sitis
1896 1592 1900 1599 ·

218 1681 312 1752 ultra
338 1681 517 1772 passiones
545 1680 694 1773 Christi,
730 1702 839 1774 nsque
866 1682 911 1755 ad
938 1702 1041 1774 agros
1068 1684 1171 1756 villae
1199 1682 1375 1776 Gurow,
1410 1686 1563 1777 pertinet
1588 1686 1633 1757 ad
1658 1687 1767 1759 ecclc-

219 1802 303 1873 siam
332 1802 369 1873 in
395 1802 660 1875 Wlosthow.
1711 1822 1724 1841 ·

318 1921 433 1995 Villae
460 1925 685 2015 parochiales:
714 1924 988 2015 Wlosthow,
1017 1924 1255 2019 Goyczow,
1283 1928 1517 2020 Tudorow,
1545 1928 1764 2021 Kamyen,

216 2044 555 2138 Paczlawycze,
584 2044 752 2137 Ourow,
779 2045 1023 2139 Swoykow.

902 2169 1078 2240 Lunrow.

316 2286 413 2361 Villa
439 2288 570 2361 hahens
597 2291 633 2360 in
660 2310 698 2361 se
725 2291 904 2363 ecclesiam
939 2290 1174 2382 parochialem
1209 2290 1324 2381 lapide
1356 2291 1578 2383 fabricatam,
1614 2292 1765 2365 dicatam
1900 2335 1909 2349 ,

216 2409 339 2481 Sancto
369 2408 532 2502 Nicolao,
568 2412 664 2483 cuius
691 2412 814 2485 haeres
841 2411 1020 2485 lohannes
1047 2412 1377 2505 Wnorowszlry
1412 2413 1455 2486 de
1483 2413 1765 2488 1111181111-

215 2552 394 2623 gomya,
432 2522 529 2607 cuius
564 2534 731 2624 plebanus
768 2534 1003 2625 adpraesens
1039 2533 1233 2607 Stanislans
1268 2526 1459 2627 presbyten
1503 2536 1544 2607 hu
1580 2556 1649 2627 qna
1684 2541 1765 2607 sunt
1799 2531 1801 2534 ’

215 2652 393 2725 duodecim
419 2654 512 2727 lanei
539 2656 781 2745 cmethonales,
797 2656 851 2751 ,de
879 2656 1002 2747 quibus
1021 2656 1180 2729 omnibns
1207 2656 1354 2729 solvitur
1371 2662 1416 2729 ⁴et
1442 2657 1645 2729 conducitur
1672 2658 1764 2729 (1111-

131 2826 132 2831 *
215 2796 267 2846 ma
293 2776 521 2867 manipularis
549 2781 584 2847 et
610 2778 784 2869 canapalis
811 2799 874 2868 pro
902 2778 1102 2870 episcopatu
1129 2776 1361 2868 cracoviensi,
1388 2785 1425 2851 et
1450 2779 1548 2851 valor
1566 2779 1640 2850 eius
1658 2780 1763 2851 aesti-

131 2966 133 2994 ,
214 2890 324 2969 matur
342 2897 389 2968 ad
408 2897 525 2970 decem
543 2918 687 2989 marcas,
715 2898 900 2990 aliquando
917 2900 964 2971 ad
982 2898 1171 2972 duodecim.
1197 2901 1287 2972 Item
1305 2905 1386 2972 sunt
1404 2900 1453 2972 ibi
1479 2900 1568 2973 duae
1585 2900 1762 2992 tabernae,

131 3074 132 3117 3
186 2998 188 3003 ¹
215 3018 255 3089 ad
282 3018 463 3091 ecclesiam
490 3021 526 3090 in
554 3020 753 3112 Lunyow
779 3021 1002 3111 pertinentes
1030 3020 1200 3093 habentes
1227 3042 1340 3112 agros,
1366 3022 1450 3093 item
1467 3043 1538 3094 una
1563 3021 1763 3093 hortulanis

131 3198 133 3229 ,
215 3140 341 3212 habens
368 3161 482 3231 agros,
510 3140 552 3213 de
581 3142 705 3232 quibus
732 3140 925 3215 decimatur
952 3142 1116 3215 ecclesiae
1144 3144 1181 3229 in
1207 3142 1417 3234 Lunyow,
1444 3147 1480 3213 et
1506 3142 1681 3234 quaelibet
1707 3148 1760 3233 ta-

214 3261 318 3334 hema
344 3262 450 3335 solvit
476 3284 540 3354 pro
568 3282 673 3336 censu
699 3264 846 3355 plebano
874 3264 960 3337 duas
987 3284 1123 3338 marcas
1151 3284 1227 3337 cnm
1254 3263 1387 3355 media;
1414 3265 1499 3337 item
1525 3264 1634 3337 habet
1659 3284 1760 3356 prae-

132 3421 136 3484 3
205 3383 304 3470 'dium
330 3385 478 3475 bonum,
505 3385 590 3457 item
617 3389 755 3477 pratum
782 3388 818 3458 in
845 3387 1075 3481 Skrobno,
1111 3387 1196 3460 item
1222 3392 1295 3459 tres
1322 3387 1491 3489 piscinas,
1527 3386 1610 3464 item
1636 3386 1761 3460 haeres
1874 3378 1901 3494 Ἰ

131 3561 136 3611 ,
213 3505 246 3575 in
272 3505 435 3579 damnum
455 3507 627 3592 *ecclesiae
654 3508 782 3581 locavit
807 3509 947 3581 tertiam
973 3509 1166 3600 tabernam,
1194 3513 1229 3580 et
1247 3508 1405 3582 adiunxit
1431 3509 1464 3581 ei
1489 3507 1640 3582 medium
1666 3509 1761 3582 lane-

214 3646 266 3696 um
293 3627 554 3719 cmethonalem,
582 3628 625 3700 de
653 3649 719 3720 quo
747 3629 939 3704 decimatur
964 3650 1028 3728 pro
1056 3631 1227 3722 episcopo.

288 3747 521 3840 ,Szwununa
548 3750 631 3822 villa
657 3752 721 3824 sub
748 3751 914 3842 parochia
941 3751 984 3824 de
1010 3752 1206 3843 Lunyow
1233 3745 1322 3842 sita,
1339 3751 1436 3823 cuius
1454 3751 1578 3822 haeres
1605 3771 1668 3842 pro
1687 3772 1758 3824 me-

131 3933 139 3980 ,
214 3861 338 3941 dietate
364 3869 481 3942 Dzilr
517 3871 559 3942 de
587 3873 691 3944 armis
718 3871 912 3964 Doliwa,
941 3853 984 3945 'et
1010 3893 1075 3965 pro
1103 3873 1214 3944 altera
1240 3871 1427 3944 medietate
1454 3870 1646 3970 stanislaus
1671 3872 1776 3944 Ma·-

131 4061 132 4070 ,
216 3989 453 4084 chowsky...
480 3991 521 4064 In
541 4013 608 4084 qua
626 4000 707 4066 sunt
725 3994 816 4066 lanei
835 3995 1075 4086 cmethonales,
1101 3995 1186 4067 item
1205 3994 1409 4089 tabernae...,
1436 3994 1521 4065 item
1538 3991 1758 4066 hortulaniae

131 4183 134 4212 ;
213 4131 278 4182 uon
305 4117 394 4202 sunt,
422 4114 506 4186 item
532 4113 711 4205 praedium
739 4117 886 4208 unicum,
914 4117 957 4188 de
983 4115 1108 4208 'quibus
1132 4116 1291 4209 omnihus
1318 4115 1466 4189 solvitur
1492 4120 1529 4187 et
1555 4115 1759 4188 conducitur

131 4221 138 4346 ’ς
214 4228 340 4305 decima
366 4235 591 4326 manipularis
617 4242 655 4308 'et
682 4237 857 4329 canapalis
883 4259 948 4330 pro
967 4239 1123 4324 ecclesiav
1138 4239 1174 4309 in
1200 4238 1406 4329 Lunyow,
1434 4241 1470 4309 et
1496 4237 1594 4310 valor
1620 4237 1758 4310 eiusad

131 4429 134 4466 ἵ
214 4353 324 4427 decem
351 4375 487 4429 marcac
514 4359 727 4432 aestimatur.

310 4476 580 4571 Jussrnrrcze,
607 4480 692 4552 villa·
709 4481 773 4554 sub
791 4481 956 4574 parochia
982 4482 1025 4554 dc
1051 4481 1252 4574 Lunyow
1279 4482 1356 4573 sita,
1383 4482 1479 4553 cuius
1502 4480 1626 4553 haeres
1653 4479 1780 4552 Nico·

131 4549 140 4596 ᾖ
212 4597 283 4670 laus
308 4600 434 4691 Dzylr
461 4599 504 4673 de
522 4603 626 4674 armis
652 4601 838 4675 Doliwa.
865 4603 906 4674 In
925 4625 994 4695 qua
1012 4607 1093 4676 sunt
1109 4604 1203 4674 lanei
1221 4603 1463 4693 cmethonaleS,
1482 4603 1566 4675 item
1582 4603 1756 4694 tabernae,

213 4719 291 4792 item
316 4722 545 4814 hortulaniae,
572 4724 656 4814 item
682 4724 862 4816 p'raedium
887 4746 1003 4816 unum,
1032 4726 1074 4796 de
1102 4725 1227 4816 quibus
1254 4725 1411 4796 omnihus
1439 4724 1587 4796 solvitur
1613 4729 1756 4799 etenu-

131 4793 142 4964 ξ
214 4839 345 4920 ducitur
372 4843 505 4916 decima
529 4845 755 4944 manipularis
784 4852 819 4919 et
837 4825 1013 4938 canapalis
1040 4867 1104 4937 pro
1124 4847 1271 4918 ecclesia
1297 4846 1333 4916 in
1360 4845 1568 4937 Lunyow,
1596 4850 1632 4918 et
1658 4845 1756 4918 valor
1800 4858 1804 4867 ’

131 4961 134 4970 ’
213 4963 281 5036 eius
308 4967 510 5039 aestimatur
537 4968 581 5039 ud
608 4965 726 5041 decem
752 4989 895 5041 marcas.

131 5169 141 5216 u

131 5290 143 5341 ᾗ
214 5347 276 5417 qna
298 5335 380 5402 sunt
405 5331 496 5404 lanei
524 5333 767 5424 cmethonales,
795 5333 980 5425 dequibus
1005 5327 1174 5418 ,omnibus
1196 5332 1343 5405 solvitur
1370 5332 1503 5403 decima
1528 5331 1754 5422 manipularis

131 5407 143 5464 ε
213 5469 271 5538 pro
289 5451 432 5542 ecclesia
449 5455 486 5524 in
513 5452 890 5547 Ooprzywnicza,
917 5476 980 5546 pro
999 5475 1068 5527 una
1087 5455 1272 5526 medietate
1289 5453 1403 5543 villae;
1426 5473 1490 5544 pro
1509 5452 1620 5524 altera
1638 5455 1754 5524 antem

133 5473 137 5481 ι

131 5534 144 5586 t

131 5777 144 5836 11

311 5087 626 5180 111011111011,
663 5090 745 5161 villa
773 5091 837 5163 snb
864 5090 1035 5182 parochia.
1057 5057 1222 5162 ecclesiae
1250 5089 1518 5184 dellunyow
1545 5088 1631 5179 sita,
1659 5089 1755 5160 cuius

212 5205 329 5280 haeres
355 5207 482 5282 Petrus
509 5210 827 5294 Skothniczslr
836 5234 859 5304 y
886 5212 1011 5285 nobilis
1039 5212 1082 5283 de
1110 5211 1211 5284 domo
1239 5215 1276 5282 et
1301 5209 1671 5300 familiaBogoria.
1712 5210 1753 5281 ln

212 5573 389 5680 medietate
416 5575 562 5679 solvitur
589 5577 754 5648 ecclesiae
781 5578 817 5648 in
843 5577 1050 5684 Lunyour.
1082 5577 1171 5648 Item
1197 5575 1380 5667 praedium
1406 5597 1474 5647 non
1501 5579 1564 5666 est,
1591 5575 1674 5647 item
1699 5577 1754 5647 ta-

211 5689 313 5767 berna
337 5713 413 5790 uns,
440 5697 523 5770 item
549 5699 767 5792 hortudaniae
769 5752 823 5772 ......
1403 5707 1412 5722 ’

311 5864 469 5911 11111111,
482 5867 512 5910 11.
1124 5893 1128 5902 .
1549 5846 1588 5894 44
