4550 6600
520 748 592 823 366

515 977 631 1048 regern
659 958 819 1047 pertinet.
855 958 895 1029 In
924 972 992 1048 qna
1018 963 1100 1029 sont
1125 957 1218 1029 lanei
1245 950 1490 1049 cmethonales,
1517 958 1602 1031 item
1628 960 1806 1051 tabernae,
1834 960 1917 1031 item
1944 960 2058 1033 hortu·

513 1078 645 1168 laniae,
684 1080 769 1150 item
795 1078 994 1171 praedium,
1035 1079 1233 1169 dequibus
1269 1081 1429 1152 omnibus
1465 1081 1614 1157 solvitur
1640 1086 1677 1152 et
1706 1082 1911 1153 conducitur
1935 1082 2059 1154 deciam

513 1194 739 1289 manipularis
758 1206 794 1272 et
812 1201 987 1292 canapalis
1014 1217 1078 1301 pro
1102 1202 1248 1272 ecclesia
1273 1202 1310 1273 in
1337 1200 1548 1293 Byelini,
1575 1208 1613 1274 et
1637 1203 1737 1275 valor
1762 1204 1838 1275 cios
1863 1204 2061 1275 aesbmatur

515 1320 664 1393 edocto
692 1338 835 1395 marcas.
1521 1406 1525 1414 ⁴
1815 1344 1819 1351 ’

618 1442 733 1517 Villae
759 1444 992 1536 parochiales:
1019 1443 1224 1535 Byelini,
1249 1442 1561 1548 Byclynyecz,
1587 1443 1760 1536 Tnyew,
1787 1445 2037 1537 Nyszlrom.

974 1782 977 1789 Ι
1151 1686 1442 1760 Gnanzowrczrc.

618 1807 713 1879 Villa
737 1809 870 1881 habens
897 1809 933 1879 in
959 1828 997 1881 se
1025 1808 1206 1879 ecclesiam
1232 1809 1467 1898 parochialem
1492 1809 1658 1901 ligneam,
1684 1808 1812 1882 Sancto
1830 1864 1947 1880 .....
1974 1811 2061 1883 dica-

514 1936 595 2017 tam,
623 1932 720 2003 culos
746 1932 869 2003 haeres
895 1928 1074 2003 Johaones
1101 1930 1419 2024 Blinomslry.....
1446 1931 1487 2002 In
1514 1944 1584 2022 qna
1601 1937 1684 2004 sunt
1701 1926 1792 2003 lanei
1818 1931 2060 2022 cmethonales,

513 2052 596 2123 item
622 2052 800 2142 tabernae,
827 2053 909 2124 item
936 2052 1166 2142 hortulaniae,
1192 2052 1275 2122 item
1303 2052 1484 2144 praedium
1510 2052 1670 2144 militare,
1697 2053 1741 2124 de
1763 2054 1891 2144 quibos
1910 2054 2061 2125 omnibus

514 2174 661 2247 solvitur
687 2180 723 2247 et
749 2174 952 2247 conducitur
987 2174 1120 2245 decima
1146 2173 1387 2263 manipularis¹
1410 2180 1447 2246 et
1473 2176 1649 2266 carrapalis
1683 2175 1850 2247 ecclesiae
1889 2176 1926 2246 in
1962 2174 2062 2247 Cha-

513 2297 758 2388 rzowicze,
785 2301 821 2369 et
847 2296 947 2369 valor
974 2295 1048 2367 eins
1076 2296 1283 2367 aestimatur
1310 2295 1355 2367 ad
1373 2351 1515 2367 ......
1558 2291 1647 2369 ilem
1673 2296 1832 2388 praefata
1857 2297 2006 2368 ccclesia
2029 2302 2061 2367 el

512 2418 587 2489 cius
613 2418 780 2508 plebanus
807 2417 1000 2490 Stanislaos
1027 2416 1221 2508 modernus,
1248 2418 1356 2489 babet
1373 2438 1477 2509 agros
1494 2416 1715 2509 sufficientes,
1741 2436 1807 2510 pro
1824 2438 1889 2489 sno
1907 2419 2058 2509 praedio:

515 2545 552 2611 ct
578 2540 699 2631 primo,
725 2539 962 2612 habet'unum
990 2539 1127 2611 laneum
1154 2544 1251 2610 rotro
1279 2538 1452 2631 allodium,
1479 2540 1539 2630 qui
1564 2540 1722 2613 tenditur
1746 2558 1855 2631 osque
1882 2540 1927 2611 ad
1956 2540 2062 2612 lacum

512 2662 682 2753 haeredis,
708 2663 791 2733 item
818 2662 886 2734 duo
914 2682 999 2735 arra
1025 2662 1118 2733 dicta
1145 2660 1481 2752 Szycdlyszlro,
1508 2662 1616 2735 habet
1641 2667 1678 2734 et
1702 2668 1806 2752 prata
1831 2668 1909 2733 tota
1935 2662 2061 2733 ibidem

515 2784 552 2855 in
574 2783 912 2877 Szyedlyszka3
938 2784 1021 2855 item
1047 2783 1155 2856 habet
1177 2788 1316 2872 protom
1343 2783 1379 2853 in
1406 2781 1824 2875 Ghrzanouyszlra,
1851 2785 1935 2855 item
1963 2784 2064 2855 hahet

495 2899 645 2997 'sylvam
672 2906 800 2978 dictam
826 2904 1058 2997 Kolyano,
1095 2926 1171 2976 cum
1199 2905 1291 2980 omni
1317 2905 1395 2977 iure
1421 2912 1458 2977 et
1483 2906 1719 2997 proprietate,
1745 2905 1908 2978 videlicet
1934 2904 2062 2978 mellili-

514 3028 576 3099 ciis
603 3034 640 3100 et
666 3028 755 3117 aliis3
781 3029 865 3099 item
883 3028 1062 3099 tabernam
1081 3026 1242 3099 hebetia
1270 3024 1616 3118 Obarzowicze,
1641 3028 1828 3101 habentem
1847 3048 1962 3118 agros,
1981 3047 2062 3118 puae

514 3148 679 3221 ecclesiae
707 3155 742 3219 et
767 3148 916 3239 plebano
944 3148 1048 3221 solvit
1073 3168 1137 3239 pro
1165 3166 1270 3220 censu
1289 3204 1296 3217 .
1316 3173 1324 3218 ;
1342 3204 1350 3219 .
1369 3173 1405 3239 ‚3
1439 3150 1526 3221 item
1552 3149 1658 3221 habet
1684 3170 1790 3221 unum
1816 3149 1954 3221 laneum
1981 3150 2062 3220 inte·

514 3290 614 3361 grnm
641 3270 787 3344 liberum
814 3270 850 3342 in
877 3269 961 3342 uilla
987 3269 1240 3362 Praelanlr,
1267 3286 1374 3362 penes
1400 3271 1530 3344 limites
1556 3271 1659 3345 villae
1686 3266 1917 3363 Pylchom.

617 3392 828 3484 Pnznnasn,
855 3392 939 3465 villa
964 3393 1029 3465 suh
1047 3395 1215 3484 parochia
1239 3394 1283 3465 de
1310 3387 1639 3466 Oharzowicae
1666 3394 1745 3484 sita
1772 3395 1870 3466 coins
1897 3391 2062 3466 haeredes

514 3514 642 3587 Petrus
668 3521 705 3586 et
732 3513 933 3586 Szuider
960 3513 1003 3587 de
1030 3517 1135 3587 armis
1163 3516 1423 3608 Nyeczuya.
1449 3515 1490 3587 In
1508 3520 1677 3607 quasont
1702 3516 1796 3588 lanei
1815 3516 2063 3605 ,cmethonales,

514 3637 598 3708 item
624 3657 694 3742 una
719 3635 865 3709 taberna
891 3636 1023 3710 habens
1050 3657 1175 3730 agros,
1214 3640 1297 3710 item
1324 3638 1501 3712 hortolani
1520 3692 1634 3709 .....
1652 3689 1660 3729 ,
1687 3637 1731 3712 de
1758 3638 1884 3728 quibos
1910 3638 2062 3709 omnihus

515 3758 661 3831 solvitur
687 3763 723 3830 et
750 3759 954 3832 conducitur
980 3759 1113 3832 deciam
1139 3760 1365 3850 manipularis
1392 3765 1429 3832 et
1455 3759 1643 3850 canapalio,
1669 3777 1734 3849 pro
1761 3758 1963 3849 praebenda
1983 3758 2063 3830 San·

515 3881 715 3954 domitiensi
742 3879 951 3973 lumbaria,
978 3887 1015 3954 et
1041 3882 1140 3954 valor
1167 3883 1241 3954 eius
1268 3881 1473 3954 aestimatur
1499 3881 1544 3952 ad
1570 3895 1675 3954 unam
1692 3876 1855 3952 marcam.
1880 3879 1969 3952 item
1987 3886 2064 3952 suut

514 4003 564 4074 ihi
590 4002 658 4074 duo
685 4002 828 4093 praedia
854 4003 1038 4096 militaria,
1075 4023 1165 4095 quae
1192 3983 1332 4075 solvunt
1354 4002 1525 4076 decimam
1552 4001 1802 4100 manipularem
1838 4002 2061 4074 ecclcsiaein

515 4122 851 4196 Ubarzowicne
1067 4123 1070 4130 ⁴

616 4243 812 4337 Procnow,
839 4245 923 4318 villa
938 4245 1003 4318 sub
1022 4247 1188 4337 parochia
1204 4246 1249 4319 dc
1265 4245 1591 4322 Gharzowiczc
1616 4246 1700 4338 sita,
1727 4245 1825 4320 caius
1850 4244 2064 4320 haeredes..

516 4367 570 4468 de·
586 4368 692 4438 armis
718 4365 972 4459 Nyeczuya.
1008 4367 1048 4440 ln
1077 4385 1146 4460 qua
1172 4374 1254 4441 sunt
1280 4366 1372 4441 lanei
1399 4369 1642 4460 cmethonales,
1668 4371 1752 4441 item
1777 4369 1957 4460 tabernac,
1982 4371 2059 4441 item

515 4489 752 4581 hortolaniae,
793 4489 836 4561 de
864 4489 988 4580 quibus
1015 4491 1174 4562 omnihus
1201 4491 1350 4564 solvitur
1376 4496 1412 4563 et
1438 4491 1641 4564 conducitur
1680 4489 1815 4562 decima
1839 4490 2058 4582 manipularis

515 4617 552 4682 et
577 4611 752 4703 canapalis
786 4629 851 4702 pro
877 4607 1077 4702 praebenda
1103 4605 1374 4686 Sandomiriensi
1403 4613 1628 4703 Thurehslra,
1663 4619 1700 4685 at
1726 4613 1826 4687 calor
1861 4613 1937 4685 eius
1965 4613 2059 4685 acati

515 4739 632 4810 matur
658 4733 703 4805 ad
729 4753 832 4806 unam
860 4753 1076 4824 sexagenom.
1854 4802 1858 4806 .

620 4851 1035 4948 Wrnnrononowrczn,
1062 4855 1146 4929 villa
1172 4852 1499 4947 subparochiana
1527 4855 1871 4947 Charaowiczc,
1896 4864 1981 4948 post
2002 4855 2059 4929 hn-
2109 4867 2112 4871 ’

516 4977 610 5052 vium
636 4965 750 5050 S'zan
777 4978 853 5070 sita,
880 4977 979 5050 cuius
1004 4977 1128 5050 haeres
1155 4976 1319 5052 Nicolans
1345 4973 1534 5069 Wolslry
1560 4978 1604 5050 de
1629 4979 1735 5050 armis
1754 5032 1896 5049 ......
1932 4979 1973 5051 ln
2000 4999 2059 5069 poc

505 5106 599 5174 sunt
624 5099 715 5172 lanei
729 5079 992 5190 'cmethonalem
1028 5099 1112 5172 item
1138 5101 1323 5192 tabernae,
1358 5101 1455 5173 item
1468 5100 1704 5189 hortolaniae,
1732 5102 1814 5172 item
1841 5101 1998 5191 praedia,
2022 5101 2059 5172 de

517 5224 642 5314 quibus
669 5221 828 5296 omnihus
855 5220 1002 5294 solvitur
1029 5227 1065 5293 et
1091 5221 1296 5294 conducitur
1322 5217 1454 5294 decima
1480 5221 1705 5313 manipularis
1732 5227 1768 5292 et
1798 5223 1978 5314 cenapolis
2001 5238 2058 5313 pro

413 5333 419 5345 ’
517 5344 662 5416 ecclesia
687 5345 724 5416 in
751 5341 1093 5435 Oharzowicze,
1122 5348 1159 5414 et
1184 5343 1283 5418 valor
1309 5345 1384 5416 eius
1410 5345 1616 5417 aestimator
1642 5344 1687 5416 ad
1705 5398 1820 5414 .....
1968 5418 1972 5434 ,

620 5464 831 5559 Pnzrszow,
858 5466 941 5539 villo
968 5465 1032 5538 sub
1058 5466 1226 5557 parochia
1251 5451 1295 5538 de
1321 5458 1650 5540 llharno'wicze
1676 5467 1757 5555 sita,
1784 5466 1881 5537 caios
1909 5467 2058 5557 proprie

517 5589 573 5655 tas
600 5585 644 5656 ad
670 5585 927 5660 serenissimum
953 5581 1118 5660 Polonioe
1144 5607 1261 5678 regem
1296 5588 1465 5679 pertinet,
1501 5588 1551 5660 ibi
1578 5589 1675 5659 coria
1699 5586 1815 5678 regia,
1849 5586 2058 5658 acasimiro

520 5705 669 5778 secundo
696 5705 861 5778 Poloniae
887 5727 983 5798 rege,
1005 5713 1150 5800 propter
1174 5707 1386 5798 venationes,
1413 5728 1491 5779 cum
1516 5710 1609 5782 turri
1633 5714 1779 5781 murata.
1823 5707 1864 5780 In
1892 5730 1963 5800 qua
1988 5712 2060 5782 sont
