4550 6600
430 699 515 810 ”11

468 947 616 1018 solvitur
643 945 775 1016 decima
801 944 1026 1033 manipularis
1054 943 1235 1033 plebaniae
1262 943 1396 1014 mediae
1422 943 1535 1032 partis
1561 942 1697 1032 ligneae
1723 941 1885 1014 Omnium
1911 942 2019 1014 Sane-

467 1073 583 1138 torum
610 1067 645 1135 iu
673 1063 911 1154 Gracovia,
939 1065 1036 1134 cuius
1063 1063 1162 1134 valor
1188 1063 1233 1133 ad
1260 1063 1347 1133 duas
1373 1084 1508 1133 marcas
1533 1055 1749 1134 aestimatur.

440 1190 444 1200 '
577 1184 736 1273 Knnssr,
772 1184 855 1256 villa
886 1186 950 1259 sub
985 1183 1152 1273 parochia
1186 1184 1229 1254 de
1264 1183 1380 1275 Kyie
1416 1185 1500 1272 sita,
1537 1184 1635 1253 cuius
1669 1183 1795 1254 haeres
1830 1183 2016 1255 Zawissius

467 1307 644 1397 Lipslry
680 1306 723 1376 de
760 1307 865 1376 armis
901 1304 1097 1393 Olobok,
1125 1305 1161 1374 in
1197 1311 1374 1394 quaeunt
1408 1310 1481 1375 tres
1508 1303 1600 1374 lanei
1627 1304 1860 1375 cmetbouales
1886 1310 1924 1375 et
1948 1326 2020 1376 una

431 1501 434 1510 ,
466 1427 623 1516 taberna,
649 1427 781 1498 babens
809 1447 922 1516 agros,
949 1425 992 1496 de
1020 1426 1145 1516 quibus
1172 1425 1320 1496 solvitur
1346 1431 1383 1496 et
1409 1425 1613 1496 conducitur
1638 1425 1773 1495 decima
1793 1426 2018 1516 manipularis

468 1553 505 1652 et
531 1547 707 1636 cauapalis
734 1567 797 1636 pro
825 1545 1024 1636 praebenda
1050 1545 1258 1616 Kielcziensi
1285 1546 1548 1634 Brzechowska,
1576 1551 1613 1616 et
1638 1545 1738 1616 valor
1763 1545 1838 1616 eius
1856 1547 2018 1617 aestima-

351 1733 356 1740 ,
466 1675 525 1738 111
560 1661 605 1738 11
641 1674 713 1738 1111
749 1687 899 1756 marcas,
926 1667 1010 1738 item
1037 1672 1091 1738 e'st
1118 1667 1168 1738 ibi
1193 1666 1376 1756 praedium
1402 1687 1508 1736 unum
1533 1666 1702 1756 militare,
1729 1666 1772 1737 de
1799 1666 1897 1738 cuius
1923 1667 2018 1756 agris

467 1789 614 1860 solvitur
641 1789 774 1859 decima
800 1788 1026 1878 manipularis
1053 1787 1219 1858 ecclesiae
1245 1787 1379 1857 mediae
1405 1788 1517 1877 partis
1543 1787 1679 1877 ligneae
1696 1786 1857 1858 Omnium
1876 1786 2019 1859 Sancto-

466 1930 542 1980 rum
569 1910 604 1979 in
633 1909 870 1998 Gracovia,
897 1909 994 1979 cuius
1021 1909 1119 1979 valor
1147 1908 1192 1978 ad
1219 1908 1306 1978 duas
1332 1929 1467 1979 marcas
1494 1908 1708 1980 aestimatur.

569 2031 701 2100 Domus
728 2031 845 2119 lignea
870 2030 905 2098 in
933 2029 1067 2118 platea,
1094 2029 1306 2099 monasterio
1334 2028 1453 2099 Sancti
1479 2027 1658 2100 Francisci
1686 2029 1913 2119 commentata,
1940 2031 2018 2120 sita,

466 2152 563 2222 cuius
599 2151 794 2240 proprietas
830 2149 874 2218 ad
909 2149 1093 2242 plebanum
1127 2147 1287 2220 Omnium
1324 2147 1530 2221 Sanctorum
1557 2151 1591 2220 in
1619 2148 1848 2222 Oracovia
1873 2151 2018 2222 alterius

466 2271 577 2360 partis
613 2271 748 2359 ligneae
784 2269 955 2358 pertinet,
993 2291 1094 2359 quam
1129 2275 1209 2359 post
1244 2271 1518 2342 combustionem
1554 2271 1781 2341 incineratum
1817 2271 2019 2343 reaedificat

466 2392 562 2480 ligno
599 2390 754 2460 eiusdem
781 2390 944 2460 eeclesiae
971 2389 1104 2461 mediae
1131 2391 1242 2481 partis
1269 2391 1404 2482 ligneae
1430 2392 1599 2481 plebanus
1617 2391 1783 2464 Arnoliue
1801 2393 1845 2464 de
1863 2393 2019 2482 Myrze-

468 2511 593 2581 niecz
631 2511 848 2581 decretorum
875 2511 997 2581 doctor
1023 2512 1209 2582 canonicus
1236 2510 1486 2601 Cracoviensis,
1512 2512 1549 2582 in
1576 2512 1644 2602 qua
1670 2513 1839 2602 plebanus
1865 2513 2018 2585 eiusdem

467 2631 578 2721 partis
614 2632 773 2703 babitare
809 2633 1002 2722 consuerit,
1031 2645 1118 2722 quae
1155 2653 1267 2722 nunc,
1294 2634 1457 2723 quoniam
1484 2635 1520 2703 in
1548 2633 1635 2703 duas
1661 2639 1780 2723 partes
1803 2634 1937 2724 111111,
1964 2642 2019 2706 111

467 2751 651 2842 arandela,
688 2753 792 2824 solvit
828 2759 905 2824 octo
941 2773 1086 2824 marcas.
1125 2755 1215 2825 Item
1250 2754 1370 2825 eadem
1407 2754 1552 2825 ecelesia
1587 2755 1720 2826 mediae
1746 2755 1857 2846 partis
1882 2756 2019 2846 ligneae

465 2873 572 2944 habet
606 2895 648 2943 111
685 2873 754 2944 1111
780 2880 880 2963 parte
908 2873 1045 2963 plateae
1073 2875 1280 2964 castrensis,
1307 2895 1416 2964 usque
1443 2875 1488 2944 ad
1515 2875 1655 2946 domum
1681 2875 1874 2965 praelatam
1900 2877 2019 2966 pleba-

466 2994 580 3064 nalem
618 2994 757 3082 demea,
793 3015 836 3063 ex
874 2995 998 3083 quibus
1036 2994 1103 3064 sibi
1138 2995 1321 3066 solvuntur
1347 2996 1448 3065 annis
1475 2995 1620 3086 singulis
1651 3015 1777 3067 census
1816 3003 2020 3068 terrestres:

466 3115 579 3203 prima
605 3113 726 3184 domus
755 3113 859 3186 solvit
885 3135 990 3184 unum
1016 3113 1196 3204 fertonem,
1223 3115 1375 3187 secunda
1402 3116 1524 3186 domus
1552 3118 1657 3188 solvit
1683 3117 1841 3188 undecim
1866 3139 2020 3209 grossoS,

464 3234 571 3305 tertia
608 3233 728 3304 domus
766 3233 871 3305 solvit
906 3240 1039 3325 septem
1074 3255 1237 3326 grossos,
1269 3243 1395 3328 quarta
1429 3237 1535 3310 solvit
1570 3238 1687 3310 decem
1713 3261 1871 3331 grossos,
1899 3241 2021 3331 quinta

467 3354 598 3443 domus,
627 3375 714 3443 quae
742 3361 795 3425 est
821 3376 930 3444 parva
957 3356 1095 3446 lapidea
1120 3362 1281 3447 respectu
1308 3359 1463 3449 aliarum,
1491 3360 1596 3431 soluit
1623 3367 1772 3451 quatuor
1797 3382 1947 3451 grossos.
1965 3362 2020 3433 De

466 3474 643 3545 offertorio
670 3476 879 3565 proveniunt
906 3476 1006 3547 annis
1034 3478 1179 3568 singulis
1205 3479 1353 3569 plebano
1379 3480 1538 3569 praefato
1570 3482 1681 3571 partis
1707 3480 1843 3572 ligneae
1870 3490 2021 3573 quatuor

465 3614 604 3667 marcae
629 3596 684 3666 vel
713 3596 819 3683 citra3
848 3596 890 3667 de
917 3597 1170 3670 columbatione
1196 3601 1407 3690 proveniunt
1433 3602 1545 3673 eidem
1572 3603 1719 3693 plebano
1746 3604 1846 3675 annis
1873 3604 2019 3694 singulis

466 3717 569 3787 etiam
597 3723 745 3808 quatuor
771 3738 908 3789 marcae
935 3719 991 3791 vel
1019 3720 1114 3791 citra.

791 3982 981 4064 Ecclesia
1016 3984 1200 4065 Sanctae
1232 3984 1380 4067 Annae
1413 3989 1453 4067 in
1484 3986 1710 4069 cracovia.

567 4199 664 4269 Inter
703 4202 917 4291 parochiales
954 4204 1117 4275 ecclesias
1144 4194 1242 4276 urbis
1269 4204 1508 4279 Gracoviensis
1534 4230 1605 4279 una
1630 4217 1685 4281 est
1711 4232 1834 4283 versus
1861 4213 2019 4285 occiden-

465 4326 533 4389 tem
563 4321 638 4410 sita,
664 4328 702 4391 et
729 4320 873 4412 collegio
901 4325 1100 4395 artistarum
1129 4327 1333 4417 propinqua,
1357 4349 1501 4419 corpore
1520 4352 1655 4421 quoque
1673 4333 1831 4422 magistri
1848 4333 2019 4407 iohannis

465 4440 508 4511 de
544 4440 729 4535 Kanthy
766 4463 886 4514 sacrae
913 4444 1122 4535 Theologiae
1150 4448 1376 4539 professoria,
1403 4450 1512 4522 multa
1538 4452 1779 4542 prodigiorum
1805 4456 2018 4527 sublimitate

464 4562 684 4653 refulgentia,
710 4564 913 4655 nobilitata,
941 4572 1017 4637 1111
1052 4587 1094 4638 ex
1121 4568 1231 4639 111111
1258 4568 1447 4660 fabricata,
1474 4573 1585 4644 latere
1612 4596 1748 4665 quoque
1774 4582 1877 4647 tecta.
1913 4577 2018 4649 Cuius

464 4684 587 4774 choro,
616 4686 776 4773 quoniam
813 4692 979 4777 angustus
1016 4694 1051 4758 11
1088 4689 1205 4760 brevis
1232 4697 1328 4780 erat,
1355 4694 1522 4783 magister
1547 4694 1725 4783 lohannes
1752 4696 1796 4767 de
1823 4695 2018 4790 Wyeluu

467 4822 585 4875 sacrae
613 4804 823 4895 Theologiae
850 4808 1090 4897 baccalareus,
1118 4816 1154 4880 et
1181 4812 1335 4883 eiusdem
1361 4814 1527 4886 ecclesiae
1554 4822 1638 4886 tunc
1663 4817 1850 4908 plebanuS,
1877 4820 2019 4910 egregio

463 4931 500 4995 11
525 4924 655 4997 famoso
683 4926 917 5017 praedicatori
944 4929 1118 5001 idiomatis
1145 4932 1308 5023 polonici,
1335 4936 1502 5025 magistro
1529 4935 1749 5027 Sigismundo
1768 4938 1811 5009 de
1837 4938 1985 5031 Pysdr
1996 4964 2020 5032 y

440 5064 583 5116 sacrae
611 5046 819 5137 Theologiae
845 5048 1070 5121 baccalaureo
1097 5050 1256 5142 formato,
1283 5055 1470 5127 succedens
1496 5056 1539 5126 A.
1555 5056 1598 5127 D.
1620 5060 1728 5149 1428,
1748 5058 2019 5133 afuudamentis

463 5166 637 5257 demolito,
664 5188 791 5239 novum
818 5175 854 5240 et
880 5171 1110 5243 extensiorem
1137 5174 1173 5244 iu
1200 5196 1318 5247 omnes
1345 5183 1464 5266 partes
1492 5178 1635 5249 chorum
1662 5201 1705 5251 ex
1728 5180 1839 5252 latere
1857 5184 2019 5273 magistri

462 5284 484 5357 J
494 5288 648 5357 szneri
675 5294 711 5359 et
738 5290 809 5361 suis
836 5292 988 5382 propriis
1016 5295 1171 5384 pecuniis
1197 5296 1383 5368 fabricavit
1408 5304 1444 5369 et
1461 5301 1684 5373 consumavit.
1711 5300 1825 5374 Huius
1852 5303 2018 5375 ecclesiae

465 5408 706 5481 serenissimus
742 5408 906 5484 Poloniae
941 5434 1003 5485 rex
1040 5422 1118 5488 erat
1144 5416 1325 5510 fundator,
1354 5419 1494 5492 dotator
1520 5426 1556 5491 et
1581 5428 1769 5513 patronus;
1796 5426 1858 5497 aed
1884 5423 2019 5497 Wladi-

462 5526 555 5599 slaus
591 5529 767 5603 Secundus
803 5532 967 5605 Poloniae
1004 5556 1085 5627 rex,
1121 5536 1265 5609 fundata
1291 5539 1529 5612 Universitate
1556 5542 1795 5636 Gracoviensi,
1824 5568 1924 5619 omne
1961 5549 2017 5621 ius

463 5656 669 5740 patronatus
707 5652 742 5729 iu
779 5652 939 5733 doctores
975 5662 1011 5733 11
1043 5658 1231 5756 magistros
1263 5660 1400 5758 collegii
1426 5663 1650 5759 artistarum,
1677 5664 1713 5740 iu
1741 5666 1836 5743 cuius
1864 5675 1900 5746 et
1926 5690 2019 5745 nuuc
