4550 6600
481 767 487 777 ¹
516 738 592 817 lsi

541 1046 546 1055 Ι
617 946 788 1041 Lrnow,·
811 944 896 1021 villa
920 944 986 1021 suh
1013 944 1179 1040 parochIa
1205 921 1351 1023 Sanctae
1379 944 1560 1023 Trinitatis
1587 947 1631 1023 de
1657 944 1956 1022 Zauichosth
1980 948 2045 1044 situ

514 1072 611 1143 cuius
637 1071 760 1143 haeres
783 1070 965 1143 Iohannes
990 1070 1252 1163 Lynowslry
1279 1071 1322 1143 de
1348 1091 1475 1161 genere
1501 1070 1795 1144 Rawitarum.
1822 1070 1863 1141 ln
1892 1090 1960 1161 qua
1983 1092 2047 1163 sep

413 1276 421 1285 ἱ
512 1198 583 1261 tem
609 1192 711 1281 lanei,
738 1196 774 1265 et
798 1197 872 1263 tres
898 1192 1066 1263 tabernae
1092 1193 1263 1265 habentes
1289 1212 1410 1282 agros,
1446 1192 1489 1263 de
1517 1193 1643 1283 quihus
1671 1192 1865 1271 decimatur
1892 1192 2047 1263 archidia-

513 1312 654 1385 conatui
679 1312 963 1403 Zawichostensi‚
990 1313 1087 1385 cuius
1114 1313 1214 1385 valor
1239 1312 1284 1384 ad
1311 1332 1373 1385 sex
1398 1332 1532 1385 marcas
1559 1314 1773 1385 aestimatur.
1817 1312 1909 1383 Item
1936 1316 1987 1383 est
2009 1312 2049 1385 ibi

514 1434 694 1524 praedium
720 1434 889 1523 militare,
924 1439 961 1505 et
987 1439 1135 1524 quotuor
1161 1434 1380 1506 hortulaniae
1406 1434 1575 1507 habentes
1601 1455 1724 1526 agros,
1750 1433 1794 1505 de
1821 1433 1947 1525 quihus
1972 1432 2050 1505 deci·

514 1560 629 1626 metm
654 1554 818 1627 ecclesiae
845 1554 993 1627 Sanctae
1020 1554 1204 1627 Trinitatis
1232 1555 1267 1625 in
1293 1554 1602 1627 Zawichosth.

617 1675 834 1747 Lrnowsm
859 1674 1025 1765 worse,
1061 1675 1149 1746 uilla
1176 1675 1240 1749 sub
1267 1676 1433 1765 parochia
1467 1676 1615 1751 Sanctae
1641 1674 1824 1748 Trinitatis
1859 1675 1899 1745 in
1930 1672 2052 1745 Zaui·

514 1796 681 1868 chaath
707 1796 784 1887 sita,
811 1796 908 1866 cuius
934 1795 1060 1867 haeres
1086 1795 1178 1866 idem
1204 1796 1383 1869 lohannes
1409 1797 1664 1889 Liuowsky.
1690 1796 1732 1867 In
1750 1816 1820 1888 qua
1845 1815 1970 1881 novem
1987 1816 2052 1866 cum

513 1917 628 1989 medio
654 1917 747 1989 lanei
773 1916 1020 2008 cmethonales‚
1048 1916 1091 1987 de
1118 1917 1242 2008 quibus
1269 1918 1429 1991 omnihus
1456 1918 1648 1989 decimatur
1675 1916 1973 1989 archidiaconatui
1996 1914 2052 1987 Za-

513 2037 755 2127 nichodemi,
790 2044 827 2108 et
852 2038 951 2109 valor
978 2038 1052 2109 eius
1080 2038 1125 2109 ad
1153 2058 1213 2109 sex
1241 2059 1382 2111 marcas.
1426 2038 1514 2110 Item
1541 2045 1595 2111 est
1620 2038 1670 2109 ihi
1696 2037 1878 2128 praedium
1906 2037 2051 2127 militare,

363 2184 370 2195 ¹
513 2158 597 2229 item
623 2159 770 2229 taberna
795 2158 928 2229 hahens
955 2178 1068 2249 agros,
1095 2164 1130 2229 et
1157 2158 1245 2231 duae
1271 2160 1498 2251 hortulaniae‚
1526 2159 1569 2231 de
1596 2158 1720 2251 quibus
1747 2158 1942 2231 decimatur
1959 2158 2052 2229 eccle-

515 2278 587 2349 siae
613 2277 761 2351 Sanctae
788 2278 972 2350 Trinitatis
998 2281 1035 2351 in
1061 2279 1369 2354 Zawichosth.

727 2478 732 2485 ,
1152 2474 1154 2481 .
1206 2401 1371 2477 Ozrzow.

619 2518 714 2592 Villa
738 2520 871 2592 habens
897 2521 934 2591 in
961 2542 998 2593 se
1025 2522 1206 2595 ecclesiam
1233 2524 1466 2614 parochialem
1492 2524 1606 2616 lapide
1633 2524 1712 2595 albo
1739 2526 1925 2611 minatam,
1950 2517 2053 2591 Omni

514 2641 579 2713 bus
605 2639 742 2713 Sanctis
769 2641 930 2732 dicatam,
956 2642 1053 2715 cuius
1080 2645 1227 2715 collator
1253 2651 1290 2717 et
1316 2651 1484 2736 patronus
1512 2651 1566 2717 est
1583 2644 1761 2717 Iohannes
1789 2640 2053 2733 Ozyzowsly

514 2762 559 2833 de
584 2762 690 2832 armis
717 2761 994 2854 Polukozye.
1029 2764 1070 2835 In
1098 2786 1168 2855 qua
1194 2766 1319 2855 viginti
1347 2770 1497 2857 quatuor
1522 2766 1614 2837 lanei
1641 2763 1887 2853 cmethonales‚
1916 2760 2052 2851 quinque

514 2884 698 2974 tabernae,
734 2883 777 2954 de
805 2884 930 2973 quibus
957 2885 1116 2957 omnibus
1153 2886 1346 2959 decimatur
1380 2886 1607 2959 scholastriae
1643 2883 1937 2973 sandomiriensi,
1971 2882 2053 2953 cuius

515 3004 613 3075 valor
638 3004 684 3075 ad
710 3004 835 3095 viginti
861 3025 996 3077 marcas
1023 3006 1240 3097 aestimatur;
1268 3008 1414 3081 ecclesia
1434 3013 1550 3081 autem
1576 3005 1734 3099 praelata
1759 3010 1900 3077 murata
1927 3010 1979 3075 ast
2003 3022 2053 3092 per

515 3122 723 3219 Michaelem
749 3125 792 3196 de
819 3125 1147 3217 Bogumylicze
1174 3130 1399 3203 castellanum
1418 3128 1730 3202 Sandomiriensem
1749 3127 1793 3199 de
1812 3126 1916 3199 domo
1944 3124 2053 3195 Polu-

516 3244 632 3318 koza
657 3246 817 3318 nobilem.
844 3247 883 3318 Iu
912 3269 981 3340 qua
1006 3249 1225 3341 praepositus
1253 3251 1405 3328 eiusdem
1425 3250 1590 3324 ecclesiae
1608 3251 1715 3324 hahet
1732 3248 1914 3342 proprium
1932 3246 2053 3318 laneum

516 3373 554 3438 et
579 3388 682 3458 agros
709 3374 746 3440 et
771 3376 892 3461 prata,
931 3391 995 3460 pro
1024 3391 1086 3443 suo
1112 3373 1256 3462 praedio
1283 3379 1321 3446 et
1346 3374 1563 3446 necessitate.
1606 3373 1694 3444 Item
1720 3375 1775 3444 est
1809 3370 1860 3442 ihi
1888 3367 2052 3460 praediun

517 3489 678 3581 militare,
704 3491 748 3564 de
775 3493 872 3564 cuius
900 3493 994 3582 agris
1021 3493 1170 3566 solvitur
1197 3495 1328 3568 decima
1355 3497 1572 3588 praeposito,
1613 3515 1674 3566 seu
1700 3494 1848 3586 plebano
1877 3490 2003 3582 ibidem
2025 3489 2053 3558 iu

518 3609 715 3702 Gzyzow.

1138 3733 1246 3810 Gonr
1272 3757 1464 3812 sorumon.

620 3853 716 3928 Villa
741 3856 872 3929 hahens
899 3857 935 3928 in
962 3877 1001 3930 se
1027 3857 1207 3930 ecclesiam
1234 3859 1393 3951 ligneam,
1420 3859 1548 3932 Sancto
1574 3858 1658 3958 Vita
1686 3857 1843 3949 dicatam,
1871 3855 1970 3926 cuius
1986 3853 2054 3930 hae

368 4071 379 4082 .
417 4072 426 4087 ‚
516 3998 575 4048 res
599 3977 778 4050 Iohannes
805 3979 848 4050 de
874 3976 1196 4070 Oleschnycza
1222 3981 1265 4054 de
1292 3982 1398 4054 armis
1424 3981 1635 4054 Dambno.
1670 3981 1711 4052 ln
1738 4000 1806 4070 qua
1833 3979 1953 4050 decem
1977 3974 2054 4046 lanei

517 4087 769 4190 cmethonales‚
797 4101 992 4192 dequibus
1018 4101 1222 4192 decimatur
1237 4103 1533 4176 archidiaconatui
1558 4101 1867 4189 Zawichosthensi;
1893 4091 1990 4172 valor
2013 4094 2051 4167 ad

518 4220 697 4293 duodecim
725 4243 869 4294 marcas.
908 4223 998 4294 Item
1026 4229 1081 4295 est
1106 4225 1157 4296 ihi
1183 4246 1289 4296 unum
1316 4225 1497 4316 praedIum
1523 4225 1688 4315 militare,
1723 4221 1944 4294 hortulaniae
1969 4217 2053 4304 duae,

517 4340 561 4412 de
588 4342 713 4432 quibus
740 4343 933 4416 decimatur
959 4345 994 4416 in
1022 4343 1154 4437 Gory.
1197 4346 1287 4418 Item
1315 4367 1399 4438 ager
1425 4331 1617 4437 pl'ebaualis
1644 4343 1731 4418 nulli
1758 4343 1938 4418 obnoxius.
1979 4339 2054 4411 Item

517 4465 666 4536 taberna
691 4486 760 4536 una
786 4466 934 4557 plebani,
962 4488 1049 4558 quae
1075 4467 1180 4540 solvit
1198 4522 1313 4540 .....

599 4580 728 4658 'Gosr
754 4607 940 4678 mansion,
967 4588 1050 4660 villa
1076 4590 1140 4662 sub
1168 4590 1335 4680 parochia
1361 4589 1404 4661 de
1431 4586 1798 4680 SuperioriGor
1807 4609 1830 4678 y
1857 4586 1944 4676 sita,
1969 4581 2053 4654 cuius

519 4706 687 4782 haeredes
720 4708 899 4782 lohannes
935 4704 1145 4801 Langacz
1181 4711 1224 4782 de
1252 4712 1358 4784 armis
1393 4711 1607 4802 Druzyna
1642 4717 1680 4782 et
1709 4709 1887 4782 Johannes
1924 4703 2054 4777 Pella

519 4829 562 4900 de
589 4831 695 4904 armis
721 4830 744 4902 J
754 4831 902 4903 anina
928 4831 970 4902 In
997 4853 1066 4922 qua
1092 4837 1170 4905 octo
1197 4832 1303 4924 lanei,
1331 4833 1374 4906 de
1402 4833 1526 4924 quibus
1553 4831 1745 4904 decimatur
1772 4822 2054 4902 archidismonatui

518 4926 798 5043 z'awichosteuu
825 4957 863 5024 et
888 4951 988 5024 valor
1014 4953 1088 5025 eius
1114 4955 1322 5027 aestimatur
1348 4954 1392 5026 nd
1419 4959 1497 5027 octo
1525 4973 1669 5026 marcos.
1699 4953 1789 5034 Item
1815 4956 1897 5023 sunt
1924 4948 1972 5022 ibi
1996 4946 2053 5018 duo

518 5075 670 5166 praedia,
697 5080 735 5146 et
760 5073 849 5146 duae
876 5074 1043 5146 tabernae
1069 5075 1239 5146 hahentes
1267 5095 1387 5167 agros,
1424 5075 1467 5146 de
1494 5075 1619 5166 quihus
1646 5074 1841 5147 decimatur
1874 5073 1910 5142 in
1937 5068 2054 5158 Gory.

518 5196 606 5267 Item
633 5201 689 5268 est
714 5197 763 5268 ibi
789 5197 897 5268 tertia
912 5219 918 5226 ·
931 5197 1079 5268 taberna
1112 5196 1278 5270 ecclesiae
1314 5196 1358 5270 de
1382 5195 1751 5288 Zdzechowycze
1785 5194 1919 5268 habens
1954 5206 2052 5281 agros,

518 5317 666 5409 plebano
693 5324 809 5390 tamen
836 5318 872 5388 in
900 5314 1021 5408 [lory
1048 5318 1242 5394 decimatur
1268 5317 1311 5390 de
1337 5318 1534 5392 huiusmodi
1560 5319 1714 5392 taberna

624 5439 810 5530 Gzrsurn,
836 5440 919 5537 ¹villa
946 5441 1010 5512 suh
1037 5440 1204 5529 parochia
1230 5439 1273 5512 de
1300 5437 1427 5531 Gari,
1459 5441 1556 5512 cuius
1582 5441 1707 5512 haeres
1732 5437 1846 5510 Lucas
1873 5435 1916 5509 de
1942 5433 2053 5521 Slup

520 5582 599 5635 cra
624 5561 667 5633 de
692 5563 795 5635 domo
821 5562 955 5634 Rawa
982 5563 1045 5653 prd
1072 5583 1142 5634 una
1168 5567 1269 5652 parte
1290 5563 1426 5654 minori,
1452 5563 1576 5652 inqua
1594 5567 1676 5634 sunt
1694 5567 1844 5653 quatuor
1869 5557 1960 5630 lanei
1977 5571 2053 5626 cmc·

519 5683 690 5778 thonaes,
715 5691 751 5756 et
769 5690 919 5776 quatuor
936 5683 1166 5777 hortulaniae;
1187 5689 1223 5756 et
1240 5683 1519 5757 sanctimoniales
1536 5683 1656 5757 Sancti
1673 5683 1834 5754 Andreae
1852 5702 1917 5774 pro
1934 5674 2053 5764 maiori
2143 5783 2144 5790 Ν
