4550 6600
537 766 613 837 570

534 975 658 1045 haeres
685 963 862 1041 Joha'nnes
889 966 932 1039 de
960 968 1065 1039 armis
1092 968 1115 1040 J
1125 943 1457 1059 astrzambony.
1482 968 1525 1039 In
1547 990 1618 1059 qua
1637 972 1720 1041 sunt
1735 968 1828 1040 lanei
1847 968 2061 1063 amathonalea

536 1094 619 1163 item
649 1110 753 1161 uuum
781 1088 961 1179 praedium
996 1090 1167 1180 militare,
1194 1090 1237 1160 de
1264 1089 1388 1179 quibus
1415 1090 1574 1162 omnihus
1601 1088 1747 1161 solvitur
1773 1088 1909 1161 decima
1932 1093 2063 1183 manipu-

538 1212 623 1283 laris
660 1232 724 1302 pro
760 1211 990 1301 monasterio,
1026 1215 1063 1281 et
1097 1209 1265 1282 fratribus
1292 1210 1440 1281 Sanctae
1465 1208 1587 1283 Crucis
1613 1209 1747 1283 Calui
1771 1210 1964 1301 Montis,
1986 1214 2064 1287 cuius

538 1334 637 1407 valor
663 1334 708 1405 ad
735 1337 885 1424 quatuor
911 1352 1045 1404 marcas
1073 1332 1286 1403 aestimatur.
1766 1400 1779 1415 ,

644 1456 810 1545 Brenno,
837 1454 921 1525 villa
947 1453 1011 1525 sub
1039 1452 1205 1543 parochia
1231 1452 1274 1523 de
1301 1451 1670 1544 Wanwelnycza,
1698 1453 1798 1526 cuius
1823 1452 1988 1526 haeredes
2009 1456 2065 1528 An-

538 1578 641 1649 dreas
667 1581 704 1649 et
730 1574 857 1646 Petrus
883 1573 1040 1664 germani
1067 1573 1110 1645 de
1137 1574 1244 1645 armis
1269 1573 1454 1664 Prussy.
1492 1573 1535 1644 In
1560 1593 1631 1664 qua
1655 1574 1749 1645 lanei
1775 1572 2012 1663 cmethonales‚
2033 1577 2065 1647 de

322 1760 326 1768 .
442 1775 444 1781 ,
540 1696 665 1787 quibus
702 1695 860 1767 omnibus
896 1693 1042 1765 solvitur
1075 1699 1111 1765 et
1137 1693 1343 1766 conducitur
1368 1693 1503 1765 decima
1528 1693 1773 1784 manipularis,
1798 1714 1867 1799 pro
1892 1696 2066 1784 praeposito

543 1822 580 1890 et
605 1817 751 1889 ecclesia
777 1816 813 1887 in
839 1814 1200 1907 Wanwelnycza,
1226 1815 1325 1885 cuius
1351 1814 1451 1887 valor
1476 1814 1681 1886 aestimatur
1707 1813 1868 1887 adduas
1894 1834 2028 1886 marcas.

643 1938 832 2010 Dznwcza
869 1956 988 2026 soah,
1008 1935 1100 2007 ¹villa
1134 1937 1199 2007 suh
1234 1934 1401 2026 parochia
1435 1934 1479 2006 de
1505 1934 1858 2027 Wanwelnycza
1883 1935 1966 2025 sita,
1989 1936 2066 2009 cuius

400 2044 403 2061 '
541 2058 737 2150 proprietas
772 2057 817 2129 ad
843 2056 1079 2148 praepositum
1114 2057 1158 2128 de
1184 2054 1535 2147 Wanwelnycza
1560 2057 1729 2151 pertinet,
1756 2056 1793 2127 in
1819 2076 1892 2147 qua
1916 2077 1982 2127 uon
2004 2065 2067 2129 sunt

544 2180 763 2269 cmethones,
798 2198 909 2269 neque
948 2177 1184 2267 hortulaniae,
1211 2177 1272 2249 sed
1298 2182 1485 2249 estonum
1511 2177 1691 2268 praedium
1717 2178 1876 2250 eiusdem
1902 2180 2067 2268 praepositi

539 2302 583 2373 de
618 2300 986 2391 Wanwelnyoza,
1021 2298 1066 2371 ad
1102 2298 1189 2370 duos
1223 2298 1278 2369 vel
1304 2303 1377 2370 tres
1401 2299 1523 2371 laneos
1549 2299 1785 2389 aestimatum,
1812 2320 1893 2401 cum
1918 2298 2019 2389 pratia
2038 2306 2066 2372 et

543 2424 622 2494 aliis
650 2422 896 2513 correquisitis,
925 2420 968 2492 de
996 2420 1120 2511 quibus
1147 2420 1341 2492 decimam.
1360 2474 1367 2489 .
1386 2420 1509 2492 .Haeo
1534 2424 1652 2493 autem
1678 2420 1763 2492 villa
1788 2420 1874 2491 olim
1899 2420 2067 2509 pertinebat

539 2544 584 2615 ad
612 2543 860 2615 monasterium
896 2540 1224 2631 Szeczechoviense,
1249 2541 1312 2613 sed
1348 2540 1501 2613 alienata
1526 2546 1591 2632 est,
1617 2542 1788 2615 incertum
1815 2540 1999 2632 quomodo,
2019 2548 2066 2613 aot

543 2685 586 2736 ex
615 2684 682 2755 qua
708 2682 820 2752 causa,
847 2682 869 2733 a
894 2662 1105 2735 monasterio
1132 2660 1299 2751 praefato.

644 2784 942 2872 Prornowuozn,
970 2782 1054 2853 villa
1080 2782 1145 2854 suh
1180 2782 1348 2871 parochia
1373 2780 1539 2853 ecclesiae
1565 2781 1610 2853 de
1635 2782 1985 2872 Wanwelnycza
2005 2781 2066 2870 sitg

546 2906 643 2977 cuius
669 2903 838 2977 haeredes
849 2958 856 2973 .
867 2902 945 2973 ..de
964 2904 1070 2974 armis
1088 2902 1190 2975 Oua
1216 2903 1257 2974 Iu
1276 2924 1345 2993 qua
1363 2907 1445 2975 sunt
1461 2902 1553 2973 lanei
1571 2903 1816 2992 cmethonales,
1834 2903 1921 2973 item
1937 2902 2065 2991 taberna,

545 3028 628 3097 item
659 3023 837 3096 hortulani
872 3023 1039 3095 hahentes
1068 3042 1189 3112 agnou,
1216 3023 1299 3093 item
1325 3022 1523 3113 praedium,
1549 3023 1593 3095 de
1620 3023 1746 3113 quibus
1772 3022 1935 3093 omnibus
1959 3026 1991 3091 et
2011 3022 2064 3091 sin·

539 3146 630 3236 gulis
666 3144 812 3215 solvitur
848 3148 884 3215 et
920 3142 1123 3215 conducitur
1158 3142 1291 3219 decima
1327 3143 1553 3233 manipularis
1579 3148 1616 3215 et
1642 3143 1837 3233 cenapolis,
1866 3142 2065 3214 ecclesiaeet

541 3264 740 3356 praeposito
781 3264 818 3335 in
853 3262 1221 3354 Wa'nwelnycza,
1257 3238 1305 3335 ec'
1329 3262 1428 3336 valor
1463 3264 1542 3363 ,eius
1577 3264 1782 3337 aestimatur
1816 3262 1865 3336 ad
1900 3259 2063 3354 quindecim

540 3406 685 3458 marcas.
717 3429 720 3436 ·

1223 3507 1416 3578 Baumczm

642 3625 815 3718 Oppidum
850 3625 982 3698 habens
1020 3625 1055 3696 in
1092 3647 1130 3698 se
1166 3626 1346 3700 ecclesiam
1380 3627 1547 3717 ligneam,
1574 3625 1801 3702 Conversioui
1836 3627 1956 3699 Sancti
1986 3622 2063 3695 Pauli

538 3749 700 3841 Apostoli
719 3747 878 3838 dicatam,
906 3747 1003 3818 ornus
1029 3749 1154 3818 haeres
1180 3747 1359 3821 lohannes
1385 3749 1636 3841 Pileczsky
1662 3749 1706 3820 de
1730 3753 1838 3820 armis
1865 3748 2062 3837 Lelyna...

643 3869 909 3958 Kaaszurozn,
937 3869 1020 3939 villa
1047 3869 1110 3940 sub
1137 3869 1303 3959 parochia
1328 3868 1372 3942 de
1398 3869 1616 3942 Belzicze
1642 3869 1727 3959 sita,
1753 3871 1853 3942 cuius
1881 3869 1996 3941 haeres
2015 3865 2062 3938 do

540 3992 676 4063 hames
702 3989 1035 4081 Pilyeczsky...

647 4109 876 4182 Gnauurnoz
898 4109 1088 4182 humanam
1142 4163 1150 4179 .
1204 4164 1211 4180 .
1265 4163 1272 4179 .
1325 4164 1333 4179 .

644 4231 975 4304 Wuazouowusna
1000 4231 1225 4303 Mucuaunrs
1278 4285 1286 4300 .
1338 4286 1346 4301 .
1400 4286 1408 4300 .
1461 4286 1469 4302 .

1239 4350 1391 4425 Concu.

644 4471 817 4562 Oppidum
844 4471 975 4544 habens
1002 4471 1037 4542 in
1065 4492 1102 4543 se
1129 4472 1362 4562 parochialem
1389 4471 1569 4544 ecclesiam
1594 4471 1762 4561 ligneam,
1787 4471 1917 4544 Sancto
1941 4468 2060 4560 Aegida

541 4595 698 4683 dicatam,
726 4592 822 4664 cuius
849 4593 973 4664 haeres
1000 4589 1184 4664 Johanhes
1204 4591 1232 4662 Z
1241 4593 1442 4664 bansszh
1451 4615 1474 4684 y
1500 4591 1544 4664 de
1570 4591 1676 4663 armis
1702 4591 1736 4662 N
1745 4592 1919 4664 alancz.
1951 4591 1987 4661 ln
2008 4607 2059 4679 quo

533 4717 622 4785 'aunt
656 4714 747 4784 lanei
784 4712 1053 4803 oppidanorum,
1081 4713 1123 4812 de
1152 4713 1277 4803 quihus
1304 4713 1462 4786 omnihus
1489 4713 1637 4786 solvitur
1663 4718 1700 4785 et
1726 4714 1932 4786 conducitur
1954 4711 2060 4784 decima

539 4833 774 4924 manipularis,
793 4854 857 4924 pro
884 4834 1087 4924 episcopatu
1114 4833 1345 4925 cracoviensi,
1371 4834 1469 4906 cuius
1495 4834 1594 4906 valor
1615 4835 1822 4906 aestimatur
1838 4835 1885 4907 ad
1902 4838 1975 4906 octo
1988 4849 2058 4904 mar·

540 4975 606 5028 cas.
645 4955 733 5026 Item
768 4960 823 5026 est
858 4954 906 5026 ibi
940 4975 1046 5026 unum
1072 4955 1253 5046 praedium
1278 4956 1483 5028 militare...
1497 4956 1586 5028 Item
1611 4956 1661 5028 ihi
1688 4956 1835 5029 ecclesia
1859 4961 1897 5029 et
1921 4955 2057 5047 plebanus

519 5076 645 5180 ¹habet
672 5074 831 5165 proprios
859 5095 962 5165 agros
989 5059 1026 5147 et
1051 5081 1163 5166 prata,
1190 5097 1255 5166 pro
1282 5097 1344 5149 suo
1371 5097 1437 5148 usu
1463 5082 1500 5149 et
1525 5076 1743 5148 necessitate.

643 5195 806 5286 Pnouur,
833 5194 917 5268 villa
944 5197 1008 5268 sub
1035 5197 1201 5287 parochia
1227 5198 1270 5270 de
1297 5196 1466 5288 Ourow,
1483 5198 1561 5289 sita,
1588 5197 1684 5270 cuius
1710 5198 1907 5290 proprietas
1932 5192 2055 5268 eiusdem

540 5315 791 5409 Gurowslry
817 5317 861 5388 de
888 5315 993 5388 armis
1020 5317 1233 5390 Nalancz.
1259 5319 1300 5389 In
1327 5340 1395 5410 qua
1421 5323 1503 5392 sunt
1527 5320 1620 5391 lanei
1638 5320 1881 5409 cmethonales,
1899 5315 2054 5407 dequibus

539 5438 695 5510 omnibus
723 5438 869 5511 solvitur
896 5444 932 5510 ct
959 5440 1162 5512 conducitur
1188 5439 1321 5512 decima
1346 5439 1574 5530 manipularis
1600 5445 1637 5511 et
1662 5441 1847 5532 canapalis,
1874 5461 1935 5531 pro
1960 5452 2052 5508 mona·

539 5559 646 5630 sterio
674 5559 818 5630 Sanctae
845 5557 966 5632 Crucis
994 5561 1127 5634 Calvi
1154 5561 1340 5650 Montis,
1367 5561 1464 5633 cuius
1490 5562 1590 5634 valor
1616 5561 1663 5632 ad
1689 5582 1750 5633 sex
1776 5581 1908 5632 marcas
1924 5557 2052 5631 amdml·

538 5683 605 5749 tur.
632 5679 720 5750 Item
746 5681 794 5752 ihi
822 5687 875 5752 est
902 5681 1080 5774 praedium
1107 5703 1214 5754 unum
1240 5682 1401 5774 militare,
1427 5681 1472 5754 de
1498 5683 1597 5755 cuim
1623 5682 1717 5773 agris
1735 5681 1974 5754 decimatur...
