4550 6600
1693 750 1768 823 aar
1812 746 1825 858 j

223 956 257 1025 et
291 950 495 1023 conducitur
529 949 661 1023 decima
694 950 921 1043 manipularis
954 958 990 1025 et
1020 954 1198 1045 canapalis
1232 975 1298 1045 pro
1328 956 1507 1046 magistris
1541 957 1650 1029 studii
1686 945 1771 1031 (lra-

224 1073 411 1160 coviensis3
446 1074 529 1143 item
566 1072 712 1165 quilibet
747 1074 881 1153 ometho
917 1072 1058 1151 tenetur
1093 1075 1227 1148 solvere
1258 1099 1370 1148 uuum
1406 1098 1567 1169 grossum
1594 1078 1638 1150 de
1661 1079 1772 1169 laneo,

222 1194 383 1266 ecclcsiae
411 1194 445 1265 in
473 1193 496 1265 J
506 1194 662 1286 assyel
689 1195 824 1297 ratione
861 1193 1034 1282 meccham
1059 1197 1144 1268 item
1170 1202 1225 1269 cst
1251 1198 1301 1269 ibi
1328 1200 1508 1288 praedium
1534 1200 1701 1291 militare,
1727 1200 1773 1272 de

222 1335 287 1408 quo
314 1315 505 1387 decimatur
532 1316 697 1389 ecclesiae
724 1316 760 1387 in
787 1315 821 1387 X
829 1318 1096 1409 yangnicze.
1634 1383 1638 1391 .

322 1435 512 1526 Lassora,
540 1437 622 1509 villa
649 1438 713 1509 sub
739 1438 905 1527 parochia
931 1438 974 1511 de
1000 1438 1024 1511 J
1034 1440 1189 1531 assycl
1217 1442 1294 1511 sita.
1320 1440 1361 1511 Iu
1389 1462 1457 1532 qua
1474 1448 1555 1513 sunt
1572 1426 1664 1513 lanei
1682 1462 1772 1514 ome-

221 1558 388 1648 thonales,
414 1559 497 1629 item
524 1558 702 1648 praedium
729 1560 896 1649 militare,
924 1560 967 1633 de
994 1555 1119 1651 quibus
1146 1563 1306 1635 omnibus
1333 1563 1480 1635 solvitur
1505 1566 1543 1635 ot
1568 1563 1772 1635 conducitur

221 1678 352 1749 decima
377 1679 603 1769 manipularis
630 1686 666 1751 et
694 1680 870 1770 casopolis
896 1681 1061 1753 ecclesiae
1087 1683 1123 1753 in
1149 1682 1173 1755 J
1183 1684 1346 1774 assyel.

321 1798 597 1891 Janorrowrrn,
625 1800 708 1873 villa
734 1803 798 1874 sub
825 1803 992 1893 parochia
1017 1803 1061 1875 de
1087 1803 1110 1875 J
1120 1805 1278 1895 assycl
1305 1805 1383 1877 sita
1409 1806 1451 1876 lu
1478 1826 1547 1895 qua
1572 1810 1653 1877 suut
1679 1805 1772 1876 lanei

221 1922 462 2012 omethonales,
490 1922 533 1993 de
560 1923 685 2013 quibus
711 1924 859 1995 solvitur
886 1930 923 1997 et
949 1924 1155 1999 conducitur
1181 1926 1314 1997 decima
1340 1927 1567 2017 manipularis
1593 1927 1771 2017 magistris

221 2043 322 2115 studii
352 2041 611 2133 Gracoviensis;
638 2046 721 2120 item
748 2051 803 2118 est
829 2046 878 2119 ibi
904 2046 1065 2121 scoltetia
1091 2046 1223 2119 habeus
1250 2068 1363 2138 agros,
1390 2048 1577 2140 dequibus
1595 2070 1660 2139 pro
1677 2048 1770 2120 deci·-

220 2185 275 2235 mo
301 2164 485 2237 solvuntur
512 2165 660 2237 sedecim
686 2168 810 2257 grossi.

323 2286 444 2376 Banu,
470 2287 555 2359 villa
580 2288 644 2361 sub
668 2288 839 2379 parocbia
864 2287 907 2359 dc
933 2286 1121 2380 Jassyel
1150 2288 1228 2378 sita,
1255 2288 1353 2361 cuius
1378 2290 1575 2380 proprietas
1602 2289 1648 2362 ad
1665 2290 1772 2361 obba·

221 2414 288 2479 tem
316 2407 590 2498 Tlryucziensem
616 2409 777 2499 pertinet.
804 2409 845 2481 ln
873 2430 942 2500 qua
968 2420 1050 2486 sunt
1075 2410 1169 2483 lanei
1195 2411 1440 2501 omethonales,
1458 2410 1646 2503 dequibus
1664 2412 1773 2483 abbas

221 2527 303 2599 nulli
339 2528 404 2601 dat
439 2528 625 2619 decimam,
654 2529 715 2601 sed
750 2550 827 2601 eom
862 2550 927 2619 pro
963 2549 1000 2603 se
1027 2529 1140 2619 tollit,
1173 2531 1258 2603 item
1285 2530 1433 2621 quilibet
1456 2533 1594 2603 cmetho
1620 2530 1773 2603 eiusdem

221 2648 321 2721 villae
348 2655 490 2723 tenetm
517 2650 560 2723 de
586 2652 687 2723 laneo
707 2642 850 2723 ¹solvere
877 2652 1041 2723 ecclesiae
1059 2652 1095 2723 in
1113 2650 1136 2725 J
1146 2652 1304 2744 assyel
1330 2674 1436 2725 unum
1454 2653 1598 2725 chorum
1615 2652 1773 2744 siliginis.

322 2770 506 2861 musas,
535 2772 617 2845 villa
653 2772 717 2844 sub
744 2773 910 2863 parocbia
936 2772 979 2845 de
1005 2772 1198 2865 Jassyel
1224 2774 1311 2863 sita,
1337 2774 1435 2847 crdus
1461 2773 1630 2848 haerodes
1657 2773 1774 2847 Staui-

224 2892 316 2965 slaus
343 2898 382 2965 et
405 2890 581 2984 Georgius
612 2894 780 2984 germani.
816 2894 856 2967 ln
884 2914 953 2984 qua
980 2899 1062 2969 sunt
1086 2894 1180 2968 lanei
1206 2896 1457 2986 umethonales,
1483 2896 1568 2967 item
1594 2895 1775 2986 praedium

221 3014 382 3105 militare,
410 3013 453 3086 dc
480 3014 605 3105 quibus
631 3015 790 3087 omnibus
818 3015 964 3088 solvitur
990 3015 1123 3089 decima
1148 3015 1376 3107 manipularis
1402 3022 1439 3089 et
1464 3016 1641 3107 cauapalis
1667 3016 1774 3088 eccle·

225 3137 294 3209 siae
320 3136 358 3207 in
386 3135 672 3228 Zrzanczyn,
698 3142 736 3209 et
761 3136 859 3211 valor
885 3136 960 3210 eius
987 3138 1194 3225 aestimatur
1218 3137 1264 3209 ad
1292 3191 1299 3207 .
1327 3192 1335 3207 .
1362 3161 1390 3227 ‚3
1415 3138 1500 3209 item
1526 3143 1580 3209 est
1605 3138 1663 3209 ibi=
1681 3136 1775 3208 aliud

222 3258 402 3348 praedium
428 3258 588 3348 militare,
614 3258 658 3332 de
685 3280 763 3350 quo,
790 3264 827 3332 et
853 3259 1027 3352 aliquibus
1054 3260 1150 3350 agris
1176 3259 1460 3350 cmetlronalibus,
1477 3260 1515 3332 in
1533 3258 1677 3350 planitie
1694 3280 1777 3331 rcr-

223 3401 279 3451 sus
304 3380 449 3452 fluvium
475 3380 683 3454 Wislolra
707 3382 997 3473 consistentibus,
1024 3382 1172 3454 solvitur
1198 3381 1332 3454 decima
1359 3381 1585 3473 manipularis
1610 3381 1775 3454 ecclesiae

223 3501 257 3571 in
283 3501 492 3593 Jassye13
526 3502 611 3574 item
646 3503 792 3593 quilibet
825 3503 971 3575 ometho
998 3503 1042 3578 de
1068 3503 1170 3576 lonso
1197 3503 1302 3609 soluit
1328 3503 1494 3576 ecclcsiae
1521 3503 1558 3574 iu
1583 3503 1607 3574 J
1616 3503 1774 3594 assyel

224 3645 328 3696 unum
355 3624 499 3696 eborum
527 3625 683 3716 siliginis,
710 3645 774 3715 pro
800 3646 925 3722 osspcp.
1824 3618 1826 3621 ’

333 3746 649 3840 Uarnszow'rczs,
683 3745 766 3820 uilla
799 3747 865 3820 sub
900 3746 1065 3836 parocbia
1098 3745 1144 3818 de
1177 3745 1201 3819 J
1206 3745 1368 3836 assyel
1403 3745 1489 3834 sita,
1515 3745 1614 3817 cuius
1646 3745 1773 3817 boeres

225 3866 435 3940 Laurentius
462 3867 630 3940 Wrosz.
656 3867 697 3940 In
723 3888 792 3959 qua
818 3889 888 3940 nou
914 3871 996 3940 snut
1021 3866 1123 3956 leuci,
1150 3866 1213 3938 sed
1239 3865 1468 3956 bortulauiae,
1494 3866 1579 3936 item
1596 3865 1776 3956 praedium
1825 3891 1829 3899 ’

223 3988 456 4079 materque
483 3989 609 4080 quibus
635 3989 794 4062 omnibus
820 3988 967 4062 solvitur
994 3987 1127 4060 decim
1153 3985 1380 4078 manipularis
1404 3985 1666 4077 inJassye13
1692 3986 1778 4058 item

225 4117 278 4184 est
303 4111 354 4182 ibi
381 4131 471 4182 unus
497 4111 702 4198 hortulanus
729 4110 855 4201 regius,
882 4111 942 4200 qui
969 4109 1118 4182 decimat
1143 4110 1180 4180 iu
1206 4108 1414 4200 Jassye13
1439 4109 1526 4180 item
1550 4113 1606 4181 est
1622 4108 1672 4180 ibi
1689 4108 1777 4180 scol-

225 4232 311 4302 tetia
345 4233 479 4303 habens
515 4253 636 4324 agros,
672 4231 784 4304 etad
820 4230 1035 4304 advocatiam
1070 4229 1307 4322 Jasslycnsem
1332 4229 1530 4321 pertinens,
1556 4250 1645 4321 quae
1671 4229 1778 4302 ctiam

222 4353 327 4426 solvit
354 4353 521 4430 decimam
548 4354 798 4444 manipularem
824 4352 990 4426 ccclesiae
1016 4352 1053 4426 iu
1078 4350 1102 4423 J
1110 4353 1276 4443 assyel.

327 4474 483 4547 Ksurur
509 4495 681 4564 casaur,
710 4475 887 4566 villagium
922 4495 984 4549 scu
1010 4475 1264 4547 sucrescurtiae
1289 4473 1667 4566 quasdamagrorum,
1692 4493 1777 4562 qua-

228 4617 302 4666 rum
330 4596 512 4666 haeres...
532 4593 763 4686 Gamratb,
791 4595 834 4668 de
861 4596 987 4686 quibus
1013 4617 1077 4686 pro
1105 4595 1238 4666 decima
1256 4595 1361 4667 solvit
1376 4595 1501 4671 baares
1521 4593 1783 4684 quatuordocim

226 4737 367 4806 grossos
395 4717 558 4792 ccclesiae
584 4718 620 4788 in
646 4717 670 4790 J
679 4717 856 4810 assyel;
891 4717 975 4789 item
1003 4717 1046 4791 de
1072 4716 1218 4808 singulis
1243 4716 1469 4807 hortulaniis,
1496 4714 1778 4816 molendinatori-

227 4837 299 4928 bus,
326 4838 537 4930 pastoribus,
562 4839 713 4912 decimas
739 4838 971 4930 manipulares
997 4859 1067 4912 non
1094 4837 1318 4928 solventibus,
1344 4836 1493 4929 percipit
1509 4840 1546 4909 et
1561 4835 1655 4910 tollit
1671 4835 1779 4908 ecclc-

228 4959 279 5038 sia
304 4957 558 5052 iu'Jassyel
584 4981 648 5052 per
674 4981 781 5034 mmm
804 4979 975 5052 grossum.

805 5079 982 5164 Ammona
1008 5079 1203 5152 Zmreaon.
