<?xml version="1.0" encoding="UTF-8"?>
<!DOCTYPE html PUBLIC "-//W3C//DTD XHTML 1.0 Transitional//EN"
    "http://www.w3.org/TR/xhtml1/DTD/xhtml1-transitional.dtd">
<html xmlns="http://www.w3.org/1999/xhtml" xml:lang="en" lang="en">
 <head>
  <title>
</title>
<meta http-equiv="Content-Type" content="text/html;charset=utf-8" />
  <meta name='ocr-system' content='tesseract 3.04.00' />
  <meta name='ocr-capabilities' content='ocr_page ocr_carea ocr_par ocr_line ocrx_word'/>
</head>
<body>
  <div class='ocr_page' id='page_1' title='image "./operaomnia03paulgoog_0555.png"; bbox 0 0 4550 6600; ppageno 0'>
   <div class='ocr_carea' id='block_1_1' title="bbox 448 978 2054 1433">
    <p class='ocr_par' dir='ltr' id='par_1_1' title="bbox 1184 978 1358 1049">
     <span class='ocr_line' id='line_1_1' title="bbox 1184 978 1358 1049; baseline -0.011 0"><span class='ocrx_word' id='word_1_1' title='bbox 1184 978 1358 1049; x_wconf 75' lang='lat' dir='ltr'><strong>Damaso.</strong></span> 
     </span>
    </p>

    <p class='ocr_par' dir='ltr' id='par_1_2' title="bbox 448 1050 2054 1433">
     <span class='ocr_line' id='line_1_2' title="bbox 448 1050 2048 1189; baseline 0 -18"><span class='ocrx_word' id='word_1_2' title='bbox 448 1051 451 1061; x_wconf 24' lang='grc' dir='ltr'>Ι</span> <span class='ocrx_word' id='word_1_3' title='bbox 479 1123 483 1131; x_wconf 64' lang='grc'><strong>“</strong></span> <span class='ocrx_word' id='word_1_4' title='bbox 596 1094 691 1171; x_wconf 82' lang='lat' dir='ltr'><strong>Villa</strong></span> <span class='ocrx_word' id='word_1_5' title='bbox 717 1100 848 1171; x_wconf 87' lang='lat' dir='ltr'><strong>habens</strong></span> <span class='ocrx_word' id='word_1_6' title='bbox 875 1098 1054 1170; x_wconf 87' lang='lat' dir='ltr'><strong>ecclesiam</strong></span> <span class='ocrx_word' id='word_1_7' title='bbox 1083 1099 1119 1169; x_wconf 90' lang='lat' dir='ltr'><strong>iu</strong></span> <span class='ocrx_word' id='word_1_8' title='bbox 1144 1119 1181 1169; x_wconf 88' lang='lat' dir='ltr'><strong>se</strong></span> <span class='ocrx_word' id='word_1_9' title='bbox 1199 1050 1432 1189; x_wconf 75' lang='lat' dir='ltr'><strong>parochialem</strong></span> <span class='ocrx_word' id='word_1_10' title='bbox 1460 1098 1624 1189; x_wconf 78' lang='lat' dir='ltr'><strong>ligneam,</strong></span> <span class='ocrx_word' id='word_1_11' title='bbox 1653 1099 1758 1171; x_wconf 87' lang='lat' dir='ltr'><strong>Sauct</strong></span> <span class='ocrx_word' id='word_1_12' title='bbox 1778 1154 1786 1167; x_wconf 94' lang='lat'><strong>.</strong></span> <span class='ocrx_word' id='word_1_13' title='bbox 1805 1154 1812 1168; x_wconf 94' lang='lat'><strong>.</strong></span> <span class='ocrx_word' id='word_1_14' title='bbox 1833 1153 1841 1169; x_wconf 92' lang='lat'><strong>.</strong></span> <span class='ocrx_word' id='word_1_15' title='bbox 1861 1154 1868 1169; x_wconf 94' lang='lat'>.</span> <span class='ocrx_word' id='word_1_16' title='bbox 1889 1099 2048 1189; x_wconf 72' lang='lat' dir='ltr'><strong>naemu,</strong></span> 
     </span>
     <span class='ocr_line' id='line_1_3' title="bbox 494 1217 2049 1312; baseline -0.004 -17"><span class='ocrx_word' id='word_1_17' title='bbox 494 1222 591 1295; x_wconf 85' lang='lat' dir='ltr'><strong>cuias</strong></span> <span class='ocrx_word' id='word_1_18' title='bbox 618 1220 757 1293; x_wconf 91' lang='lat' dir='ltr'><strong>collatio</strong></span> <span class='ocrx_word' id='word_1_19' title='bbox 793 1221 838 1293; x_wconf 91' lang='lat' dir='ltr'><strong>ad</strong></span> <span class='ocrx_word' id='word_1_20' title='bbox 863 1218 1005 1294; x_wconf 84' lang='lat' dir='ltr'><strong>nobiles.</strong></span> <span class='ocrx_word' id='word_1_21' title='bbox 1024 1218 1067 1303; x_wconf 79' lang='lat' dir='ltr'><strong>de</strong></span> <span class='ocrx_word' id='word_1_22' title='bbox 1094 1219 1200 1292; x_wconf 79' lang='lat' dir='ltr'><strong>aruns</strong></span> <span class='ocrx_word' id='word_1_23' title='bbox 1228 1218 1440 1311; x_wconf 84' lang='lat' dir='ltr'><strong>Sznlyma</strong></span> <span class='ocrx_word' id='word_1_24' title='bbox 1475 1217 1635 1311; x_wconf 82' lang='lat' dir='ltr'>pertinet.</span> <span class='ocrx_word' id='word_1_25' title='bbox 1670 1220 1711 1291; x_wconf 92' lang='lat' dir='ltr'><strong>Iu</strong></span> <span class='ocrx_word' id='word_1_26' title='bbox 1739 1241 1808 1312; x_wconf 88' lang='lat' dir='ltr'><strong>qua</strong></span> <span class='ocrx_word' id='word_1_27' title='bbox 1844 1224 1928 1292; x_wconf 90' lang='lat' dir='ltr'><strong>sunt</strong></span> <span class='ocrx_word' id='word_1_28' title='bbox 1959 1218 2049 1291; x_wconf 87' lang='lat' dir='ltr'><strong>lanei</strong></span> 
     </span>
     <span class='ocr_line' id='line_1_4' title="bbox 494 1340 2054 1433; baseline -0.003 -18"><span class='ocrx_word' id='word_1_29' title='bbox 494 1342 746 1432; x_wconf 85' lang='lat' dir='ltr'><strong>emathonales,</strong></span> <span class='ocrx_word' id='word_1_30' title='bbox 774 1341 817 1415; x_wconf 92' lang='lat' dir='ltr'><strong>de</strong></span> <span class='ocrx_word' id='word_1_31' title='bbox 845 1342 970 1433; x_wconf 84' lang='lat' dir='ltr'><strong>quihus</strong></span> <span class='ocrx_word' id='word_1_32' title='bbox 997 1340 1144 1421; x_wconf 87' lang='lat' dir='ltr'><strong>solvitur</strong></span> <span class='ocrx_word' id='word_1_33' title='bbox 1176 1348 1212 1411; x_wconf 87' lang='lat' dir='ltr'><strong>et</strong></span> <span class='ocrx_word' id='word_1_34' title='bbox 1239 1342 1441 1415; x_wconf 79' lang='lat' dir='ltr'>conducitur</span> <span class='ocrx_word' id='word_1_35' title='bbox 1468 1340 1601 1413; x_wconf 81' lang='lat' dir='ltr'><strong>decima</strong></span> <span class='ocrx_word' id='word_1_36' title='bbox 1627 1342 1855 1433; x_wconf 81' lang='lat' dir='ltr'><strong>manipularis</strong></span> <span class='ocrx_word' id='word_1_37' title='bbox 1882 1348 1921 1413; x_wconf 90' lang='lat' dir='ltr'><strong>et</strong></span> <span class='ocrx_word' id='word_1_38' title='bbox 1949 1360 2054 1412; x_wconf 78' lang='lat' dir='ltr'><strong>nana·</strong></span> 
     </span>
    </p>
   </div>
   <div class='ocr_carea' id='block_1_2' title="bbox 493 1463 879 1556">
    <p class='ocr_par' dir='ltr' id='par_1_3' title="bbox 493 1463 879 1556">
     <span class='ocr_line' id='line_1_5' title="bbox 493 1463 879 1556; baseline -0.01 -17"><span class='ocrx_word' id='word_1_39' title='bbox 493 1463 879 1556; x_wconf 62' lang='lat' dir='ltr'><strong>palispro........‘</strong></span> 
     </span>
    </p>
   </div>
   <div class='ocr_carea' id='block_1_3' title="bbox 387 1706 2062 5577">
    <p class='ocr_par' dir='ltr' id='par_1_4' title="bbox 1109 1706 1784 1780">
     <span class='ocr_line' id='line_1_6' title="bbox 1109 1706 1784 1780; baseline -0.009 0"><span class='ocrx_word' id='word_1_40' title='bbox 1109 1706 1428 1780; x_wconf 83' lang='lat' dir='ltr'><strong>Szwnnozucuow.</strong></span> <span class='ocrx_word' id='word_1_41' title='bbox 1780 1768 1784 1774; x_wconf 89' lang='grc'><em>,</em></span> 
     </span>
    </p>

    <p class='ocr_par' dir='ltr' id='par_1_5' title="bbox 417 1814 2050 2889">
     <span class='ocr_line' id='line_1_7' title="bbox 532 1814 2049 1927; baseline -0.002 -25"><span class='ocrx_word' id='word_1_42' title='bbox 532 1838 537 1847; x_wconf 91' lang='grc'><strong>’</strong></span> <span class='ocrx_word' id='word_1_43' title='bbox 568 1826 692 1927; x_wconf 72' lang='lat' dir='ltr'><strong>⁸Villa</strong></span> <span class='ocrx_word' id='word_1_44' title='bbox 718 1828 850 1901; x_wconf 88' lang='lat' dir='ltr'><strong>habens</strong></span> <span class='ocrx_word' id='word_1_45' title='bbox 877 1830 914 1899; x_wconf 90' lang='lat' dir='ltr'><strong>in</strong></span> <span class='ocrx_word' id='word_1_46' title='bbox 932 1849 970 1900; x_wconf 94' lang='lat' dir='ltr'><strong>se</strong></span> <span class='ocrx_word' id='word_1_47' title='bbox 989 1828 1168 1900; x_wconf 83' lang='lat' dir='ltr'><strong>ecclesiam</strong></span> <span class='ocrx_word' id='word_1_48' title='bbox 1196 1827 1428 1918; x_wconf 79' lang='lat' dir='ltr'><strong>parochialem</strong></span> <span class='ocrx_word' id='word_1_49' title='bbox 1455 1826 1614 1919; x_wconf 85' lang='lat' dir='ltr'><strong>lignenm,</strong></span> <span class='ocrx_word' id='word_1_50' title='bbox 1642 1826 1769 1899; x_wconf 87' lang='lat' dir='ltr'><strong>Sancto</strong></span> <span class='ocrx_word' id='word_1_51' title='bbox 1784 1814 1937 1899; x_wconf 85' lang='lat' dir='ltr'><strong>¹Nicoloo</strong></span> <span class='ocrx_word' id='word_1_52' title='bbox 1962 1848 2049 1917; x_wconf 91' lang='lat' dir='ltr'><strong>pou·</strong></span> 
     </span>
     <span class='ocr_line' id='line_1_8' title="bbox 493 1932 2049 2041; baseline -0.001 -18"><span class='ocrx_word' id='word_1_53' title='bbox 493 1951 580 2032; x_wconf 84' lang='lat' dir='ltr'><strong>titini</strong></span> <span class='ocrx_word' id='word_1_54' title='bbox 606 1949 774 2040; x_wconf 85' lang='lat' dir='ltr'><strong>dicatam,</strong></span> <span class='ocrx_word' id='word_1_55' title='bbox 806 1950 907 2021; x_wconf 80' lang='lat' dir='ltr'><strong>&#39;cuins</strong></span> <span class='ocrx_word' id='word_1_56' title='bbox 934 1949 1073 2030; x_wconf 90' lang='lat' dir='ltr'><strong>collatio</strong></span> <span class='ocrx_word' id='word_1_57' title='bbox 1101 1932 1253 2041; x_wconf 81' lang='lat' dir='ltr'><strong>pertinet</strong></span> <span class='ocrx_word' id='word_1_58' title='bbox 1289 1949 1333 2021; x_wconf 92' lang='lat' dir='ltr'><strong>ad</strong></span> <span class='ocrx_word' id='word_1_59' title='bbox 1360 1950 1558 2040; x_wconf 89' lang='lat' dir='ltr'><strong>episcopum</strong></span> <span class='ocrx_word' id='word_1_60' title='bbox 1595 1948 1867 2023; x_wconf 83' lang='lat' dir='ltr'><strong>Gracovieneem.</strong></span> <span class='ocrx_word' id='word_1_61' title='bbox 1913 1949 1956 2022; x_wconf 92' lang='lat' dir='ltr'><strong>lu</strong></span> <span class='ocrx_word' id='word_1_62' title='bbox 1982 1970 2049 2040; x_wconf 84' lang='lat' dir='ltr'><strong>qua</strong></span> 
     </span>
     <span class='ocr_line' id='line_1_9' title="bbox 494 2070 2048 2163; baseline -0.001 -19"><span class='ocrx_word' id='word_1_63' title='bbox 494 2078 577 2144; x_wconf 83' lang='lat' dir='ltr'><strong>suut</strong></span> <span class='ocrx_word' id='word_1_64' title='bbox 604 2070 863 2163; x_wconf 83' lang='lat' dir='ltr'><strong>quatuordecim</strong></span> <span class='ocrx_word' id='word_1_65' title='bbox 900 2071 992 2143; x_wconf 89' lang='lat' dir='ltr'><strong>lanei</strong></span> <span class='ocrx_word' id='word_1_66' title='bbox 1029 2070 1278 2160; x_wconf 87' lang='lat' dir='ltr'><strong>cmethonales,</strong></span> <span class='ocrx_word' id='word_1_67' title='bbox 1317 2071 1401 2141; x_wconf 89' lang='lat' dir='ltr'><strong>item</strong></span> <span class='ocrx_word' id='word_1_68' title='bbox 1429 2077 1507 2141; x_wconf 92' lang='lat' dir='ltr'><strong>octo</strong></span> <span class='ocrx_word' id='word_1_69' title='bbox 1534 2072 1720 2159; x_wconf 85' lang='lat' dir='ltr'><strong>tabernae,</strong></span> <span class='ocrx_word' id='word_1_70' title='bbox 1747 2076 1784 2142; x_wconf 86' lang='lat' dir='ltr'><strong>et</strong></span> <span class='ocrx_word' id='word_1_71' title='bbox 1810 2070 1901 2141; x_wconf 87' lang='lat' dir='ltr'><strong>duae</strong></span> <span class='ocrx_word' id='word_1_72' title='bbox 1929 2070 2048 2142; x_wconf 90' lang='lat' dir='ltr'><strong>hortu-</strong></span> 
     </span>
     <span class='ocr_line' id='line_1_10' title="bbox 493 2190 2049 2282; baseline -0.001 -17"><span class='ocrx_word' id='word_1_73' title='bbox 493 2192 607 2265; x_wconf 79' lang='lat' dir='ltr'><strong>lauiae</strong></span> <span class='ocrx_word' id='word_1_74' title='bbox 641 2193 826 2265; x_wconf 87' lang='lat' dir='ltr'><strong>habentes·</strong></span> <span class='ocrx_word' id='word_1_75' title='bbox 847 2212 968 2282; x_wconf 82' lang='lat' dir='ltr'><strong>agros,</strong></span> <span class='ocrx_word' id='word_1_76' title='bbox 1004 2191 1200 2282; x_wconf 88' lang='lat' dir='ltr'><strong>dequibus</strong></span> <span class='ocrx_word' id='word_1_77' title='bbox 1236 2192 1396 2265; x_wconf 91' lang='lat' dir='ltr'><strong>omnibus</strong></span> <span class='ocrx_word' id='word_1_78' title='bbox 1433 2191 1581 2263; x_wconf 83' lang='lat' dir='ltr'><strong>solvitur</strong></span> <span class='ocrx_word' id='word_1_79' title='bbox 1617 2198 1652 2263; x_wconf 88' lang='lat' dir='ltr'><strong>ot</strong></span> <span class='ocrx_word' id='word_1_80' title='bbox 1678 2191 1885 2265; x_wconf 84' lang='lat' dir='ltr'><strong>conducitur</strong></span> <span class='ocrx_word' id='word_1_81' title='bbox 1916 2190 2049 2263; x_wconf 85' lang='lat' dir='ltr'><strong>decima</strong></span> 
     </span>
     <span class='ocr_line' id='line_1_11' title="bbox 492 2312 2044 2411; baseline -0.001 -26"><span class='ocrx_word' id='word_1_82' title='bbox 492 2313 717 2404; x_wconf 82' lang='lat' dir='ltr'><strong>manipularis</strong></span> <span class='ocrx_word' id='word_1_83' title='bbox 753 2319 789 2383; x_wconf 89' lang='lat' dir='ltr'><strong>et</strong></span> <span class='ocrx_word' id='word_1_84' title='bbox 814 2312 990 2402; x_wconf 88' lang='lat' dir='ltr'><strong>canapalis</strong></span> <span class='ocrx_word' id='word_1_85' title='bbox 1026 2333 1101 2411; x_wconf 25' lang='lat' dir='ltr'><strong>pro·</strong></span> <span class='ocrx_word' id='word_1_86' title='bbox 1123 2312 1269 2383; x_wconf 90' lang='lat' dir='ltr'><strong>ecclesia</strong></span> <span class='ocrx_word' id='word_1_87' title='bbox 1304 2312 1494 2403; x_wconf 81' lang='lat' dir='ltr'><strong>parochiali</strong></span> <span class='ocrx_word' id='word_1_88' title='bbox 1522 2312 1556 2384; x_wconf 91' lang='lat' dir='ltr'><strong>in</strong></span> <span class='ocrx_word' id='word_1_89' title='bbox 1586 2312 1978 2404; x_wconf 82' lang='lat' dir='ltr'><strong>Szwyeczechow,</strong></span> <span class='ocrx_word' id='word_1_90' title='bbox 2010 2318 2044 2382; x_wconf 90' lang='lat' dir='ltr'><strong>et</strong></span> 
     </span>
     <span class='ocr_line' id='line_1_12' title="bbox 494 2433 2050 2525; baseline -0.001 -19"><span class='ocrx_word' id='word_1_91' title='bbox 494 2434 594 2507; x_wconf 78' lang='lat' dir='ltr'><strong>calor</strong></span> <span class='ocrx_word' id='word_1_92' title='bbox 619 2435 693 2506; x_wconf 87' lang='lat' dir='ltr'><strong>eius</strong></span> <span class='ocrx_word' id='word_1_93' title='bbox 720 2434 765 2505; x_wconf 94' lang='lat' dir='ltr'><strong>ad</strong></span> <span class='ocrx_word' id='word_1_94' title='bbox 784 2433 977 2525; x_wconf 87' lang='lat' dir='ltr'><strong>quindecim</strong></span> <span class='ocrx_word' id='word_1_95' title='bbox 1000 2454 1144 2505; x_wconf 90' lang='lat' dir='ltr'><strong>marcas.</strong></span> <span class='ocrx_word' id='word_1_96' title='bbox 1184 2434 1273 2505; x_wconf 90' lang='lat' dir='ltr'><strong>Item</strong></span> <span class='ocrx_word' id='word_1_97' title='bbox 1300 2440 1354 2505; x_wconf 89' lang='lat' dir='ltr'><strong>est</strong></span> <span class='ocrx_word' id='word_1_98' title='bbox 1380 2434 1430 2505; x_wconf 93' lang='lat' dir='ltr'><strong>ibi</strong></span> <span class='ocrx_word' id='word_1_99' title='bbox 1456 2434 1552 2505; x_wconf 91' lang='lat' dir='ltr'><strong>curia</strong></span> <span class='ocrx_word' id='word_1_100' title='bbox 1569 2440 1614 2517; x_wconf 81' lang='lat' dir='ltr'><strong>et</strong></span> <span class='ocrx_word' id='word_1_101' title='bbox 1632 2434 1811 2524; x_wconf 80' lang='lat' dir='ltr'><strong>praedium</strong></span> <span class='ocrx_word' id='word_1_102' title='bbox 1840 2434 2050 2524; x_wconf 85' lang='lat' dir='ltr'><strong>episcopale,</strong></span> 
     </span>
     <span class='ocr_line' id='line_1_13' title="bbox 417 2554 2049 2654; baseline -0.003 -26"><span class='ocrx_word' id='word_1_103' title='bbox 417 2596 419 2599; x_wconf 56' lang='lat'>&gt;</span> <span class='ocrx_word' id='word_1_104' title='bbox 494 2556 537 2628; x_wconf 83' lang='lat' dir='ltr'><strong>de</strong></span> <span class='ocrx_word' id='word_1_105' title='bbox 563 2557 660 2654; x_wconf 83' lang='lat' dir='ltr'><strong>cuins</strong></span> <span class='ocrx_word' id='word_1_106' title='bbox 685 2556 782 2647; x_wconf 84' lang='lat' dir='ltr'><strong>agris</strong></span> <span class='ocrx_word' id='word_1_107' title='bbox 809 2554 957 2627; x_wconf 81' lang='lat' dir='ltr'><strong>soluitur</strong></span> <span class='ocrx_word' id='word_1_108' title='bbox 985 2556 1116 2627; x_wconf 92' lang='lat' dir='ltr'><strong>decima</strong></span> <span class='ocrx_word' id='word_1_109' title='bbox 1143 2555 1370 2644; x_wconf 88' lang='lat' dir='ltr'><strong>manipularis</strong></span> <span class='ocrx_word' id='word_1_110' title='bbox 1397 2555 1562 2627; x_wconf 87' lang='lat' dir='ltr'><strong>ecclesiae</strong></span> <span class='ocrx_word' id='word_1_111' title='bbox 1598 2556 1633 2625; x_wconf 94' lang='lat' dir='ltr'><strong>iu</strong></span> <span class='ocrx_word' id='word_1_112' title='bbox 1662 2554 2049 2654; x_wconf 14' lang='lat' dir='ltr'><strong>Slzwyeczechow.</strong></span> 
     </span>
     <span class='ocr_line' id='line_1_14' title="bbox 493 2658 2047 2767; baseline -0.001 -18"><span class='ocrx_word' id='word_1_113' title='bbox 493 2661 664 2749; x_wconf 72' lang='lat' dir='ltr'><strong>Item-&#39;ini</strong></span> <span class='ocrx_word' id='word_1_114' title='bbox 676 2676 848 2767; x_wconf 88' lang='lat' dir='ltr'><strong>plebanus</strong></span> <span class='ocrx_word' id='word_1_115' title='bbox 874 2681 910 2747; x_wconf 92' lang='lat' dir='ltr'><strong>et</strong></span> <span class='ocrx_word' id='word_1_116' title='bbox 927 2675 1073 2747; x_wconf 83' lang='lat' dir='ltr'><strong>ecclesia</strong></span> <span class='ocrx_word' id='word_1_117' title='bbox 1098 2675 1205 2747; x_wconf 86' lang='lat' dir='ltr'><strong>habet</strong></span> <span class='ocrx_word' id='word_1_118' title='bbox 1228 2678 1387 2766; x_wconf 89' lang='lat' dir='ltr'><strong>proprios</strong></span> <span class='ocrx_word' id='word_1_119' title='bbox 1406 2697 1509 2766; x_wconf 82' lang='lat' dir='ltr'><strong>agros</strong></span> <span class='ocrx_word' id='word_1_120' title='bbox 1537 2658 1665 2749; x_wconf 85' lang='lat' dir='ltr'><strong>liberos</strong></span> <span class='ocrx_word' id='word_1_121' title='bbox 1694 2683 1734 2748; x_wconf 85' lang='lat' dir='ltr'><strong>et</strong></span> <span class='ocrx_word' id='word_1_122' title='bbox 1756 2682 1876 2767; x_wconf 87' lang='lat' dir='ltr'><strong>prata,</strong></span> <span class='ocrx_word' id='word_1_123' title='bbox 1904 2696 2047 2767; x_wconf 83' lang='lat' dir='ltr'><strong>proauo</strong></span> 
     </span>
     <span class='ocr_line' id='line_1_15' title="bbox 493 2797 822 2889; baseline 0 -20"><span class='ocrx_word' id='word_1_124' title='bbox 493 2818 559 2872; x_wconf 85' lang='lat' dir='ltr'><strong>usn</strong></span> <span class='ocrx_word' id='word_1_125' title='bbox 585 2804 621 2869; x_wconf 89' lang='lat' dir='ltr'><strong>et</strong></span> <span class='ocrx_word' id='word_1_126' title='bbox 647 2797 822 2889; x_wconf 90' lang='lat' dir='ltr'><strong>praedio.-</strong></span> 
     </span>
    </p>

    <p class='ocr_par' dir='ltr' id='par_1_6' title="bbox 489 2916 2062 3981">
     <span class='ocr_line' id='line_1_16' title="bbox 596 2916 2046 3009; baseline -0.001 -18"><span class='ocrx_word' id='word_1_127' title='bbox 596 2918 979 2991; x_wconf 79' lang='lat' dir='ltr'><strong>Szwruczucuowssn</strong></span> <span class='ocrx_word' id='word_1_128' title='bbox 1011 2916 1178 3007; x_wconf 77' lang='lat' dir='ltr'><strong>Womm,</strong></span> <span class='ocrx_word' id='word_1_129' title='bbox 1215 2919 1297 2989; x_wconf 87' lang='lat' dir='ltr'><strong>villa</strong></span> <span class='ocrx_word' id='word_1_130' title='bbox 1334 2920 1398 2991; x_wconf 90' lang='lat' dir='ltr'><strong>sub</strong></span> <span class='ocrx_word' id='word_1_131' title='bbox 1434 2920 1598 3009; x_wconf 89' lang='lat' dir='ltr'><strong>parochia</strong></span> <span class='ocrx_word' id='word_1_132' title='bbox 1629 2920 1672 2990; x_wconf 85' lang='lat' dir='ltr'><strong>de</strong></span> <span class='ocrx_word' id='word_1_133' title='bbox 1709 2918 2046 2991; x_wconf 82' lang='lat' dir='ltr'><strong>Saweczeclnow</strong></span> 
     </span>
     <span class='ocr_line' id='line_1_17' title="bbox 492 3028 2043 3131; baseline -0.003 -17"><span class='ocrx_word' id='word_1_134' title='bbox 492 3042 570 3131; x_wconf 83' lang='lat' dir='ltr'><strong>sita,</strong></span> <span class='ocrx_word' id='word_1_135' title='bbox 588 3041 695 3113; x_wconf 87' lang='lat' dir='ltr'><strong>cuius</strong></span> <span class='ocrx_word' id='word_1_136' title='bbox 721 3040 918 3131; x_wconf 74' lang='lat' dir='ltr'><strong>proprietas</strong></span> <span class='ocrx_word' id='word_1_137' title='bbox 945 3040 989 3117; x_wconf 90' lang='lat' dir='ltr'><strong>ad</strong></span> <span class='ocrx_word' id='word_1_138' title='bbox 1008 3028 1206 3130; x_wconf 91' lang='lat' dir='ltr'><strong>episcopum</strong></span> <span class='ocrx_word' id='word_1_139' title='bbox 1234 3039 1497 3113; x_wconf 75' lang='lat' dir='ltr'><strong>Crotoniensem</strong></span> <span class='ocrx_word' id='word_1_140' title='bbox 1524 3042 1684 3131; x_wconf 83' lang='lat' dir='ltr'><strong>pertinet,</strong></span> <span class='ocrx_word' id='word_1_141' title='bbox 1712 3061 1814 3130; x_wconf 89' lang='lat' dir='ltr'><strong>qnam</strong></span> <span class='ocrx_word' id='word_1_142' title='bbox 1842 3038 2043 3130; x_wconf 77' lang='lat' dir='ltr'><strong>Sbi&#39;gneus</strong></span> 
     </span>
     <span class='ocr_line' id='line_1_18' title="bbox 491 3142 2045 3251; baseline -0.001 -18"><span class='ocrx_word' id='word_1_143' title='bbox 491 3162 604 3234; x_wconf 88' lang='lat' dir='ltr'><strong>bonae</strong></span> <span class='ocrx_word' id='word_1_144' title='bbox 631 3162 816 3233; x_wconf 86' lang='lat' dir='ltr'><strong>memoriae</strong></span> <span class='ocrx_word' id='word_1_145' title='bbox 844 3160 1029 3233; x_wconf 85' lang='lat' dir='ltr'><strong>cardinalis</strong></span> <span class='ocrx_word' id='word_1_146' title='bbox 1057 3167 1093 3232; x_wconf 88' lang='lat' dir='ltr'><strong>et</strong></span> <span class='ocrx_word' id='word_1_147' title='bbox 1120 3142 1587 3251; x_wconf 72' lang='lat' dir='ltr'><strong>episcopus&#39;Cracoviansis,</strong></span> <span class='ocrx_word' id='word_1_148' title='bbox 1614 3163 1650 3233; x_wconf 94' lang='lat' dir='ltr'><strong>in</strong></span> <span class='ocrx_word' id='word_1_149' title='bbox 1674 3162 1782 3233; x_wconf 90' lang='lat' dir='ltr'><strong>cruda</strong></span> <span class='ocrx_word' id='word_1_150' title='bbox 1808 3162 1927 3232; x_wconf 86' lang='lat' dir='ltr'><strong>radice</strong></span> <span class='ocrx_word' id='word_1_151' title='bbox 1955 3161 2045 3232; x_wconf 90' lang='lat' dir='ltr'><strong>loca·</strong></span> 
     </span>
     <span class='ocr_line' id='line_1_19' title="bbox 493 3280 2043 3375; baseline 0 -21"><span class='ocrx_word' id='word_1_152' title='bbox 493 3282 560 3372; x_wconf 81' lang='lat' dir='ltr'><strong>vit,</strong></span> <span class='ocrx_word' id='word_1_153' title='bbox 588 3286 624 3353; x_wconf 90' lang='lat' dir='ltr'><strong>et</strong></span> <span class='ocrx_word' id='word_1_154' title='bbox 641 3282 674 3354; x_wconf 88' lang='lat' dir='ltr'><strong>ei</strong></span> <span class='ocrx_word' id='word_1_155' title='bbox 691 3282 808 3353; x_wconf 86' lang='lat' dir='ltr'><strong>villam</strong></span> <span class='ocrx_word' id='word_1_156' title='bbox 828 3280 1204 3374; x_wconf 82' lang='lat' dir='ltr'><strong>Szwyanthnylry</strong></span> <span class='ocrx_word' id='word_1_157' title='bbox 1231 3289 1267 3354; x_wconf 89' lang='lat' dir='ltr'><strong>et</strong></span> <span class='ocrx_word' id='word_1_158' title='bbox 1285 3305 1388 3374; x_wconf 87' lang='lat' dir='ltr'><strong>agros</strong></span> <span class='ocrx_word' id='word_1_159' title='bbox 1412 3284 1499 3375; x_wconf 89' lang='lat' dir='ltr'><strong>eius,</strong></span> <span class='ocrx_word' id='word_1_160' title='bbox 1529 3283 1586 3375; x_wconf 92' lang='lat' dir='ltr'><strong>qui</strong></span> <span class='ocrx_word' id='word_1_161' title='bbox 1606 3284 1756 3356; x_wconf 91' lang='lat' dir='ltr'><strong>noudum</strong></span> <span class='ocrx_word' id='word_1_162' title='bbox 1785 3304 1849 3374; x_wconf 90' lang='lat' dir='ltr'><strong>per</strong></span> <span class='ocrx_word' id='word_1_163' title='bbox 1866 3282 2043 3354; x_wconf 86' lang='lat' dir='ltr'><strong>Vislam</strong></span> 
     </span>
     <span class='ocr_line' id='line_1_20' title="bbox 494 3403 2042 3496; baseline 0 -22"><span class='ocrx_word' id='word_1_164' title='bbox 494 3403 650 3493; x_wconf 85' lang='lat' dir='ltr'><strong>absorpti</strong></span> <span class='ocrx_word' id='word_1_165' title='bbox 685 3409 802 3493; x_wconf 88' lang='lat' dir='ltr'><strong>erant,</strong></span> <span class='ocrx_word' id='word_1_166' title='bbox 839 3403 930 3493; x_wconf 93' lang='lat' dir='ltr'><strong>apud</strong></span> <span class='ocrx_word' id='word_1_167' title='bbox 966 3403 1176 3476; x_wconf 84' lang='lat' dir='ltr'><strong>Vilhelmunr</strong></span> <span class='ocrx_word' id='word_1_168' title='bbox 1212 3403 1498 3496; x_wconf 79' lang='lat' dir='ltr'><strong>Pawlowslry</strong></span> <span class='ocrx_word' id='word_1_169' title='bbox 1520 3407 1604 3476; x_wconf 46' lang='lat' dir='ltr'><strong>‚eius</strong></span> <span class='ocrx_word' id='word_1_170' title='bbox 1640 3404 1825 3478; x_wconf 83' lang='lat' dir='ltr'><strong>haeredem</strong></span> <span class='ocrx_word' id='word_1_171' title='bbox 1865 3405 1907 3476; x_wconf 86' lang='lat' dir='ltr'><strong>de</strong></span> <span class='ocrx_word' id='word_1_172' title='bbox 1944 3404 2042 3476; x_wconf 93' lang='lat' dir='ltr'><strong>domo</strong></span> 
     </span>
     <span class='ocr_line' id='line_1_21' title="bbox 494 3521 2062 3618; baseline -0.001 -22"><span class='ocrx_word' id='word_1_173' title='bbox 494 3521 751 3596; x_wconf 78' lang='lat' dir='ltr'><strong>Godzamba</strong></span> <span class='ocrx_word' id='word_1_174' title='bbox 783 3532 988 3616; x_wconf 88' lang='lat' dir='ltr'><strong>coemptam,</strong></span> <span class='ocrx_word' id='word_1_175' title='bbox 1016 3527 1206 3615; x_wconf 81' lang='lat' dir='ltr'><strong>coniunxit,</strong></span> <span class='ocrx_word' id='word_1_176' title='bbox 1236 3533 1272 3596; x_wconf 90' lang='lat' dir='ltr'><strong>et</strong></span> <span class='ocrx_word' id='word_1_177' title='bbox 1289 3527 1406 3596; x_wconf 91' lang='lat' dir='ltr'><strong>villam</strong></span> <span class='ocrx_word' id='word_1_178' title='bbox 1433 3527 1558 3598; x_wconf 85' lang='lat' dir='ltr'><strong>bonam</strong></span> <span class='ocrx_word' id='word_1_179' title='bbox 1589 3527 1712 3598; x_wconf 83' lang='lat' dir='ltr'><strong>effecit.</strong></span> <span class='ocrx_word' id='word_1_180' title='bbox 1756 3527 1795 3597; x_wconf 94' lang='lat' dir='ltr'><strong>ln</strong></span> <span class='ocrx_word' id='word_1_181' title='bbox 1815 3547 1885 3616; x_wconf 92' lang='lat' dir='ltr'><strong>qna</strong></span> <span class='ocrx_word' id='word_1_182' title='bbox 1902 3535 2062 3618; x_wconf 58' lang='lat' dir='ltr'><strong>possunt⁸</strong></span> 
     </span>
     <span class='ocr_line' id='line_1_22' title="bbox 492 3646 2044 3738; baseline 0.001 -22"><span class='ocrx_word' id='word_1_183' title='bbox 492 3646 711 3718; x_wconf 77' lang='lat' dir='ltr'><strong>assederam</strong></span> <span class='ocrx_word' id='word_1_184' title='bbox 739 3647 848 3736; x_wconf 89' lang='lat' dir='ltr'><strong>lanei,</strong></span> <span class='ocrx_word' id='word_1_185' title='bbox 877 3667 1056 3718; x_wconf 87' lang='lat' dir='ltr'><strong>unacum</strong></span> <span class='ocrx_word' id='word_1_186' title='bbox 1092 3648 1202 3718; x_wconf 84' lang='lat' dir='ltr'><strong>laneis</strong></span> <span class='ocrx_word' id='word_1_187' title='bbox 1230 3648 1383 3737; x_wconf 87' lang='lat' dir='ltr'><strong>scolteti,</strong></span> <span class='ocrx_word' id='word_1_188' title='bbox 1420 3649 1462 3718; x_wconf 89' lang='lat' dir='ltr'><strong>do</strong></span> <span class='ocrx_word' id='word_1_189' title='bbox 1491 3649 1614 3738; x_wconf 89' lang='lat' dir='ltr'><strong>quibus</strong></span> <span class='ocrx_word' id='word_1_190' title='bbox 1647 3649 1805 3720; x_wconf 88' lang='lat' dir='ltr'><strong>omnibus</strong></span> <span class='ocrx_word' id='word_1_191' title='bbox 1834 3647 1984 3718; x_wconf 84' lang='lat' dir='ltr'><strong>solvitur</strong></span> <span class='ocrx_word' id='word_1_192' title='bbox 2009 3655 2044 3718; x_wconf 92' lang='lat' dir='ltr'><strong>et</strong></span> 
     </span>
     <span class='ocr_line' id='line_1_23' title="bbox 492 3768 2043 3875; baseline 0.001 -37"><span class='ocrx_word' id='word_1_193' title='bbox 492 3768 695 3875; x_wconf 80' lang='lat' dir='ltr'><strong>conducitur</strong></span> <span class='ocrx_word' id='word_1_194' title='bbox 723 3768 855 3839; x_wconf 87' lang='lat' dir='ltr'><strong>decima</strong></span> <span class='ocrx_word' id='word_1_195' title='bbox 881 3769 1106 3859; x_wconf 86' lang='lat' dir='ltr'><strong>manipularis</strong></span> <span class='ocrx_word' id='word_1_196' title='bbox 1133 3775 1170 3838; x_wconf 87' lang='lat' dir='ltr'><strong>et</strong></span> <span class='ocrx_word' id='word_1_197' title='bbox 1197 3769 1370 3859; x_wconf 81' lang='lat' dir='ltr'><strong>carrapalis</strong></span> <span class='ocrx_word' id='word_1_198' title='bbox 1399 3770 1612 3860; x_wconf 86' lang='lat' dir='ltr'><strong>episcopatui</strong></span> <span class='ocrx_word' id='word_1_199' title='bbox 1630 3768 1878 3858; x_wconf 66' lang='lat' dir='ltr'><strong>-Cracovieusi,</strong></span> <span class='ocrx_word' id='word_1_200' title='bbox 1906 3774 2043 3858; x_wconf 87' lang='lat' dir='ltr'><strong>praeter</strong></span> 
     </span>
     <span class='ocr_line' id='line_1_24' title="bbox 489 3889 1833 3981; baseline -0.001 -19"><span class='ocrx_word' id='word_1_201' title='bbox 489 3891 789 3981; x_wconf 73' lang='lat' dir='ltr'><strong>antiquosagros,</strong></span> <span class='ocrx_word' id='word_1_202' title='bbox 818 3891 860 3961; x_wconf 88' lang='lat' dir='ltr'><strong>de</strong></span> <span class='ocrx_word' id='word_1_203' title='bbox 888 3890 1011 3981; x_wconf 89' lang='lat' dir='ltr'><strong>quibus</strong></span> <span class='ocrx_word' id='word_1_204' title='bbox 1039 3891 1131 3961; x_wconf 87' lang='lat' dir='ltr'><strong>cedit</strong></span> <span class='ocrx_word' id='word_1_205' title='bbox 1159 3891 1292 3961; x_wconf 87' lang='lat' dir='ltr'><strong>decima</strong></span> <span class='ocrx_word' id='word_1_206' title='bbox 1320 3891 1524 3962; x_wconf 87' lang='lat' dir='ltr'><strong>scholastico</strong></span> <span class='ocrx_word' id='word_1_207' title='bbox 1552 3889 1833 3962; x_wconf 86' lang='lat' dir='ltr'><strong>Sandomiriensi.</strong></span> 
     </span>
    </p>

    <p class='ocr_par' dir='ltr' id='par_1_7' title="bbox 490 4012 2049 4711">
     <span class='ocr_line' id='line_1_25' title="bbox 594 4012 2041 4104; baseline -0.001 -20"><span class='ocrx_word' id='word_1_208' title='bbox 594 4013 865 4102; x_wconf 82' lang='lat' dir='ltr'><strong>Dourusouow,</strong></span> <span class='ocrx_word' id='word_1_209' title='bbox 894 4012 977 4082; x_wconf 86' lang='lat' dir='ltr'><strong>villa</strong></span> <span class='ocrx_word' id='word_1_210' title='bbox 1003 4014 1067 4084; x_wconf 89' lang='lat' dir='ltr'><strong>snb</strong></span> <span class='ocrx_word' id='word_1_211' title='bbox 1085 4013 1251 4102; x_wconf 88' lang='lat' dir='ltr'><strong>parochia</strong></span> <span class='ocrx_word' id='word_1_212' title='bbox 1265 4013 1312 4083; x_wconf 89' lang='lat' dir='ltr'><strong>de</strong></span> <span class='ocrx_word' id='word_1_213' title='bbox 1331 4012 1422 4084; x_wconf 81' lang='lat' dir='ltr'><strong>Suu·</strong></span> <span class='ocrx_word' id='word_1_214' title='bbox 1431 4015 1699 4103; x_wconf 74' lang='lat' dir='ltr'><strong>yeczaclrou·</strong></span> <span class='ocrx_word' id='word_1_215' title='bbox 1728 4015 1809 4104; x_wconf 88' lang='lat' dir='ltr'><strong>sita,</strong></span> <span class='ocrx_word' id='word_1_216' title='bbox 1838 4014 1936 4086; x_wconf 91' lang='lat' dir='ltr'><strong>cuius</strong></span> <span class='ocrx_word' id='word_1_217' title='bbox 1963 4034 2041 4104; x_wconf 90' lang='lat' dir='ltr'><strong>pro·</strong></span> 
     </span>
     <span class='ocr_line' id='line_1_26' title="bbox 491 4132 2040 4226; baseline -0.001 -21"><span class='ocrx_word' id='word_1_218' title='bbox 491 4135 624 4225; x_wconf 88' lang='lat' dir='ltr'><strong>prietas</strong></span> <span class='ocrx_word' id='word_1_219' title='bbox 660 4134 703 4204; x_wconf 88' lang='lat' dir='ltr'><strong>ad</strong></span> <span class='ocrx_word' id='word_1_220' title='bbox 740 4135 936 4223; x_wconf 84' lang='lat' dir='ltr'><strong>episcopum</strong></span> <span class='ocrx_word' id='word_1_221' title='bbox 972 4132 1237 4205; x_wconf 77' lang='lat' dir='ltr'><strong>Crotoniensem</strong></span> <span class='ocrx_word' id='word_1_222' title='bbox 1272 4135 1433 4224; x_wconf 86' lang='lat' dir='ltr'><strong>pertinet.</strong></span> <span class='ocrx_word' id='word_1_223' title='bbox 1478 4135 1517 4204; x_wconf 93' lang='lat' dir='ltr'><strong>In</strong></span> <span class='ocrx_word' id='word_1_224' title='bbox 1555 4156 1622 4226; x_wconf 89' lang='lat' dir='ltr'><strong>qua</strong></span> <span class='ocrx_word' id='word_1_225' title='bbox 1658 4141 1738 4206; x_wconf 91' lang='lat' dir='ltr'><strong>sunt</strong></span> <span class='ocrx_word' id='word_1_226' title='bbox 1775 4141 1925 4226; x_wconf 88' lang='lat' dir='ltr'><strong>quatuor</strong></span> <span class='ocrx_word' id='word_1_227' title='bbox 1951 4135 2040 4206; x_wconf 81' lang='lat' dir='ltr'><strong>lanei</strong></span> 
     </span>
     <span class='ocr_line' id='line_1_27' title="bbox 492 4255 2049 4346; baseline 0 -20"><span class='ocrx_word' id='word_1_228' title='bbox 492 4255 723 4326; x_wconf 83' lang='lat' dir='ltr'><strong>amathonales</strong></span> <span class='ocrx_word' id='word_1_229' title='bbox 741 4263 788 4326; x_wconf 91' lang='lat' dir='ltr'><strong>et</strong></span> <span class='ocrx_word' id='word_1_230' title='bbox 814 4276 883 4325; x_wconf 90' lang='lat' dir='ltr'><strong>una</strong></span> <span class='ocrx_word' id='word_1_231' title='bbox 908 4255 1109 4327; x_wconf 82' lang='lat' dir='ltr'><strong>hortulanis</strong></span> <span class='ocrx_word' id='word_1_232' title='bbox 1135 4256 1267 4327; x_wconf 87' lang='lat' dir='ltr'><strong>habens</strong></span> <span class='ocrx_word' id='word_1_233' title='bbox 1295 4278 1416 4346; x_wconf 86' lang='lat' dir='ltr'><strong>agros,</strong></span> <span class='ocrx_word' id='word_1_234' title='bbox 1453 4257 1496 4326; x_wconf 91' lang='lat' dir='ltr'><strong>de</strong></span> <span class='ocrx_word' id='word_1_235' title='bbox 1525 4257 1648 4346; x_wconf 87' lang='lat' dir='ltr'><strong>quibus</strong></span> <span class='ocrx_word' id='word_1_236' title='bbox 1677 4257 1824 4328; x_wconf 82' lang='lat' dir='ltr'><strong>solvitur</strong></span> <span class='ocrx_word' id='word_1_237' title='bbox 1852 4263 1889 4328; x_wconf 85' lang='lat' dir='ltr'><strong>et</strong></span> <span class='ocrx_word' id='word_1_238' title='bbox 1916 4255 2049 4328; x_wconf 79' lang='lat' dir='ltr'><strong>coudu·.</strong></span> 
     </span>
     <span class='ocr_line' id='line_1_28' title="bbox 491 4376 2043 4467; baseline -0.003 -17"><span class='ocrx_word' id='word_1_239' title='bbox 491 4376 583 4450; x_wconf 88' lang='lat' dir='ltr'><strong>citur</strong></span> <span class='ocrx_word' id='word_1_240' title='bbox 609 4376 746 4448; x_wconf 86' lang='lat' dir='ltr'><strong>decima</strong></span> <span class='ocrx_word' id='word_1_241' title='bbox 765 4377 989 4466; x_wconf 83' lang='lat' dir='ltr'><strong>nrarripularis</strong></span> <span class='ocrx_word' id='word_1_242' title='bbox 1021 4381 1057 4447; x_wconf 90' lang='lat' dir='ltr'><strong>et</strong></span> <span class='ocrx_word' id='word_1_243' title='bbox 1083 4376 1259 4466; x_wconf 88' lang='lat' dir='ltr'><strong>canapalis</strong></span> <span class='ocrx_word' id='word_1_244' title='bbox 1286 4397 1349 4467; x_wconf 90' lang='lat' dir='ltr'><strong>pro</strong></span> <span class='ocrx_word' id='word_1_245' title='bbox 1378 4379 1533 4448; x_wconf 86' lang='lat' dir='ltr'><strong>cantoria</strong></span> <span class='ocrx_word' id='word_1_246' title='bbox 1560 4377 1847 4467; x_wconf 86' lang='lat' dir='ltr'><strong>Sandominieusi,</strong></span> <span class='ocrx_word' id='word_1_247' title='bbox 1885 4385 1921 4447; x_wconf 92' lang='lat' dir='ltr'><strong>et</strong></span> <span class='ocrx_word' id='word_1_248' title='bbox 1948 4376 2043 4448; x_wconf 79' lang='lat' dir='ltr'><strong>valor</strong></span> 
     </span>
     <span class='ocr_line' id='line_1_29' title="bbox 490 4495 2041 4604; baseline 0 -34"><span class='ocrx_word' id='word_1_249' title='bbox 490 4495 563 4571; x_wconf 80' lang='lat' dir='ltr'><strong>eia&#39;s</strong></span> <span class='ocrx_word' id='word_1_250' title='bbox 581 4498 625 4569; x_wconf 88' lang='lat' dir='ltr'><strong>ad</strong></span> <span class='ocrx_word' id='word_1_251' title='bbox 643 4497 729 4574; x_wconf 89' lang='lat' dir='ltr'><strong>duas</strong></span> <span class='ocrx_word' id='word_1_252' title='bbox 756 4519 889 4569; x_wconf 88' lang='lat' dir='ltr'><strong>marcas</strong></span> <span class='ocrx_word' id='word_1_253' title='bbox 909 4500 1121 4569; x_wconf 86' lang='lat' dir='ltr'><strong>aestimatur.</strong></span> <span class='ocrx_word' id='word_1_254' title='bbox 1165 4497 1252 4568; x_wconf 89' lang='lat' dir='ltr'><strong>Item</strong></span> <span class='ocrx_word' id='word_1_255' title='bbox 1274 4499 1319 4568; x_wconf 88' lang='lat' dir='ltr'><strong>ibi</strong></span> <span class='ocrx_word' id='word_1_256' title='bbox 1341 4521 1406 4568; x_wconf 83' lang='lat' dir='ltr'><strong>rron</strong></span> <span class='ocrx_word' id='word_1_257' title='bbox 1427 4506 1478 4570; x_wconf 88' lang='lat' dir='ltr'><strong>est</strong></span> <span class='ocrx_word' id='word_1_258' title='bbox 1499 4499 1695 4589; x_wconf 88' lang='lat' dir='ltr'><strong>praedium,</strong></span> <span class='ocrx_word' id='word_1_259' title='bbox 1724 4520 1791 4570; x_wconf 91' lang='lat' dir='ltr'><strong>uon</strong></span> <span class='ocrx_word' id='word_1_260' title='bbox 1811 4503 1865 4570; x_wconf 91' lang='lat' dir='ltr'><strong>est</strong></span> <span class='ocrx_word' id='word_1_261' title='bbox 1884 4498 2041 4604; x_wconf 82' lang='lat' dir='ltr'><strong>taberna,</strong></span> 
     </span>
     <span class='ocr_line' id='line_1_30' title="bbox 491 4620 868 4711; baseline -0.008 -21"><span class='ocrx_word' id='word_1_262' title='bbox 491 4639 601 4711; x_wconf 88' lang='lat' dir='ltr'><strong>neque</strong></span> <span class='ocrx_word' id='word_1_263' title='bbox 628 4620 868 4709; x_wconf 84' lang='lat' dir='ltr'><strong>molendinum.</strong></span> 
     </span>
    </p>

    <p class='ocr_par' dir='ltr' id='par_1_8' title="bbox 387 4720 2048 5577">
     <span class='ocr_line' id='line_1_31' title="bbox 524 4720 2042 4832; baseline 0 -20"><span class='ocrx_word' id='word_1_264' title='bbox 524 4807 528 4820; x_wconf 83' lang='lat'>‚</span> <span class='ocrx_word' id='word_1_265' title='bbox 570 4741 860 4831; x_wconf 79' lang='lat' dir='ltr'><strong>-Bnrsuowncu,</strong></span> <span class='ocrx_word' id='word_1_266' title='bbox 886 4742 969 4814; x_wconf 82' lang='lat' dir='ltr'><strong>villa</strong></span> <span class='ocrx_word' id='word_1_267' title='bbox 991 4743 1055 4813; x_wconf 92' lang='lat' dir='ltr'><strong>sub</strong></span> <span class='ocrx_word' id='word_1_268' title='bbox 1074 4743 1239 4832; x_wconf 85' lang='lat' dir='ltr'><strong>parochia</strong></span> <span class='ocrx_word' id='word_1_269' title='bbox 1261 4743 1303 4814; x_wconf 88' lang='lat' dir='ltr'><strong>de</strong></span> <span class='ocrx_word' id='word_1_270' title='bbox 1326 4740 1697 4832; x_wconf 80' lang='lat' dir='ltr'><strong>Snuyeczeclrow</strong></span> <span class='ocrx_word' id='word_1_271' title='bbox 1725 4720 1808 4832; x_wconf 79' lang='lat' dir='ltr'><strong>sita,</strong></span> <span class='ocrx_word' id='word_1_272' title='bbox 1836 4743 1936 4814; x_wconf 89' lang='lat' dir='ltr'><strong>ouius</strong></span> <span class='ocrx_word' id='word_1_273' title='bbox 1963 4763 2042 4832; x_wconf 91' lang='lat' dir='ltr'><strong>pro-</strong></span> 
     </span>
     <span class='ocr_line' id='line_1_32' title="bbox 491 4863 2043 4957; baseline -0.001 -21"><span class='ocrx_word' id='word_1_274' title='bbox 491 4865 624 4957; x_wconf 86' lang='lat' dir='ltr'><strong>prietas</strong></span> <span class='ocrx_word' id='word_1_275' title='bbox 661 4864 706 4935; x_wconf 90' lang='lat' dir='ltr'><strong>ad</strong></span> <span class='ocrx_word' id='word_1_276' title='bbox 732 4863 1009 4935; x_wconf 84' lang='lat' dir='ltr'><strong>Palossium</strong></span> <span class='ocrx_word' id='word_1_277' title='bbox 1045 4863 1351 4954; x_wconf 80' lang='lat' dir='ltr'><strong>Blyskowslry</strong></span> <span class='ocrx_word' id='word_1_278' title='bbox 1385 4870 1420 4934; x_wconf 90' lang='lat' dir='ltr'><strong>et</strong></span> <span class='ocrx_word' id='word_1_279' title='bbox 1447 4863 1659 4954; x_wconf 72' lang='lat' dir='ltr'><strong>Czu⁷yk1a</strong></span> <span class='ocrx_word' id='word_1_280' title='bbox 1693 4864 1736 4934; x_wconf 89' lang='lat' dir='ltr'><strong>de</strong></span> <span class='ocrx_word' id='word_1_281' title='bbox 1771 4864 1878 4936; x_wconf 86' lang='lat' dir='ltr'><strong>armis</strong></span> <span class='ocrx_word' id='word_1_282' title='bbox 1915 4864 2043 4934; x_wconf 79' lang='lat' dir='ltr'><strong>Rana</strong></span> 
     </span>
     <span class='ocr_line' id='line_1_33' title="bbox 489 4985 2043 5089; baseline -0.001 -32"><span class='ocrx_word' id='word_1_283' title='bbox 489 4986 652 5089; x_wconf 87' lang='lat' dir='ltr'><strong>pertinet.</strong></span> <span class='ocrx_word' id='word_1_284' title='bbox 696 4985 736 5056; x_wconf 92' lang='lat' dir='ltr'><strong>In</strong></span> <span class='ocrx_word' id='word_1_285' title='bbox 755 5006 823 5075; x_wconf 85' lang='lat' dir='ltr'><strong>qua</strong></span> <span class='ocrx_word' id='word_1_286' title='bbox 850 4992 931 5056; x_wconf 91' lang='lat' dir='ltr'><strong>sunt</strong></span> <span class='ocrx_word' id='word_1_287' title='bbox 957 4986 1108 5075; x_wconf 89' lang='lat' dir='ltr'><strong>quinque</strong></span> <span class='ocrx_word' id='word_1_288' title='bbox 1134 4985 1225 5056; x_wconf 88' lang='lat' dir='ltr'><strong>lanei</strong></span> <span class='ocrx_word' id='word_1_289' title='bbox 1254 4985 1497 5075; x_wconf 87' lang='lat' dir='ltr'><strong>cmcthonalos,</strong></span> <span class='ocrx_word' id='word_1_290' title='bbox 1524 4985 1710 5075; x_wconf 89' lang='lat' dir='ltr'><strong>dequibus</strong></span> <span class='ocrx_word' id='word_1_291' title='bbox 1738 4986 1885 5059; x_wconf 78' lang='lat' dir='ltr'><strong>solvitur</strong></span> <span class='ocrx_word' id='word_1_292' title='bbox 1912 4991 1949 5056; x_wconf 85' lang='lat' dir='ltr'><strong>et</strong></span> <span class='ocrx_word' id='word_1_293' title='bbox 1967 5005 2043 5081; x_wconf 84' lang='lat' dir='ltr'><strong>con-</strong></span> 
     </span>
     <span class='ocr_line' id='line_1_34' title="bbox 490 5105 2048 5203; baseline -0.002 -23"><span class='ocrx_word' id='word_1_294' title='bbox 490 5107 629 5180; x_wconf 87' lang='lat' dir='ltr'><strong>ducitur</strong></span> <span class='ocrx_word' id='word_1_295' title='bbox 655 5107 789 5179; x_wconf 84' lang='lat' dir='ltr'><strong>docima</strong></span> <span class='ocrx_word' id='word_1_296' title='bbox 816 5107 1042 5197; x_wconf 88' lang='lat' dir='ltr'><strong>manipularis</strong></span> <span class='ocrx_word' id='word_1_297' title='bbox 1069 5113 1106 5177; x_wconf 87' lang='lat' dir='ltr'><strong>et</strong></span> <span class='ocrx_word' id='word_1_298' title='bbox 1123 5107 1298 5203; x_wconf 79' lang='lat' dir='ltr'><strong>carrapalis</strong></span> <span class='ocrx_word' id='word_1_299' title='bbox 1326 5129 1388 5196; x_wconf 91' lang='lat' dir='ltr'><strong>pro</strong></span> <span class='ocrx_word' id='word_1_300' title='bbox 1408 5107 1564 5178; x_wconf 89' lang='lat' dir='ltr'><strong>cantoria</strong></span> <span class='ocrx_word' id='word_1_301' title='bbox 1582 5105 1862 5197; x_wconf 85' lang='lat' dir='ltr'><strong>Saudomirieusi,</strong></span> <span class='ocrx_word' id='word_1_302' title='bbox 1891 5115 1929 5178; x_wconf 87' lang='lat' dir='ltr'><strong>et</strong></span> <span class='ocrx_word' id='word_1_303' title='bbox 1947 5107 2048 5178; x_wconf 80' lang='lat' dir='ltr'><strong>valon</strong></span> 
     </span>
     <span class='ocr_line' id='line_1_35' title="bbox 489 5227 2039 5318; baseline -0.001 -18"><span class='ocrx_word' id='word_1_304' title='bbox 489 5229 565 5302; x_wconf 85' lang='lat' dir='ltr'><strong>cius</strong></span> <span class='ocrx_word' id='word_1_305' title='bbox 591 5229 795 5316; x_wconf 84' lang='lat' dir='ltr'><strong>aestimatur</strong></span> <span class='ocrx_word' id='word_1_306' title='bbox 823 5228 866 5299; x_wconf 91' lang='lat' dir='ltr'><strong>ad</strong></span> <span class='ocrx_word' id='word_1_307' title='bbox 895 5229 1044 5318; x_wconf 87' lang='lat' dir='ltr'><strong>quinquo</strong></span> <span class='ocrx_word' id='word_1_308' title='bbox 1071 5247 1214 5298; x_wconf 87' lang='lat' dir='ltr'><strong>marcas.</strong></span> <span class='ocrx_word' id='word_1_309' title='bbox 1259 5227 1345 5298; x_wconf 88' lang='lat' dir='ltr'><strong>Item</strong></span> <span class='ocrx_word' id='word_1_310' title='bbox 1374 5233 1453 5298; x_wconf 93' lang='lat' dir='ltr'><strong>sunt</strong></span> <span class='ocrx_word' id='word_1_311' title='bbox 1479 5228 1528 5298; x_wconf 89' lang='lat' dir='ltr'><strong>ibi</strong></span> <span class='ocrx_word' id='word_1_312' title='bbox 1555 5228 1623 5299; x_wconf 92' lang='lat' dir='ltr'><strong>dno</strong></span> <span class='ocrx_word' id='word_1_313' title='bbox 1650 5228 1802 5318; x_wconf 85' lang='lat' dir='ltr'><strong>praedia,</strong></span> <span class='ocrx_word' id='word_1_314' title='bbox 1831 5227 1875 5300; x_wconf 88' lang='lat' dir='ltr'><strong>de</strong></span> <span class='ocrx_word' id='word_1_315' title='bbox 1895 5249 2039 5318; x_wconf 90' lang='lat' dir='ltr'><strong>quornm</strong></span> 
     </span>
     <span class='ocr_line' id='line_1_36' title="bbox 488 5328 2042 5454; baseline -0.001 -34"><span class='ocrx_word' id='word_1_316' title='bbox 488 5351 583 5441; x_wconf 76' lang='lat' dir='ltr'><strong>agris</strong></span> <span class='ocrx_word' id='word_1_317' title='bbox 610 5328 758 5454; x_wconf 80' lang='lat' dir='ltr'><strong>solvitur</strong></span> <span class='ocrx_word' id='word_1_318' title='bbox 785 5349 918 5422; x_wconf 87' lang='lat' dir='ltr'><strong>decima</strong></span> <span class='ocrx_word' id='word_1_319' title='bbox 943 5349 1168 5439; x_wconf 89' lang='lat' dir='ltr'><strong>manipularis</strong></span> <span class='ocrx_word' id='word_1_320' title='bbox 1205 5349 1371 5420; x_wconf 84' lang='lat' dir='ltr'><strong>ecclesiae</strong></span> <span class='ocrx_word' id='word_1_321' title='bbox 1399 5349 1433 5418; x_wconf 92' lang='lat' dir='ltr'><strong>in</strong></span> <span class='ocrx_word' id='word_1_322' title='bbox 1462 5349 1849 5440; x_wconf 67' lang='lat' dir='ltr'><strong>Szwyeczeohon‘,</strong></span> <span class='ocrx_word' id='word_1_323' title='bbox 1883 5349 2042 5446; x_wconf 20' lang='lat' dir='ltr'><strong>et‘valor</strong></span> 
     </span>
     <span class='ocr_line' id='line_1_37' title="bbox 387 5469 1521 5577; baseline -0.002 -34"><span class='ocrx_word' id='word_1_324' title='bbox 387 5567 394 5577; x_wconf 12' lang='grc' dir='ltr'><strong>ἡ</strong></span> <span class='ocrx_word' id='word_1_325' title='bbox 489 5469 564 5543; x_wconf 63' lang='lat' dir='ltr'><strong>aas</strong></span> <span class='ocrx_word' id='word_1_326' title='bbox 589 5472 795 5546; x_wconf 85' lang='lat' dir='ltr'><strong>aestimatur</strong></span> <span class='ocrx_word' id='word_1_327' title='bbox 822 5471 867 5542; x_wconf 90' lang='lat' dir='ltr'><strong>ad</strong></span> <span class='ocrx_word' id='word_1_328' title='bbox 893 5470 979 5542; x_wconf 90' lang='lat' dir='ltr'><strong>duas</strong></span> <span class='ocrx_word' id='word_1_329' title='bbox 1005 5489 1151 5542; x_wconf 90' lang='lat' dir='ltr'><strong>marcas.</strong></span> <span class='ocrx_word' id='word_1_330' title='bbox 1517 5475 1521 5482; x_wconf 87' lang='lat'>&#39;</span> 
     </span>
    </p>
   </div>
   <div class='ocr_carea' id='block_1_4' title="bbox 593 5608 2038 5702">
    <p class='ocr_par' dir='ltr' id='par_1_9' title="bbox 593 5608 2038 5702">
     <span class='ocr_line' id='line_1_38' title="bbox 593 5608 2038 5702; baseline -0.001 -20"><span class='ocrx_word' id='word_1_331' title='bbox 593 5609 748 5702; x_wconf 82' lang='lat' dir='ltr'><strong>Porow,</strong></span> <span class='ocrx_word' id='word_1_332' title='bbox 776 5611 859 5682; x_wconf 88' lang='lat' dir='ltr'><strong>villa</strong></span> <span class='ocrx_word' id='word_1_333' title='bbox 886 5612 949 5682; x_wconf 85' lang='lat' dir='ltr'><strong>suh</strong></span> <span class='ocrx_word' id='word_1_334' title='bbox 976 5611 1140 5701; x_wconf 86' lang='lat' dir='ltr'><strong>parochia</strong></span> <span class='ocrx_word' id='word_1_335' title='bbox 1177 5610 1218 5680; x_wconf 87' lang='lat' dir='ltr'><strong>de</strong></span> <span class='ocrx_word' id='word_1_336' title='bbox 1247 5608 1729 5699; x_wconf 72' lang='lat' dir='ltr'><strong>Szuuyccnechowyoz&#39;e</strong></span> <span class='ocrx_word' id='word_1_337' title='bbox 1757 5612 1841 5699; x_wconf 88' lang='lat' dir='ltr'><strong>sita,</strong></span> <span class='ocrx_word' id='word_1_338' title='bbox 1871 5615 2038 5701; x_wconf 81' lang='lat' dir='ltr'><strong>quaeest</strong></span> 
     </span>
    </p>
   </div>
   <div class='ocr_carea' id='block_1_5' title="bbox 0 0 2280 6598">
    <p class='ocr_par' dir='ltr' id='par_1_10' title="bbox 0 0 2280 6598">
     <span class='ocr_line' id='line_1_39' title="bbox 0 0 2280 6598; baseline 0 0"><span class='ocrx_word' id='word_1_339' title='bbox 0 0 2280 6598; x_wconf 95' lang='lat' dir='ltr'><strong> </strong></span> 
     </span>
    </p>
   </div>
  </div>
 </body>
</html>
