4550 6600
1685 767 1757 846 ior

314 964 691 1065 Mnaczrnnowrczn,
717 968 801 1045 villa
827 971 890 1046 sub
918 970 1084 1065 parochia
1110 969 1154 1045 de
1179 970 1551 1067 Koszczyelyecz
1586 976 1680 1049 sita.
1699 1034 1707 1047 .
1726 1032 1760 1048 ..

314 1091 557 1183 Nnooaznnr,
584 1094 668 1165 villa
694 1095 759 1165 sub
785 1096 954 1185 parochia
980 1096 1023 1167 de
1050 1095 1387 1187 (loszczelyecz
1414 1098 1544 1169 sita...

315 1210 514 1303 Wrnnous,
541 1214 625 1286 villa
651 1214 715 1287 sub
743 1215 786 1286 de
813 1214 1179 1307 Goszczyelyecz
1207 1218 1338 1288 sita...

315 1330 591 1425 Gornowrczn,
627 1334 709 1406 villa
735 1336 798 1408 suh
826 1336 991 1428 parochia
1017 1338 1183 1409 ecclesiae
1210 1338 1253 1409 de
1279 1337 1656 1432 Koszczyelyeez
1682 1341 1759 1430 sita,

211 1455 305 1525 cuins
333 1454 531 1543 proprietas
557 1455 602 1527 ad
628 1457 875 1528 monasterium
903 1457 945 1528 de
978 1456 1276 1549 Stanyathky
1310 1459 1481 1549 pertinet,
1517 1459 1650 1531 decima
1676 1481 1759 1531 vero

209 1574 434 1665 manipularis
461 1575 506 1646 ad
532 1576 696 1647 vicariam
722 1568 941 1666 praebendae
968 1576 1217 1668 Gracoviensis,
1245 1599 1334 1669 quae
1352 1578 1590 1652 Poszanczslra
1607 1580 1759 1671 appella-

209 1702 266 1767 tur
285 1748 402 1766 .....

310 1814 545 1906 Bonunrczrr,
572 1816 655 1889 villa
673 1818 737 1890 sub
756 1818 921 1908 parochia
948 1818 1112 1891 ecclesiae
1130 1820 1173 1891 de
1199 1819 1515 1912 Kosczelyecz
1542 1822 1630 1911 sita,
1661 1822 1759 1893 cums

210 1937 404 2027 proprietas
431 1937 476 2008 ad
503 1938 759 2010 serenissimum
786 1938 951 2012 Poloniae
978 1961 1096 2031 regem
1122 1942 1294 2032 pertinet,
1330 1941 1464 2013 decima
1489 1962 1572 2014 vero
1598 1943 1757 2031 manIpn-

207 2057 288 2127 larIs
324 2057 371 2128 ad
397 2058 632 2147 praebendam
667 2058 948 2152 Oracoviensem,
985 2082 1072 2151 quac
1106 2068 1251 2134 vocatur
1277 2062 1496 2135 Posenczslra
1526 2063 1570 2134 de
1596 2063 1757 2135 undecim
1827 2076 1832 2087 ‘

209 2177 315 2249 laneis
343 2179 628 2270 cmethonulibus,
656 2180 699 2251 de
717 2181 859 2271 praedio
878 2202 961 2253 vero
989 2182 1136 2253 solvitur
1163 2183 1330 2255 eccleaIae
1357 2182 1549 2274 parochiali
1574 2184 1611 2253 In
1631 2182 1758 2273 oppido

210 2297 397 2389 Usczye.
1856 2280 1860 2285 ’

309 2417 530 2510 munaus,
567 2419 650 2493 villa
685 2421 750 2493 sub
776 2422 943 2511 parochia
978 2422 1021 2495 de
1051 2421 1397 2516 Oosczyelyccz'
1433 2425 1520 2513 sita,
1557 2423 1653 2495 cuius
1679 2444 1760 2514 pro-

210 2540 338 2629 prietas
359 2592 473 2610 .....

610 2647 613 2655 ’
852 2664 1110 2737 ernomczn.

307 2778 405 2853 Villa
431 2782 564 2854 habens
599 2782 636 2853 in
668 2804 705 2855 ae
731 2785 965 2874 parochialem
999 2786 1180 2857 ecelesiam
1214 2784 1383 2875 ligneam,
1419 2783 1545 2857 Sancto
1581 2783 1757 2875 Stephano

209 2894 408 2991 hungariae
435 2904 511 2992 regi
537 2903 700 2994 dicatam,
726 2906 823 2977 euius
850 2906 1046 2995 proprietas
1073 2906 1117 2977 ad
1144 2906 1307 2977 abbatem
1333 2910 1369 2975 et
1393 2905 1643 2976 monasterium
1664 2904 1758 2996 Thy-

209 3024 378 3097 niczIense
403 3024 564 3113 pertinet
610 3024 650 3095 In
678 3045 747 3114 qna
773 3031 855 3097 sunt
882 3026 998 3097 decern
1025 3026 1117 3097 lanei
1145 3025 1398 3116 cmethonales,
1434 3025 1477 3096 de
1504 3025 1630 3116 quibus
1656 3045 1758 3115 supe·

208 3143 356 3215 rioribus
384 3144 598 3235 temporibus
633 3146 848 3235 percipiebat
882 3146 1050 3235 plebanos
1087 3146 1122 3216 in
1149 3145 1418 3236 Xyagnicze
1456 3145 1623 3217 decImam
1648 3146 1758 3216 mani-

209 3264 363 3354 pularem
382 3270 418 3337 et
432 3265 642 3356 canapalem3
660 3266 763 3338 hodie
777 3271 901 3358 autem,
921 3288 989 3358 quo
1003 3272 1105 3357 pacto
1124 3268 1288 3357 nescitur,
1306 3266 1399 3339 tollit
1416 3285 1493 3338 eam
1510 3266 1758 3338 monasterium

209 3385 442 3477 Ihyncziense
469 3393 504 3458 et
530 3388 566 3458 In
592 3387 757 3460 horreum
784 3409 883 3460 suum
911 3388 1051 3478 inducit,
1079 3395 1116 3460 et
1143 3389 1241 3460 valor
1259 3389 1333 3460 eius
1360 3389 1567 3466 aestimatur
1594 3388 1640 3458 ad
1657 3388 1757 3478 quiu-

209 3505 314 3580 decim
341 3528 488 3580 marcas.
531 3507 619 3578 Item
646 3515 701 3580 est
727 3508 777 3579 ibi
802 3510 951 3580 taberna
977 3509 1021 3580 ad
1047 3510 1297 3599 proprietatem
1323 3509 1464 3600 plebani
1489 3508 1686 3598 pertinens,
1713 3506 1757 3578 de

211 3647 273 3716 qna
299 3629 370 3700 sibi
396 3648 459 3718 pro
486 3648 591 3700 censu
627 3628 810 3700 solvuntur
836 3635 986 3720 quatuor
1012 3649 1157 3700 marcae.
1201 3629 1290 3700 Item
1317 3633 1399 3700 sunt
1423 3628 1473 3698 ibi
1487 3633 1650 3718 ,quatuor
1675 3628 1757 3698 bor·

209 3748 358 3820 tulauIae
387 3748 432 3820 ad
458 3749 643 3839 plebanum
670 3750 894 3839 pertinentes,
922 3755 958 3820 et
985 3750 1160 3840 quaelibet
1184 3749 1289 3821 solvit
1315 3747 1462 3838 plebano
1488 3768 1551 3838 per
1577 3747 1757 3820 fertonem.

211 3867 294 3940 Item
320 3875 404 3959 post
429 3869 625 3960 prachIctas
659 3870 841 3942 tabernam
869 3874 906 3942 et
932 3869 1149 3942 hortulanias
1176 3869 1329 3960 plebani,
1365 3889 1454 3958 quae
1481 3887 1601 3940 omnes
1626 3867 1760 3938 habent
1908 3971 1912 3980 Ι

211 4010 326 4080 agros,
364 3991 512 4062 solvitur
547 3989 681 4062 decima
706 3990 933 4081 manipularis
969 3990 1116 4081 plebano
1150 3990 1187 4061 in
1214 3989 1491 4080 Xangnicze.
1529 3988 1618 4058 Item
1650 3988 1757 4059 hahet

210 4110 374 4201 plebanus
401 4131 465 4200 pro
493 4110 573 4183 dote
601 4131 664 4182 sua
689 4111 869 4202 praedium
895 4112 1023 4183 honum
1042 4116 1077 4182 et
1095 4117 1198 4200 prata
1223 4111 1301 4201 tria,
1328 4109 1371 4182 de
1397 4109 1524 4199 quihus
1550 4108 1759 4200 proveniunt

214 4232 275 4302 sibi
301 4253 367 4322 pro
396 4231 551 4323 quolibet
576 4253 666 4304 anno
694 4223 789 4304 ultra
815 4253 876 4304 sex
904 4234 1021 4304 acervi
1047 4230 1150 4303 Ioeni.
1178 4232 1266 4302 Item
1291 4231 1400 4302 habet
1425 4235 1462 4300 et
1487 4230 1636 4321 piscinas
1663 4229 1759 4300 duas.

214 4351 297 4424 ltem
323 4353 495 4443 plebanus
530 4353 638 4425 habet
673 4353 722 4424 ibi
749 4359 785 4424 et
816 4355 941 4426 rubeta
976 4333 1202 4443 sufficientia,
1239 4372 1327 4443 quae
1362 4356 1531 4423 vocantur
1566 4350 1758 4441 vulgariter

206 4469 371 4569 plebaapc
397 4468 527 4544 rzccltti.
563 4474 649 4546 Item
677 4479 732 4546 est
758 4475 794 4546 in
821 4474 941 4546 eadem
967 4473 1050 4546 villa
1076 4474 1257 4574 praedium
1282 4474 1411 4544 bonum
1429 4471 1566 4543 abbatis
1584 4476 1622 4542 et
1638 4489 1758 4541 mona·

214 4595 326 4684 sterii,
364 4593 407 4666 de
435 4615 502 4686 qno
529 4595 616 4666 nulli
643 4595 703 4666 dat
730 4595 906 4687 decimam,
934 4595 995 4668 sed
1022 4616 1098 4666 eam
1124 4616 1188 4685 pro
1217 4615 1255 4666 se
1281 4594 1383 4666 tollit
1427 4591 1516 4662 Item
1544 4591 1754 4663 columbatio

215 4735 311 4805 qnam
325 4716 499 4816 plebanus
517 4723 597 4807 post
615 4721 724 4788 totam
743 4717 943 4808 parochiam
967 4717 1125 4806 percipit,
1153 4715 1311 4788 extendit
1328 4735 1366 4786 se
1384 4713 1429 4784 ad
1448 4713 1599 4804 quinque
1619 4731 1753 4782 marcas

310 4836 448 4908 Parva
474 4837 739 4928 Xrnaeruczn,
775 4837 858 4909 villa
894 4838 956 4908 suh
984 4836 1150 4928 parochia
1186 4836 1229 4907 de
1266 4834 1500 4926 Xaguicze
1540 4833 1624 4923 sita,
1659 4833 1757 4902 cuins

213 4958 406 5050 proprietas
432 4958 477 5030 ad
504 4959 666 5042 abbatem
698 4965 734 5030 et
759 4958 1006 5030 monasterIum
1034 4955 1282 5048 Thynicziense
1308 4955 1470 5046 pertInet.
1513 4953 1555 5024 In
1583 4973 1650 5043 qua
1675 4957 1757 5023 sunt

215 5101 333 5152 novem
359 5079 452 5150 lanei
478 5077 722 5172 emethonales,
749 5081 832 5152 item
859 5079 1005 5150 taberna
1030 5098 1100 5148 una
1125 5077 1258 5147 habens
1285 5097 1402 5166 agros,
1428 5074 1512 5145 item
1537 5072 1757 5146 hortulaniae

216 5199 298 5272 dnae
325 5201 495 5272 habentes
522 5221 640 5292 agros,
676 5203 760 5273 item
787 5200 1020 5272 molendInum
1047 5197 1256 5286 coenobiale,
1283 5197 1326 5268 de
1353 5196 1477 5288 quibus
1504 5193 1662 5269 omnibns
1689 5192 1779 5264 sol--

216 5321 303 5392 ritur
329 5327 368 5392 et
395 5321 598 5393 conducitur
625 5321 758 5406 decima
783 5319 1009 5410 manipularis
1036 5325 1073 5390 et
1099 5317 1274 5408 canapalis
1300 5337 1364 5406 pro
1391 5314 1538 5386 ecclesia
1555 5320 1591 5386 et
1607 5314 1755 5404 plebano

215 5441 523 5536 inXagnicze',
557 5448 593 5514 et
619 5441 718 5516 valor
743 5442 817 5515 eius
845 5441 1048 5514 aestimatur
1074 5439 1118 5510 ad
1145 5437 1305 5508 sedecim·
1320 5456 1473 5527 marcas,
1500 5434 1684 5528 aliquando
1712 5433 1757 5506 ad

216 5564 333 5654 uginti
358 5577 502 5638 marcas.

310 5682 536 5778 Monnznnr,
576 5684 659 5760 villa
694 5683 758 5764 sub
784 5681 950 5780 parochia
985 5679 1151 5762 eeclesiae
1186 5677 1230 5758 de
1264 5676 1500 5776 Xagnicze
1535 5677 1621 5773 sita,
1656 5678 1755 5754 euim
