4550 6600
512 731 587 803 464

512 938 636 1011 fundus
664 941 700 1009 11
726 937 927 1029 proprietas·
950 936 1211 1028 praepositurae
1237 936 1465 1030 Kyeleieuais.
1492 939 1532 1011 In
1559 961 1630 1031 qua
1656 944 1738 1011 sunt
1763 946 1843 1013 octo
1869 940 2064 1015 111111111-

511 1059 687 1149 thonales‚
727 1059 809 1131 item
837 1080 942 1131 uuum
970 1058 1168 1150 praedium,
1209 1061 1293 1132 item
1319 1066 1393 1133 tres
1420 1062 1640 1135 hortulaniae
1666 1063 1837 1136 habentes
1862 1082 1986 1154 agros,
2025 1064 2064 1136 de

510 1180 634 1273 quibus
661 1201 731 1253 una
758 1168 813 1253 est
839 1180 1055 1271 episcopalis,
1083 1180 1173 1253 duae
1199 1183 1399 1274 praepositi,
1425 1182 1614 1275 dequibus
1641 1184 1790 1256 solvitur
1808 1189 1846 1255 et
1862 1184 2065 1258 conducitur
2143 1184 2149 1198 ‘

474 1296 476 1303 '
510 1302 643 1375 decima
669 1304 895 1394 manipularis
914 1308 950 1375 et
967 1304 1144 1395 couapalis
1171 1305 1433 1395 praepositurae
1459 1304 1667 1397 Kyelcieusi,
1693 1307 1792 1380 ouius
1810 1307 1909 1379 valor
1926 1306 1974 1379 ad
1991 1314 2065 1381 octo

473 1514 476 1521 ,
512 1444 648 1497 marcas
676 1426 892 1497 aestimatur.

612 1547 762 1637 Rzarru,
790 1546 874 1619 villa
901 1547 964 1619 sub
992 1548 1159 1639 parochia
1184 1547 1228 1619 de
1254 1547 1669 1639 Swyanthamarza
1694 1549 1781 1640 sita,
1807 1571 1872 1640 pro
1900 1570 2066 1632 111111

509 1670 647 1761 dietate,
676 1676 712 1741 et
738 1688 802 1760 pro
830 1670 943 1771 altera
969 1669 1033 1741 sub
1060 1670 1228 1760 parochia
1254 1670 1297 1741 de
1324 1669 1526 1760 Paulos,
1546 1672 1651 1743 cuius
1674 1671 1870 1762 proprietas
1897 1672 1945 1745 ad
1962 1673 2066 1744 abba

508 1797 579 1863 tem
607 1798 644 1863 et
669 1792 916 1864 monasterium
945 1790 1076 1863 Calvi
1102 1793 1276 1863 montis
1302 1792 1449 1865 Sanctae
1475 1792 1597 1873 Crucis
1623 1795 1786 1884 pertinet
1821 1794 1861 1865 ln
1889 1815 1961 1885 qua
1987 1800 2068 1865 suat

509 1913 674 1986 tredecim
711 1913 803 1997 lanei
839 1914 1091 2003 emethonales,
1132 1914 1216 1985 item
1243 1919 1395 2005 quatuor
1420 1915 1589 1987 tabernae
1623 1916 1793 1989 habentes
1820 1936 1943 2007 agros,
1983 1916 2064 1987 itum

508 2035 597 2107 duae
624 2036 844 2107 hortulaniae
871 2033 1040 2107 habentes
1068 2056 1190 2125 agros
1217 2036 1302 2107 item
1328 2037 1510 2127 praedium
1536 2037 1745 2129 coenobiale
1772 2036 1817 2109 ad
1843 2043 1917 2109 tres
1944 2038 2063 2109 laneos

457 2146 462 2152 ’
508 2158 746 2248 aestimatum,
787 2157 830 2229 dc
859 2178 925 2249 quo
953 2158 1146 2229 decimatur
1172 2136 1339 2231 eeclesiae
1365 2159 1403 2229 iu
1429 2158 1640 2250 Paulos,
1679 2159 1877 2250 dequibus
1905 2160 2065 2231 omnibus
2154 2135 2155 2150 ¹

497 2280 657 2371 ,solvitur
675 2285 711 2351 11
729 2279 933 2351 conducitur
952 2280 1084 2351 decima
1101 2279 1329 2371 manipularis
1348 2285 1385 2353 et
1399 2281 1583 2373 cenapolis,
1611 2302 1675 2373 pro
1694 2280 1942 2373 praepositura
1959 2281 2064 2374 11111-

508 2402 624 2492 aiensi,
651 2407 689 2473 et
715 2402 813 2475 valor
839 2401 914 2473 eius
941 2383 1146 2473 aestimatur
1162 2402 1208 2473 ad
1226 2401 1422 2493 quindecim
1440 2422 1584 2475 marcas.
1614 2402 1789 2475 Plebanus
1815 2403 1859 2475 de
1886 2402 2065 2496 811111-

507 2525 750 2597 thamarza
776 2521 970 2595 nonhabet
996 2524 1055 2614 ibi,
1081 2524 1151 2597 nisi
1176 2524 1466 2597 columbatiouem
1492 2530 1530 2597 et
1555 2524 1674 2597 Sancti
1692 2524 1792 2598 Petri
1808 2526 2002 2599 denudum.
2136 2552 2142 2567 ·

610 2643 850 2736 Juuownurr,
877 2644 962 2717 villa
979 2646 1043 2721 sub
1062 2646 1229 2737 parochia
1254 2646 1299 2718 de
1325 2645 1734 2739 Swyantlramarza
1760 2648 1839 2738 sita,
1865 2648 1965 2721 cuins
1982 2670 2063 2739 pro

371 2741 374 2747 Δ
505 2768 638 2859 prietas
665 2768 710 2839 ed
736 2768 984 2841 monasterium
1011 2766 1280 2867 Myechoviense
1306 2770 1467 2859 pertinet
1511 2769 1553 2841 Iu
1580 2791 1649 2863 qua
1683 2775 1766 2843 sunt
1801 2775 1937 2861 septem
1971 2771 2064 2843 lanei

506 2890 748 2981 emethonales,
774 2890 859 2961 item
885 2890 1053 2962 tabernae
1081 2889 1170 2961 duae
1197 2892 1367 2963 habentes
1393 2911 1507 2982 agros,
1534 2892 1619 2963 item
1630 2886 1857 2965 hortulaniae
1884 2892 1975 2965 duae
2002 2893 2063 2963 lna·

505 3012 626 3085 bentes
654 3032 776 3103 agros,
817 3012 901 3083 item
928 3012 1108 3102 praedium
1135 3012 1354 3103 coenobiolo,
1394 3012 1438 3085 dc
1465 3013 1591 3103 quibus
1617 3000 1766 3087 solsitm
1792 3018 1830 3085 et
1855 3013 2062 3087 conducitur

505 3132 639 3205 decima
664 3133 890 3224 manipularis
917 3138 954 3205 et
980 3133 1159 3225 canapalis
1184 3156 1248 3226 pro
1276 3136 1520 3227 praepositura
1544 3134 1759 3227 Kyeleiensi,
1798 3140 1837 3209 et
1861 3136 1963 3209 valor
1988 3138 2062 3209 eius

495 3256 710 3328 'aestimatur
737 3254 782 3328 ad
809 3252 886 3328 octo
914 3276 1059 3328 marcas.

582 3417 585 3424 «
609 3377 809 3468 1111111111,
837 3377 920 3450 villa
946 3378 1011 3451 sub
1037 3379 1205 3469 parochia
1231 3378 1275 3452 dc
1302 3379 1714 3471 Swyanthamarza
1740 3381 1826 3472 sita,
1853 3382 1956 3454 euius
1981 3404 2060 3473 pro

505 3501 637 3590 prietes
665 3501 709 3572 ad
736 3501 898 3574 abbatem
925 3505 961 3574 et
988 3502 1237 3574 monasterium
1264 3502 1412 3576 Sanctae
1439 3501 1562 3577 Crucis
1589 3502 1721 3577 Calvi
1752 3505 1927 3576 montis
1952 3505 2059 3597 pcrti-

504 3626 572 3693 net.
599 3622 640 3693 In
667 3644 736 3714 qua
762 3644 831 3695 non
859 3628 941 3695 sunt
958 3624 1135 3714 tabernae,
1163 3645 1274 3716 neque
1292 3625 1522 3716 hortulaniae‚
1548 3646 1613 3698 nec
1630 3630 1684 3698 est
1701 3625 1843 3717 aliquod
1869 3627 2058 3717 praedium,

502 3745 563 3815 sed
590 3746 829 3818 tantummodo
858 3750 939 3816 suut
966 3731 1115 3837 quatuor
1141 3745 1234 3819 lanei
1261 3748 1505 3838 emethonales,
1532 3746 1576 3819 de
1604 3748 1730 3839 quibus
1756 3748 1908 3822 solvitur
1924 3753 1963 3822 et
1979 3770 2058 3822 oon-

502 3865 641 3939 ducitur
668 3867 802 3940 decima
829 3869 1054 3960 manipularis
1082 3874 1118 3941 et
1140 3871 1322 3961 canapalis
1348 3871 1613 3962 praepositurae
1638 3870 1856 3962 Kyelcieusi,
1897 3877 1937 3944 et
1962 3873 2057 3944 valor

502 3989 577 4062 eius
604 3990 809 4062 aestimatur
835 3990 880 4062 ad
908 4011 968 4064 sex
995 4011 1140 4064 marcas.

1194 4235 1370 4308 Daraauo.

518 4329 522 4343 ¹
604 4357 698 4430 Villa
724 4345 858 4431 habeus
884 4356 1063 4430 ecclesiam
1090 4358 1325 4447 parochialem
1351 4359 1502 4448 ligneam
1530 4358 1637 4448 1111,
1664 4356 1794 4430 Sancto
1811 4357 1958 4432 Nicolao
1975 4381 2054 4430 cou-

486 4480 625 4552 ·lessori
661 4481 829 4570 dicatam,
869 4477 965 4552 cuius
990 4479 1189 4570 proprietas
1216 4485 1254 4552 et
1278 4480 1418 4566 collatio
1445 4480 1490 4552 ad
1517 4481 1755 4571 episcopatum
1791 4479 2051 4554 Oracoviensem

499 4602 661 4692 pertinet.
688 4604 727 4674 In
757 4623 826 4694 qua
852 4607 933 4674 suut
960 4621 1083 4674 novem
1111 4601 1204 4674 lanei
1230 4601 1483 4692 emethonales,
1510 4602 1553 4674 de
1580 4602 1706 4693 quibus
1733 4603 1883 4675 solvitur
1909 4610 2050 4675 11111-

499 4723 638 4798 ducitur
665 4723 798 4798 decima
824 4723 1049 4816 manipularis
1076 4727 1112 4795 et
1138 4724 1316 4815 canapalis
1341 4723 1509 4796 ecclesiae
1534 4729 1572 4796 et
1597 4725 1746 4814 plebano
1773 4725 1809 4794 iu
1836 4724 2051 4814 Dambno,

498 4853 534 4920 et
560 4847 660 4920 valor
695 4847 770 4920 eius
797 4847 1002 4918 aestimatur
1029 4845 1074 4918 ad
1101 4867 1225 4918 novem
1252 4867 1397 4920 marcas.
1440 4846 1529 4920 Item
1556 4847 1701 4919 eeclesia
1731 4845 1895 4938 praelata
1918 4853 1959 4920 et
1980 4847 2049 4938 ple

497 4969 607 5042 banus
634 4969 877 5060 elusissent
906 4990 1009 5060 agros
1036 4969 1147 5044 bonos
1172 4974 1211 5040 et
1236 4969 1377 5042 liberos.
1926 5031 1930 5036 ,

600 5091 805 5182 Jazroarro,
844 5091 929 5164 villa
957 5091 1020 5164 sub
1047 5092 1214 5182 parochia
1240 5091 1284 5162 de
1309 5091 1512 5164 Dambno
1539 5092 1624 5182 sita,
1666 5092 1764 5163 cuius
1791 5090 1990 5183 proprietas
2013 5095 2047 5164 et

496 5214 686 5288 dominium
713 5235 790 5286 cum
817 5215 912 5286 omni
936 5214 1021 5305 iure,
1049 5212 1094 5285 ad
1121 5215 1320 5305 episcopum
1339 5212 1605 5287 Oracovieusem
1623 5212 1779 5304 pertinet
1803 5231 1869 5305 pro
1887 5219 2047 5308 tempora

496 5338 537 5409 In
565 5359 634 5428 qua
662 5343 743 5409 suut
770 5336 928 5410 undecim
955 5335 1046 5408 lanei
1074 5336 1318 5428 emethonales,
1345 5335 1391 5408 de
1416 5336 1543 5428 quibus
1559 5336 1673 5410 ,vario
1698 5335 1802 5409 modo
1828 5336 1970 5410 solvunt
1994 5336 2048 5408 de

495 5459 618 5530 cimam
644 5459 904 5552 manipularem3
932 5478 1015 5531 uam
1039 5479 1082 5530 11
1109 5459 1216 5532 certis
1242 5459 1384 5550 campis,
1410 5459 1488 5532 sitis
1514 5458 1606 5532 inter
1631 5458 1832 5532 Dambno
1858 5464 1896 5530 et
1921 5458 2044 5550 1111-

496 5581 626 5671 orlro,
654 5583 739 5653 item
763 5599 807 5654 ex
833 5582 966 5673 campis
991 5587 1072 5673 post
1098 5601 1208 5673 sepes,
1235 5581 1385 5654 solvitur
1409 5581 1545 5656 decima
1561 5581 1788 5672 manipularis
1815 5586 1852 5654 et
1876 5581 2043 5672 cenapolis

496 5700 656 5806 episcopo
684 5701 925 5805 (lraeoviensi,
952 5723 995 5780 ex
1023 5703 1101 5778 aliis
1127 5723 1211 5778 vero
1239 5703 1369 5800 campis
1396 5707 1433 5779 et
1458 5703 1572 5802 agris,
1603 5702 1756 5782 solvitur
1782 5707 1819 5776 et
1844 5702 2042 5782 conducitur
