4550 6600
1693 779 1769 853 285

219 983 371 1057 eiusdem
398 984 526 1076 oppidi,
553 982 657 1057 solvit
684 984 847 1057 eeclesiae
874 986 910 1057 in
937 984 960 1057 J
970 956 1134 1078 assyel'
1156 986 1291 1085 ratione
1307 984 1460 1058 nusclune
1477 1009 1583 1060 unum
1600 1008 1769 1078 grossum,

217 1107 416 1195 inquilinus
431 1127 514 1179 vero
541 1107 711 1194 medium3
738 1106 956 1179 medietatem
984 1113 1100 1179 autem
1128 1108 1234 1179 solvit
1251 1130 1315 1197 pro
1333 1108 1423 1181 festo
1440 1108 1558 1181 Sancti
1575 1103 1777 1199 Michaelis·
1805 1145 1809 1153 .

217 1227 437 1299 medietatem
465 1248 548 1299 vero
575 1248 638 1317 pro
666 1227 753 1298 sesto
780 1227 954 1317 Paschae3
990 1251 1122 1301 summa
1148 1229 1232 1300 lacit
1258 1236 1406 1319 quatuor
1431 1251 1509 1301 oum
1535 1231 1650 1301 media
1676 1232 1769 1301 eirea

217 1369 368 1419 mareas:
406 1350 489 1421 item
525 1330 568 1420 de
605 1350 750 1438 triginta
784 1351 915 1439 hortis,
942 1352 977 1421 in
1015 1352 1140 1440 quibus
1177 1351 1348 1440 quondam
1375 1351 1516 1421 buerunt
1542 1352 1673 1441 domus,
1700 1352 1769 1422 sol·

214 1471 306 1541 uitur
333 1472 499 1543 eeclesiae
526 1472 561 1541 in
587 1470 609 1541 J
620 1471 776 1561 assyel
804 1492 872 1541 una
898 1492 1089 1562 sexagena3
1116 1474 1199 1543 item
1227 1473 1334 1544 habet
1359 1473 1529 1564 plebanus
1556 1473 1650 1543 circa
1675 1472 1767 1543 idem

216 1590 378 1680 oppidum
405 1613 507 1663 unam
534 1593 698 1663 maiorem
726 1598 763 1663 et
789 1592 875 1663 duas
903 1594 1052 1664 minores
1081 1595 1241 1684 piscinas,
1269 1595 1375 1665 lrabet
1401 1616 1504 1683 agros
1522 1600 1559 1665 et
1575 1600 1678 1684 prata
1704 1614 1768 1683 pro

215 1712 358 1799 praedio
385 1734 459 1785 suo.

317 1832 582 1924 Goozouznum,
609 1834 692 1905 villa
719 1834 754 1905 in
782 1834 949 1905 suburbio
976 1834 1094 1925 oppidi
1121 1834 1144 1906 J
1154 1835 1321 1926 aszyol‚
1338 1840 1375 1906 et
1393 1837 1458 1907 sub
1478 1836 1643 1926 parocbia
1660 1834 1769 1905 orele·

216 1954 286 2025 siae
312 1955 469 2027 eiusdem
497 1955 540 2027 de
566 1954 754 2045 Jassyel
782 1956 859 2027 sito.
887 1956 925 2026 In
955 1976 1023 2046 qua
1045 1957 1236 2028 suburbani
1254 1978 1315 2028 seu
1333 1958 1467 2028 incolae
1484 1956 1637 2028 eiusdem
1655 1958 1768 2045 villae,

215 2081 249 2147 et
275 2076 442 2166 oppidani
468 2076 602 2147 mediae
622 2077 774 2149 civitatis
792 2076 816 2148 J
826 2078 992 2168 assyel‚
1011 2078 1151 2149 solvunt
1169 2078 1334 2149 eeclesiae
1352 2079 1388 2149 iu
1406 2077 1429 2149 J
1439 2079 1596 2169 aszyel
1623 2078 1769 2169 quilibet

215 2197 255 2268 de
281 2198 383 2270 laneo
410 2220 515 2268 unum
542 2198 720 2288 fertonem,
748 2205 784 2268 et
810 2200 1021 2288 proveniunt
1047 2199 1160 2271 eidem
1187 2181 1422 2270 ecclesiaque
1449 2201 1629 2289 praedicta
1654 2199 1768 2268 media

215 2318 355 2389 civitate
383 2318 582 2410 Jassyol,
610 2325 645 2389 et
671 2320 714 2389 de
742 2319 825 2390 villa
851 2319 1166 2410 Goezorzowa
1188 2326 1321 2410 septem
1339 2340 1495 2410 maroae3
1522 2322 1606 2392 item
1624 2324 1770 2412 quilibet

213 2441 346 2511 emetho
376 2440 419 2511 de
445 2441 546 2511 laneo
574 2440 680 2511 solvit
706 2442 872 2513 eeclesiae
899 2442 935 2511 in
962 2440 984 2513 J
994 2442 1148 2532 assyel
1175 2464 1280 2513 unam
1306 2464 1504 2514 mensuram
1531 2442 1688 2533 siliginis.

315 2558 624 2651 Goanrowrozu,
651 2562 735 2659 villa
772 2563 806 2632 in
844 2563 1010 2635 suburbio
1037 2564 1143 2635 etiam
1171 2565 1289 2653 oppidi
1324 2562 1473 2653 praelati
1499 2562 1523 2634 J
1531 2565 1706 2655 assyel‚
1732 2569 1769 2635 et

216 2682 277 2753 sub
303 2682 473 2771 parochia
499 2682 664 2753 ecelesiae
691 2682 734 2753 de
760 2682 783 2753 J
793 2683 952 2775 assyel
981 2684 1058 2754 sita.
1085 2684 1125 2753 In
1153 2704 1221 2773 qua
1247 2691 1328 2755 sunt
1354 2690 1426 2755 tres
1453 2685 1545 2755 lanei
1571 2685 1771 2755 emetluona·

213 2802 279 2893 les,
306 2810 342 2873 et
372 2803 518 2893 quilibet
553 2804 689 2874 cmetho
726 2804 769 2874 de
796 2805 895 2875 laneo
923 2805 1028 2875 solvit
1055 2795 1161 2876 unum
1187 2804 1357 2876 fertonem
1384 2806 1551 2876 ecelesiae
1577 2805 1768 2894 parochiali

215 2924 249 2995 in
275 2924 544 3015 Zrzanczyn
571 2926 707 2996 ratione
735 2926 905 3015 decimae,
933 2931 968 2996 et
993 2927 1206 3015 proveniunt
1231 2932 1305 3007 tres
1331 2925 1483 2997 fertones
1510 2926 1622 2997 eidem
1648 2928 1767 3017 pleba-

215 3066 277 3135 no;
303 3046 389 3117 item
417 3046 563 3136 quilibet
599 3047 734 3118 coretho
762 3048 805 3118 de
833 3048 933 3117 laneo
961 3048 1065 3118 solvit
1091 3069 1195 3119 unam
1221 3066 1417 3118 mensuram
1445 3048 1593 3138 siliginis
1619 3053 1656 3118 et
1681 3049 1768 3119 alte·
1858 3090 1862 3097 -

216 3188 288 3237 ram
324 3188 455 3239 avenae
492 3168 657 3239 ecelesiae
693 3169 729 3239 in
765 3168 977 3259 Jassyelp
999 3171 1082 3239 item
1110 3169 1154 3239 de
1181 3168 1316 3240 duobus
1342 3169 1470 3259 laneis,
1498 3170 1557 3259 qui
1583 3170 1620 3238 in
1646 3169 1768 3239 eadem
1845 3181 1874 3247 ’,

215 3288 293 3360 rilla
319 3290 524 3379 consistunt,
552 3288 736 3362 solvuntur
763 3290 929 3362 eeclesiae
957 3290 991 3360 io
1019 3289 1041 3362 J
1052 3290 1220 3382 assyel,
1247 3290 1292 3361 de
1317 3312 1386 3361 uno
1414 3290 1566 3381 quinque
1583 3290 1707 3381 grossi,
1724 3289 1768 3361 de

216 3410 280 3481 alio
307 3411 387 3482 duo.
703 3411 707 3423 '

221 3543 223 3546 ’
313 3533 520 3622 anrssnn‚
555 3533 639 3606 villa
674 3534 738 3606 sub
773 3534 940 3624 parochia
971 3533 1014 3604 de
1041 3532 1064 3604 J
1073 3532 1230 3623 assyel
1258 3533 1346 3622 sita,
1374 3533 1472 3604 ouius
1494 3511 1695 3624 'proprietas
1722 3532 1767 3604 od

215 3654 468 3726 serenissimum
503 3653 668 3726 Poloniae
705 3675 822 3746 regem
849 3656 1009 3746 pertinet.
1050 3655 1090 3726 In
1118 3675 1187 3744 qua
1213 3660 1294 3725 sunt
1320 3654 1412 3724 lanei
1439 3655 1695 3744 ometbonales,
1721 3655 1765 3725 de

215 3777 334 3865 quibus
362 3775 511 3848 solvitur
538 3776 672 3848 decima
698 3777 907 3867 pecunialis,
935 3776 978 3848 de
1006 3777 1161 3866 quolibet
1186 3761 1287 3846 laneo
1314 3796 1377 3865 per
1403 3775 1573 3846 fertonem
1601 3776 1767 3847 ecelesiae

215 3897 248 3967 in
268 3897 296 3967 Z
304 3917 473 3968 rzanoz
481 3919 545 3989 yn,
573 3899 655 3970 item
684 3899 829 3989 quilibet
856 3899 999 3970 ametho
1019 3897 1062 3968 de
1089 3897 1189 3968 laneo
1216 3897 1322 3968 solvit
1340 3896 1505 3967 ecclesiae
1523 3897 1559 3966 iu
1577 3896 1765 3987 Jassyel

213 4039 315 4090 uuum
342 4019 487 4090 eborum
514 4019 680 4110 siliginis3
706 4021 789 4090 item
816 4025 870 4090 est
895 4020 944 4090 ibi
972 4018 1130 4090 scoltetia
1155 4018 1289 4090 babens
1315 4017 1402 4089 duos
1428 4017 1557 4108 laneos,
1575 4017 1619 4089 de
1640 4018 1764 4108 quibos

215 4139 315 4212 soluit
341 4141 510 4211 decimam
537 4141 786 4232 manipularem
813 4141 979 4212 eeclesiae
1006 4141 1041 4210 in
1068 4138 1091 4210 J
1101 4139 1268 4231 oosyel.

312 4261 552 4353 Hannownn,
578 4262 661 4334 villa
689 4263 753 4334 sub
779 4262 945 4354 parochia
971 4261 1014 4333 de
1040 4260 1064 4334 J
1073 4261 1232 4352 assyel
1259 4261 1346 4352 sita,
1373 4262 1471 4333 ouius
1497 4261 1692 4352 proprietas
1719 4257 1784 4332 ad'

216 4383 468 4454 serenissimum
503 4376 669 4455 Poloniae
702 4403 819 4474 regem
851 4384 1013 4474 pertinet.
1049 4383 1089 4452 ln
1117 4403 1186 4472 qua
1212 4388 1296 4454 sunt
1321 4382 1412 4453 lanei
1438 4382 1690 4472 ometbonoles‚
1720 4382 1766 4453 de

216 4504 335 4599 quibup
362 4504 510 4579 solvitur
545 4504 679 4580 decima
713 4505 939 4596 manipularis
966 4509 1002 4575 et
1029 4504 1205 4594 eauapolis
1232 4503 1399 4575 ecelesiae
1424 4505 1462 4574 in
1487 4503 1765 4595 Zrzanozyu,

216 4629 249 4694 et
274 4625 372 4696 valor
399 4625 473 4698 eius
499 4625 705 4698 aestimatur
732 4625 776 4698 ad
804 4681 811 4696 .
839 4680 846 4696 .
875 4681 882 4696 .
909 4613 937 4715 .’;
953 4641 958 4650 ·
972 4626 1055 4698 item
1088 4625 1234 4715 quilibet
1261 4625 1397 4696 ometho
1425 4623 1468 4696 de
1495 4624 1596 4696 laneo
1624 4630 1766 4696 tenetur

216 4745 346 4818 solvere
373 4767 477 4820 unum
506 4747 647 4819 chorum
675 4747 821 4837 siliginis
849 4747 1012 4840 ecclesiae
1039 4748 1075 4816 in
1101 4746 1125 4818 J
1134 4746 1311 4837 assye13
1338 4747 1422 4816 item
1448 4752 1503 4818 est
1528 4746 1578 4817 ibi
1604 4746 1767 4818 scoltetio

215 4865 342 4938 babens
370 4889 480 4959 agros,
508 4868 550 4940 de
579 4869 703 4959 quibus
731 4869 838 4940 solvit
863 4869 1028 4940 decimam
1056 4868 1306 4957 manipularem
1325 4866 1500 4938 ecelesiae
1512 4866 1548 4936 in
1567 4865 1591 4939 J
1601 4888 1675 4939 ass
1683 4869 1765 4959 yel.

313 4989 537 5079 Rosruonu,
564 4989 648 5060 villa
683 4991 746 5062 sub
782 4989 947 5080 parochia
982 4989 1025 5059 de
1060 4987 1084 5060 J
1094 4988 1255 5080 assyel
1282 4988 1358 5058 sita.
1397 4987 1439 5058 In
1467 5007 1537 5079 qua
1562 4993 1644 5058 sunt
1669 4987 1763 5060 lanei

216 5111 452 5202 ometbonoleq
479 5111 522 5182 de
549 5111 674 5201 quibus
701 5110 848 5184 solvitur
875 5109 1008 5181 decima
1032 5108 1263 5198 manipularis
1290 5114 1327 5180 et
1353 5109 1529 5199 canapalis
1556 5163 1564 5178 .
1592 5163 1600 5179 .
1627 5132 1654 5197 .;
1681 5109 1763 5181 item

217 5230 356 5318 quilibet
382 5232 517 5304 emetbo
544 5229 697 5302 eiusdem
724 5230 838 5321 villae,
864 5235 1005 5302 tenetur.
1030 5229 1167 5302 solvere
1193 5228 1236 5300 de
1262 5228 1364 5300 laneo
1392 5249 1587 5319 perunum
1604 5250 1763 5318 grossum

218 5351 376 5424 ecclesiae
402 5353 436 5422 in
463 5351 487 5424 J
496 5353 671 5442 assyel;
706 5353 789 5422 item
826 5357 880 5422 est
906 5351 954 5424 ibi
981 5351 1141 5422 scoltetia
1164 5351 1299 5424 babens
1326 5349 1412 5420 duos
1438 5349 1558 5422 laneos
1585 5369 1757 5441 agrorum

218 5468 405 5561 dequibus
432 5473 537 5544 solvit
563 5493 627 5562 pro
655 5472 789 5544 decima
816 5472 980 5543 ecclesiae
1008 5471 1043 5540 in
1070 5471 1091 5541 J
1104 5471 1263 5560 assyel
1290 5476 1368 5542 octo
1394 5491 1544 5562 grossos.

314 5593 550 5684 Sanamem,
577 5594 661 5666 villa
696 5595 761 5666 sub
795 5593 961 5684 parochia
987 5591 1030 5663 de
1056 5591 1079 5662 J
1089 5592 1248 5682 assyel
1284 5593 1362 5662 sita.
1401 5592 1443 5662 In
1470 5613 1538 5682 qua
1564 5596 1647 5664 sunt
1672 5591 1766 5673 lanei

218 5714 461 5806 amethouales,
487 5716 531 5788 de
558 5717 684 5807 quibus
719 5715 864 5788 solvitur
892 5713 1024 5786 derium
1060 5712 1305 5804 manipularis3
1340 5713 1427 5784 item
1453 5713 1600 5804 quilibet
1626 5713 1763 5788 ometbo
1870 5721 1873 5725 ’
