4550 6600
1697 762 1772 863 arr

125 1054 126 1067 ,
220 971 256 1043 in
281 968 515 1059 Baranou,
550 973 587 1041 et
623 968 800 1060 quaelibet
836 969 940 1041 solvit
975 990 1039 1060 pro
1075 990 1180 1041 censu
1214 969 1381 1043 ecclesiae
1418 975 1454 1043 et
1487 970 1636 1061 plebano
1670 992 1775 1045 unam

221 1112 434 1183 sexagenam.

322 1212 591 1302 Szucnonzow,
629 1212 713 1284 villa
749 1212 813 1284 suh
849 1214 1030 1303 parochia.
1056 1213 1099 1284 de
1135 1213 1360 1285 Baranou
1397 1214 1483 1303 sita,
1518 1215 1615 1286 euius
1650 1187 1775 1287 haeres

220 1334 395 1429 praelatus
422 1334 599 1407 lohannes
627 1314 915 1408 Baranousk
925 1358 956 1425 y.
984 1336 1025 1407 In
1044 1356 1113 1426 qua
1138 1341 1221 1409 suut
1246 1337 1339 1407 lanei
1365 1336 1618 1427 emethonales,
1645 1342 1680 1408 et
1706 1339 1775 1409 sol-

219 1462 303 1529 vunt
328 1457 562 1546 decimam...,
582 1457 664 1528 item
691 1462 746 1529 est
773 1458 808 1527 in
836 1455 956 1527 eadem
983 1458 1066 1528 villa
1093 1480 1205 1529 unum·
1217 1458 1397 1549 praedium
1411 1458 1579 1548 militare,
1606 1459 1650 1529 de
1677 1460 1775 1531 cuius

221 1580 314 1669 agris
351 1579 501 1651 solvitur
539 1580 672 1651 decima
706 1578 932 1669 manipularis
968 1580 1133 1653 ecclesiae
1164 1586 1200 1651 et
1226 1581 1374 1671 plebano
1409 1581 1444 1651 in
1472 1580 1705 1670 Baranow,
1741 1586 1777 1652 et

221 1700 316 1773 valor
343 1702 418 1772 eius
444 1701 646 1773 aestimatur
666 1756 780 1771 .....
927 1728 930 1735 ’
1557 1683 1560 1691 ’

283 1822 289 1832 ’
321 1822 507 1937 Navigium
535 1822 698 1894 Vislae
720 1822 801 1895 iure
827 1822 1019 1913 parochiali
1042 1822 1087 1894 ad
1112 1824 1291 1896 ecclesiam
1310 1826 1345 1895 in
1365 1825 1562 1897 Barauow
1588 1825 1776 1927 pertinens,

223 1945 317 2016 cuius
353 1945 477 2015 haeres
505 1949 560 2015 est
585 1944 676 2016 idem
712 1944 890 2017 Johannes
928 1944 1254 2045 Baranoushp3
1289 1948 1325 2019 in
1353 1968 1420 2038 quo
1453 1946 1590 2036 quidem
1626 1947 1776 2052 navigio,
1908 2014 1914 2021 .

223 2066 274 2137 rel
301 2066 401 2139 iuxta
427 2065 530 2156 illud,
557 2071 612 2137 est
638 2088 726 2137 uuus
754 2066 874 2137 laneus
900 2066 1032 2138 habens
1066 2087 1188 2157 agros,
1226 2068 1286 2157 qui
1312 2067 1358 2139 ad
1383 2070 1438 2139 ine
1464 2073 1501 2139 et
1527 2069 1776 2159 proprietatem

224 2188 388 2260 ecelesiae
416 2188 451 2259 iu
479 2186 746 2281 Chorzelyow
773 2188 943 2279 pertinet,
971 2178 1030 2278 qui
1057 2192 1093 2259 et
1119 2188 1286 2259 decimam
1313 2190 1562 2280 manipularem
1588 2195 1669 2280 post
1694 2211 1776 2262 suos

222 2330 341 2401 agree,
370 2314 406 2381 ot
432 2309 555 2400 viginti
582 2314 712 2383 scottos
739 2330 803 2400 pro
831 2329 934 2382 censu
962 2310 1143 2400 ecclesiae,
1174 2316 1210 2382 ct
1235 2310 1384 2401 plebano
1411 2312 1448 2381 in
1475 2310 1776 2404 (lhorzelyow
1813 2296 1817 2304 ’

223 2432 324 2507 solvit
361 2438 435 2504 tres
470 2451 605 2503 marcas
642 2437 679 2504 et
704 2452 811 2503 unum
847 2431 1054 2522 salmonem;
1089 2434 1173 2505 item
1208 2433 1357 2505 taberna
1390 2433 1519 2505 ibidem
1553 2433 1590 2504 in
1626 2434 1774 2524 nauigio,

222 2554 353 2627 babens
381 2530 547 2645 agrosad
565 2553 620 2625 ius
638 2558 675 2625 et
692 2553 942 2648 proprietatem
969 2554 1133 2626 ecclesiae
1160 2555 1197 2625 in
1223 2554 1448 2627 Baranou
1473 2555 1660 2646 pertinens,
1688 2574 1777 2645 quae

223 2676 325 2749 solvit
350 2675 517 2748 ecclesiae
544 2679 581 2747 et
607 2674 755 2765 plebano
782 2675 818 2745 in
845 2674 1064 2747 Baranow
1092 2674 1354 2765 quatuordecim
1390 2680 1540 2766 scottae,
1574 2680 1708 2747 ettam
1734 2674 1777 2746 de
1818 2665 1823 2674 '

224 2799 320 2871 laneo
347 2798 498 2889 nauigii,
526 2801 629 2889 quam
656 2795 699 2867 de
725 2816 809 2887 agro
836 2798 1002 2869 tabernae
1029 2797 1176 2869 solvitur
1203 2797 1336 2869 decima
1362 2798 1587 2889 manipularis
1615 2798 1777 2888 episcopo

225 2918 462 3009 Gracoriensi‚
490 2922 527 2990 et
551 2917 650 2990 valor
677 2917 751 2989 eius
778 2919 981 2990 aestimatur
1008 2918 1052 2991 ad
1078 2924 1153 2990 tres
1179 2916 1340 2990 fertones.

323 3038 526 3131 Vonrczn,
551 3039 636 3112 villa
661 3040 726 3111 sub
753 3039 918 3130 parochia
944 3039 988 3111 de
1015 3038 1221 3112 Baranou
1247 3040 1334 3130 sita,
1361 3040 1459 3112 cuius
1485 3040 1654 3112 haeredes
1672 3040 1777 3113 Nico-

225 3164 298 3235 laue
324 3161 650 3255 Sczepyeczlry
677 3160 720 3233 de
748 3161 1068 3253 armis'Lelywa
1094 3167 1129 3235 et
1146 3161 1325 3233 lohannes
1351 3160 1507 3233 Ouika
1533 3162 1575 3233 In
1602 3184 1670 3252 qua
1696 3166 1778 3233 sunt

179 3353 183 3361 .
224 3283 312 3358 lanei
338 3283 590 3374 emethonales,
617 3282 677 3375 qui
695 3282 835 3356 solvunt
853 3282 1020 3356 decimam
1039 3282 1289 3375 manipularem
1317 3283 1483 3356 eeclesiae
1510 3284 1547 3355 in
1572 3281 1778 3374 Dmitrow,

224 3407 305 3478 item
331 3405 403 3480 duo
429 3405 573 3496 praedia
598 3405 765 3481 militaria
791 3405 828 3476 in
852 3403 972 3477 eadem
999 3405 1099 3496 villa,
1125 3404 1305 3477 videlieet:
1332 3405 1468 3477 Nicolai
1494 3404 1780 3498 Senepyeezky

125 3561 128 3578 ·
225 3532 260 3600 et
284 3525 458 3600 Johannis
491 3526 661 3618 Kulka,
698 3532 734 3600 et
761 3525 804 3600 de
831 3527 901 3598 illis
937 3526 1084 3599 solvitur
1119 3526 1254 3600 decima
1289 3527 1516 3619 manipularis
1551 3527 1718 3599 ecelesiae
1743 3526 1778 3597 iu

226 3649 457 3722 Baranou.

929 3768 1080 3840 Pnnnw.

328 3891 426 3964 Villa
461 3891 641 3966 ecclesiam
675 3889 908 3982 parochialem
944 3890 1094 3980 ligneam
1129 3890 1260 3962 habens
1296 3891 1333 3960 in
1368 3910 1424 3979 se,
1464 3888 1621 3986 dicaam
1650 3889 1778 3960 Sancto

228 4013 496 4086 Bartholomaeo
522 4012 702 4105 Apostolo,
729 4012 827 4084 cuins
852 4011 1049 4103 proprietas
1063 4016 1099 4083 et
1124 4011 1313 4084 dominium
1331 4011 1376 4082 ad
1395 4011 1652 4082 serenissimum
1677 4010 1780 4082 Polo-

227 4135 302 4208 niae
329 4155 448 4226 regem
475 4134 645 4225 pertinet,
673 4134 770 4206 cuius
797 4132 984 4206 modernus
1009 4133 1179 4223 plebanus
1205 4137 1261 4204 est
1277 4132 1419 4224 Moyses
1445 4133 1617 4205 sacerdos.
1644 4133 1685 4203 ln
1712 4154 1781 4223 qua
1833 4142 1839 4147 ’

227 4262 305 4332 sunt
330 4257 424 4328 lanei
450 4255 702 4345 emethonales,
728 4255 815 4327 item
841 4259 915 4326 tres
932 4255 1100 4326 tabernae
1118 4256 1237 4347 regiae
1253 4255 1425 4328 habentes
1444 4275 1566 4346 agros,
1593 4254 1780 4346 dequibus

228 4379 385 4452 omuibus
415 4377 562 4450 soluitur
589 4381 625 4448 et
651 4376 854 4449 conducitur
881 4376 1014 4448 decima
1040 4377 1284 4468 manipularis,
1319 4382 1356 4448 et
1381 4397 1446 4467 per
1471 4397 1533 4448 sex
1558 4377 1697 4466 ierugas
1724 4395 1781 4460 ea-

227 4499 379 4591 napalie‚
405 4498 570 4572 eeclesiae
587 4497 778 4589 parochiali
797 4497 833 4569 in
851 4496 1052 4590 Osazyek,
1079 4501 1116 4570 et
1134 4497 1233 4570 valor
1259 4498 1335 4570 eius
1352 4497 1558 4570 aestimatur
1575 4496 1619 4568 ad
1638 4496 1780 4587 quinde-

228 4620 310 4710 cim,
335 4619 521 4711 aliqnando
548 4617 594 4692 ad
619 4619 744 4709 viginti
769 4637 927 4708 mareas3
963 4619 1047 4692 item
1074 4625 1128 4692 est
1155 4619 1205 4693 ibi
1231 4618 1412 4710 praedium
1442 4637 1549 4690 unum
1575 4618 1710 4708 regale,
1736 4617 1781 4689 de

230 4741 324 4816 cuins
350 4741 447 4832 agris
472 4740 622 4814 soluitur
656 4739 789 4814 decima
823 4741 989 4814 ecelesiae
1024 4741 1214 4832 parochiali
1241 4742 1278 4812 in
1304 4739 1478 4830 Pedem,
1516 4745 1553 4812 et
1578 4739 1677 4812 valor
1706 4739 1781 4812 eius

229 4863 431 4938 aestimatur
457 4861 502 4936 ad
528 4869 602 4936 tres
637 4881 782 4934 marcas.
816 4861 905 4936 Item
931 4861 1076 4935 ecelesia
1111 4861 1219 4936 habet
1245 4861 1296 4934 ihi
1321 4861 1481 4952 proprios
1515 4881 1620 4952 agros
1645 4861 1777 4934 liberos
1842 4944 1846 4951 ,
1919 4954 1922 4959 .

230 4989 264 5058 et
288 4989 410 5076 prata,
436 5005 501 5076 pro
527 5004 590 5057 suo
617 4982 760 5075 praedio
788 4988 825 5056 et
850 4983 1065 5057 necessitate.
1092 4981 1182 5056 Item
1205 4981 1415 5056 consuetudo
1442 4982 1574 5074 optima
1599 4987 1635 5054 et
1659 4982 1781 5056 lauda·
1885 5040 1890 5050 .

229 5105 307 5180 bilis
324 5106 478 5180 ommam
494 5105 783 5198 parochianorum
800 5104 955 5179 eiusdem
973 5105 1152 5197 oculatae,
1174 5103 1268 5195 quod
1286 5104 1431 5196 singulis
1449 5102 1573 5177 diebus
1590 5103 1780 5195 dominicis

231 5226 357 5320 singuli
384 5227 551 5319 oderunt,
578 5226 622 5302 de
640 5249 708 5322 quo
734 5227 903 5321 plebanus
929 5227 1038 5301 habet
1063 5227 1370 5316 suuoentatiouem
1396 5226 1479 5298 item
1505 5225 1652 5298 ecelesia
1676 5225 1783 5297 habet

230 5347 287 5424 ibi'
303 5369 407 5424 unam
433 5350 616 5437 tabernam
650 5350 837 5426 habentem
872 5369 995 5443 agros,
1031 5349 1075 5423 de
1102 5369 1172 5442 qua
1196 5348 1345 5424 soluitur
1380 5347 1545 5421 ecclesiae
1571 5367 1641 5419 uua
1665 5366 1782 5420 marea

230 5491 293 5563 pro
319 5492 434 5546 annuo
461 5492 575 5547 censu.
1131 5472 1133 5480 '
1538 5469 1544 5480 ’
1592 5482 1595 5489 ²
1651 5452 1686 5488 ”’

884 5591 1133 5666 Sunnonrnm.

342 5713 516 5807 Oppidum
533 5715 685 5808 xregium
727 5714 860 5791 habens
895 5715 932 5788 in
967 5735 1005 5790 se
1040 5713 1274 5808 parochialem
1316 5713 1497 5793 eeclesiam
1531 5717 1703 5794 nusum
1738 5734 1781 5794 cx
