4550 6600
1700 756 1773 828 103
1838 809 1845 819 ,

225 956 460 1047 1313133133,
486 956 771 1047 113313133333,
798 958 841 1031 de
860 958 1163 1059 quibus-omnibus
1191 959 1337 1031 solvitur
1364 965 1401 1031 et
1418 959 1623 1033 conducitur
1641 960 1776 1031 decima

225 1077 446 1167 manipularis
480 1083 517 1149 et
552 1079 726 1169 oanapalis
752 1100 817 1169 pro
843 1081 1087 1171 praepositura
1114 1078 1354 1172 cracoviensi,
1380 1087 1416 1153 et
1441 1081 1540 1153 valor
1566 1081 1641 1153 elus
1668 1080 1773 1153 aesti-

224 1203 336 1269 matur
363 1197 408 1269 ad
436 1218 497 1271 sex
523 1220 669 1271 marcas.
695 1200 785 1271 Item
811 1200 1001 1290 praedium.

482 1336 725 1399 DEGANATUS
748 1337 1052 1399 DOBSZIGZENSIS
1074 1338 1192 1415 Annas
1215 1338 1516 1399 GZIRZIOZENSIS.

877 1442 1117 1515 Wrnnrczna

323 1559 496 1653 Oppidum
531 1562 665 1653 regium
702 1566 738 1633 et
763 1560 950 1653 famosum3
985 1564 1075 1635 sales
1102 1564 1194 1635 enim
1220 1564 1257 1635 iu
1283 1584 1324 1635 eo
1351 1556 1568 1635 effodiuntur
1587 1564 1623 1634 in
1649 1584 1775 1653 magna

222 1680 442 1773 fecunditate,
469 1704 512 1753 ex
532 1704 675 1775 quorum
695 1684 894 1755 venditione
913 1684 1060 1755 ducenta
1076 1684 1185 1755 millia
1202 1684 1409 1755 florenorum
1427 1706 1492 1775 pro
1509 1705 1592 1775 rege
1610 1692 1647 1758 et
1664 1706 1773 1775 regno

222 1801 387 1873 Pelopiae
422 1804 650 1895 proveniunt;
677 1805 712 1875 in
750 1826 818 1895 quo
845 1811 899 1876 est
926 1805 1071 1875 ecclesia
1096 1804 1306 1895 parochialis
1334 1803 1459 1877 Sancto
1487 1804 1655 1877 Clementi
1681 1827 1774 1877 mar-

220 1923 288 2014 tyri
315 1923 453 2013 dicata;
481 1925 579 1996 cuius
606 1926 728 1997 unicus
755 1932 924 2017 patronus
943 1931 997 1997 est
1014 1924 1180 1997 Poloniae
1198 1946 1279 2013 rex3
1307 1927 1403 1997 cuius
1421 1926 1589 2017 plebanus
1608 1931 1662 1998 est
1679 1925 1773 1997 Mut-

221 2044 310 2115 thias
347 2044 393 2115 de
429 2044 653 2117 Blandow
689 2046 905 2119 decretorum
943 2046 1081 2136 doctor,
1109 2046 1235 2117 nobilis
1263 2045 1305 2117 de
1332 2046 1433 2145 (1333
1460 2046 1706 2145 Polukoaa.
1732 2047 1773 2118 ln

221 2164 327 2251 cuius,
342 2165 465 2255 oppidi
491 2187 561 2237 una
586 2171 685 2257 parte
713 2172 792 2239 sunt
820 2159 895 2257 agri
922 2171 957 2237 31
982 2167 1075 2239 13331
1103 2167 1232 2257 civiles
1259 2166 1302 2237 de
1330 2168 1620 2257 quibussolvitur
1638 2168 1803 2254 decima,
1909 2268 1912 2272 ¹

221 2285 447 2374 manipularis
481 2307 545 2377 pro
572 2287 717 2359 ecclesia
744 2293 780 2359 31
806 2288 953 2378 plebano
980 2288 1017 2358 in
1045 2286 1333 2379 Wyeliczka,
1360 2288 1457 2359 cuius
1484 2288 1583 2359 valor
1609 2288 1772 2359 3331133-

221 2412 277 2477 tur
303 2406 349 2477 ad
378 2407 524 2497 triginta
549 2428 692 2479 marcas.
719 2408 808 2480 Item
834 2408 980 2479 ecclesia
1006 2406 1164 2499 praefata
1189 2407 1361 2479 fabricata
1387 2412 1441 2479 est
1466 2429 1509 2479 ex
1535 2408 1646 2481 latere
1673 2414 1771 2480 cocto

141 2624 144 2629 Ι
219 2547 279 2616 per
314 2528 411 2599 cives
446 2533 483 2599 31
517 2528 648 2601 incolas
674 2528 948 2621 Wyelioaenses;
983 2529 1067 2600 item
1102 2530 1140 2599 in
1175 2528 1295 2601 eodem
1330 2529 1457 2619 oppido
1490 2536 1545 2601 est
1570 2529 1772 2634 fraternitas

220 2652 394 2719 sectorum
429 2649 529 2736 salis,
551 2628 644 2740 'quae
678 2671 742 2741 pro
778 2651 924 2723 ecclesia
959 2650 1064 2723 solvit
1099 2654 1135 2720 et
1170 2650 1318 2739 plebano
1353 2669 1417 2741 pro
1450 2650 1596 2739 singulis
1622 2627 1773 2741 quatuor

219 2770 435 2859 temporibus
471 2770 731 2860 quatuordecim
766 2771 938 2861 33311133,
967 2776 1002 2841 31
1028 2770 1238 2859 proveniunt
1272 2769 1361 2841 duae
1395 2790 1532 2841 marcae
1559 2774 1596 2841 et
1622 2770 1772 2873 sedecim

107 2952 109 2959 .
219 2890 339 2981 grossi.
377 2890 467 2961 Item
504 2896 558 2963 est
584 2892 620 2961 in
648 2891 768 2963 33133
795 2891 921 2982 oppido
949 2891 1018 2963 3113
1043 2889 1245 2961 fraternitas
1271 2891 1525 2983 traguriorum,
1552 2911 1640 2981 quae
1667 2891 1773 2962 etiam

220 3031 280 3099 pro
308 3012 459 3103 singulis
487 3016 637 3103 quatuor
663 3013 876 3105 temporibus
903 3012 1008 3083 solvit
1035 3011 1294 3103 quatuordecim
1320 3012 1485 3103 scotthos,
1511 3017 1549 3083 et
1565 2992 1783 3101 proveniunt

220 3131 305 3203 duae
331 3152 474 3203 marcae
501 3138 538 3204 et
565 3133 714 3205 sedecim
741 3134 854 3205 scotti.
880 3134 970 3205 Item
997 3132 1040 3205 de
1066 3153 1180 3224 zuppa
1206 3132 1353 3210 solvitur
1379 3132 1527 3221 plebano
1545 3153 1609 3223 pro
1628 3132 1773 3223 singulis

220 3258 369 3344 quatuor
398 3254 613 3346 temporibus
640 3276 710 3327 una
735 3275 853 3326 marca
879 3259 916 3327 et
941 3275 1046 3326 unum
1075 3253 1234 3346 quartale
1253 3253 1344 3325 33113.
1370 3252 1458 3324 Item
1481 3254 1517 3324 in
1536 3252 1658 3326 eodem
1675 3253 1773 3344 oppi-

220 3374 260 3446 do
286 3375 399 3448 habet
424 3375 591 3466 plebanus
618 3398 724 3448 unum
750 3377 931 3448 macellum
958 3375 1167 3466 carnificum,
1195 3375 1286 3466 quod
1314 3375 1419 3447 solvit
1444 3395 1508 3466 pro
1536 3396 1643 3446 censu
1658 3395 1773 3446 annuo
1884 3452 1887 3463 ,

219 3495 302 3567 duas
328 3517 479 3568 marcas.
505 3497 594 3576 Item
621 3497 765 3588 siugulis
793 3498 995 3590 septimanis
1022 3517 1134 3588 zuppa
1160 3495 1375 3588 Vyelicensis
1393 3497 1430 3568 in
1449 3497 1603 3588 quolibet
1621 3496 1677 3568 die
1695 3497 1775 3568 sab-

219 3617 315 3688 bathi
343 3616 452 3688 solvit
477 3639 542 3708 pro
568 3618 648 3689 vino
676 3617 840 3690 333133133
867 3619 1059 3718 parochiali
1078 3619 1166 3690 duos
1183 3637 1334 3706 grossos.
1359 3618 1449 3689 Item
1466 3617 1646 3708 praedicta
1661 3637 1775 3707 zuppo

220 3743 254 3808 et
278 3738 353 3810 eius
385 3736 560 3830 officiales,
587 3739 630 3810 de
656 3739 733 3810 iure
760 3745 796 3811 et
823 3739 1068 3812 consuetudine
1094 3738 1263 3810 laudabili
1280 3739 1324 3809 ab
1343 3739 1497 3828 antiquis
1514 3739 1656 3828 regibus
1674 3737 1775 3808 insti-

219 3862 311 3950 tuta,
346 3841 486 3930 clericis
521 3859 660 3932 scholae
695 3860 859 3932 ecclesiae
894 3860 1071 3952 praefatae
1106 3858 1224 3930 Sancti
1259 3858 1445 3930 Clementis
1481 3858 1565 3930 dant
1600 3858 1776 3947 313331-

219 3987 302 4068 gunt
337 3980 576 4072 praebendam
611 3981 647 4052 in
684 3981 760 4053 cibo
796 3989 832 4053 31
858 3987 960 4072 potu,
986 3987 1058 4052 133
1084 3982 1120 4052 13
1146 3980 1313 4072 prandio,
1341 4001 1443 4070 quam
1462 3981 1507 4054 ,in
1533 3999 1649 4051 coena
1687 3979 1774 4049 Item

200 4102 363 4174 Ι33313313
392 4107 428 4172 31
454 4099 621 4191 plebanus
648 4102 778 4174 habent
804 4103 841 4174 in
868 4102 988 4176 eodem
1016 4102 1143 4192 oppido
1169 4101 1400 4192 hortulanus,
1428 4101 1471 4172 de
1499 4101 1624 4192 quibus
1649 4119 1774 4192 prove·

220 4223 315 4294 31331
350 4229 428 4319 tres
463 4243 619 4320 marcae,
647 4229 683 4294 et
719 4224 867 4296 sedecim
905 4224 1011 4311 scoti;
1043 4222 1256 4325 offertorium
1282 4222 1448 4293 ecclesiae
1475 4223 1679 4294 aestimatur
1705 4221 1775 4294 sin·

219 4343 307 4432 gulis
348 4343 452 4414 annis
488 4344 534 4414 ad
569 4343 819 4436 quinquaginta
854 4365 1008 4432 marcas;
1044 4344 1254 4416 columbatio
1291 4343 1456 4416 ecclesiae
1491 4343 1694 4416 aestimatur
1726 4342 1774 4414 31

220 4463 389 4536 tredecim
413 4483 546 4534 marcas
574 4465 719 4554 singulis
746 4465 856 4536 annis,

322 4584 554 4678 13333331,
581 4585 665 4656 villa
691 4587 755 4658 sub
782 4587 947 4678 parochia
974 4586 1017 4658 de
1043 4584 1089 4656 W
1097 4586 1314 4678 yeliczlra
1340 4586 1428 4676 sita,
1455 4585 1551 4657 cuius
1577 4584 1774 4676 proprietas

221 4702 263 4774 ad
289 4703 474 4776 ecclesiam
501 4705 544 4776 de
570 4705 616 4774 W
623 4707 850 4798 yeliczka,
878 4708 974 4779 cuius
1002 4712 1055 4778 est
1079 4707 1216 4797 fundus,
1242 4708 1406 4797 pertinet.
1432 4706 1473 4776 In
1497 4727 1565 4797 qua
1582 4711 1664 4778 sunt
1681 4705 1775 4776 lanei

222 4825 472 4918 cmetlronales,
499 4831 535 4897 31
561 4827 701 4900 solvunt
728 4827 796 4900 duo
822 4850 886 4919 pro
915 4849 1020 4900 censu
1047 4828 1090 4900 de
1116 4829 1217 4900 laneo
1244 4849 1307 4919 per
1333 4827 1482 4898 mediam
1508 4848 1677 4916 marcam,
1706 4826 1775 4897 duo

220 4965 435 5034 pernoram
461 4953 611 5038 scottos3
637 4950 722 5020 item
749 4950 857 5040 labor,
885 4951 969 5020 item
990 4945 1158 5044 peccabo,
1185 4950 1268 5020 item
1295 4969 1442 5044 osszyepa
1469 4949 1553 5019 item
1581 4969 1661 5038 oua,
1688 4948 1773 5018 1133

219 5067 339 5160 gallon,
367 5069 452 5140 item
479 5089 616 5158 caseos;
644 5071 728 5141 item
753 5071 930 5160 tabernae,
957 5071 1041 5142 item
1067 5070 1297 5160 hortulaniae,
1323 5070 1409 5140 item
1435 5090 1556 5141 33333
1575 5069 1652 5160 agri
1671 5068 1775 5139 uillae

221 5185 362 5260 solvunt
397 5194 434 5260 et
468 5190 663 5263 conducunt
698 5192 865 5262 decimam
899 5191 1151 5281 manipularem
1187 5202 1224 5262 et
1251 5190 1448 5280 canapalem
1474 5211 1539 5281 pro
1566 5189 1714 5262 33313313
1739 5195 1776 5259 31

221 5307 368 5396 plebano
395 5311 432 5382 in
459 5310 738 5403 Wyeliczka
766 5317 802 5383 et
829 5313 928 5384 valor
955 5313 1031 5383 eius
1059 5312 1264 5382 aestimatur
1289 5312 1334 5383 ad
1352 5317 1503 5402 quatuor
1519 5331 1662 5382 marcas
1685 5309 1774 5381 Item

221 5435 272 5500 cst
298 5432 350 5502 ibi
377 5431 557 5521 praedium
583 5433 732 5524 plebani,
760 5434 802 5505 de
830 5435 926 5506 cuius
953 5433 1048 5522 agris
1075 5434 1162 5504 nulli
1188 5433 1293 5505 solvit
1319 5432 1494 5524 decimam,
1521 5432 1583 5502 sed
1610 5451 1685 5502 earn
1703 5452 1767 5522 pro

126 5597 130 5604 -
221 5570 257 5620 33
283 5551 389 5622 131111.
415 5552 503 5623 Item
530 5558 585 5624 est
611 5554 660 5624 ibi
686 5553 929 5644 molendinum,
947 5555 1079 5625 habens
1098 5574 1212 5644 agros,
1231 5553 1323 5644 quod
1341 5575 1406 5644 pro
1424 5575 1529 5626 censu
1548 5553 1652 5626 soluit
1670 5573 1774 5624 unam

221 5690 373 5760 marcam
400 5678 436 5744 et
463 5673 629 5746 decimam
657 5675 692 5748 in
717 5671 924 5770 ponitlwom
949 5675 1106 5766 plebano.
1755 5673 1760 5678 ’
