4550 6600
485 708 561 780 282

486 915 614 1007 partim
648 931 712 1002 pro
747 910 897 1000 plebano
933 909 970 979 in
1015 907 1385 996 Sandziseh0w;
1429 908 1516 979 item
1560 908 1707 998 quilibet
1743 908 1881 979 cmetho
1916 909 2048 999 hospes

396 1011 400 1019 ¹
487 1036 530 1107 de
557 1020 657 1105 laneo
684 1031 790 1103 solvit
827 1030 991 1101 ecclesiae
1019 1034 1055 1101 et
1081 1030 1230 1121 plebano
1266 1030 1303 1101 in
1330 1025 1453 1101 Gora
1477 1050 1541 1119 pro
1567 1026 1699 1101 moue
1732 1050 1840 1102 unum
1872 1050 2049 1119 moseum,

484 1154 675 1246 inquilinus
702 1151 872 1225 medium:
899 1152 983 1222 item
1010 1171 1080 1222 non
1107 1156 1162 1221 est
1188 1149 1238 1221 ibi
1263 1150 1454 1241 praedium,
1482 1172 1552 1223 non
1570 1156 1653 1223 sunt
1670 1151 1847 1247 tabernae,
1874 1172 1944 1221 uon
1963 1156 2051 1222 sunt

484 1272 723 1361 hortulauiae3
760 1274 844 1345 item
871 1276 924 1343 est
949 1272 999 1343 ibi
1025 1272 1203 1361 scoltetia,
1240 1293 1327 1363 quae
1354 1272 1459 1344 solvit
1485 1273 1633 1363 plebano
1659 1272 1696 1345 in
1715 1326 1911 1343 ........
1938 1293 2051 1344 unum

485 1418 646 1490 grossum
672 1415 735 1486 pro
762 1391 900 1465 mommo.
1401 1384 1404 1391 ’
2004 1461 2011 1471 ,

593 1515 834 1604 ΘΝΟΥΝΙΟΖΑ,
861 1514 944 1607 uilla
971 1514 1035 1585 sub
1053 1514 1221 1604 parochia
1242 1514 1408 1585 ecclesiae
1426 1514 1470 1584 de
1489 1511 1600 1586 Gora
1617 1516 1694 1605 sita,
1722 1517 1820 1585 cuius
1846 1514 2053 1605 proprietas

465 1612 531 1713 ¹ad
558 1638 819 1711 castellanatum
855 1635 1168 1707 Sandomiriensem
1204 1636 1364 1725 pertinet.
1401 1635 1441 1705 ln
1469 1656 1538 1725 qua
1553 1623 1646 1707 'sunt
1671 1636 1764 1707 lanei
1799 1636 2053 1724 emethonales,

487 1762 530 1833 de
558 1760 682 1850 quibus
708 1777 790 1848 pars
817 1756 969 1827 decimae
1006 1757 1154 1828 solvitur
1189 1756 1404 1859 episcopatui
1443 1754 1679 1846 Gracovieusi,
1708 1778 1789 1847 pars
1817 1758 1987 1828 ecclesiae
2016 1758 2053 1827 iu

489 1879 799 1953 Sandzischou:
827 1878 911 1949 item
938 1877 1137 1949 emethones
1164 1876 1208 1948 de
1235 1878 1363 1948 ibidem
1395 1883 1559 1949 tenentur
1585 1878 1669 1948 dare
1695 1879 1845 1967 plebano
1872 1879 1909 1948 in
1937 1876 2054 1949 Gora

488 2024 551 2095 pro
578 2000 789 2073 mensalibus
815 1999 902 2071 duos
928 2020 1088 2089 grossos3
1119 1999 1203 2069 item
1230 2005 1285 2070 est
1311 1999 1360 2070 ibi
1387 1998 1546 2071 scoltetia
1572 1999 1708 2070 habens·
1721 2021 1838 2089 agrae,
1866 2022 1957 2089 quae
1986 2021 2054 2089 pro

440 2200 442 2209 ,
490 2124 623 2197 decima
656 2127 797 2194 tenetur
833 2120 916 2193 dare
948 2120 1113 2192 ecclesiae
1150 2142 1256 2191 unum
1291 2120 1481 2209 fertonem,
1517 2122 1600 2191 item
1627 2126 1682 2191 est
1708 2121 1758 2191 ibi
1785 2142 1856 2191 una
1890 2122 2054 2210 taberna,

490 2266 578 2337 quae
605 2244 710 2318 solvit
734 2263 798 2333 pro
816 2238 946 2313 modone
972 2242 1119 2332 plebano
1147 2243 1183 2313 in
1211 2240 1321 2314 Gora
1346 2262 1514 2333 grossum,
1541 2242 1624 2313 item
1642 2242 1865 2313 hortulaniae
1892 2241 2056 2314 eiusdem

489 2366 601 2455 villae,
629 2369 665 2436 et
691 2363 1017 2455 inquilinisolvunt
1043 2363 1156 2434 eidem
1183 2363 1334 2435 medium
1359 2384 1527 2453 grossum.
1693 2350 1697 2354 ’

594 2486 792 2575 aaronica,
819 2484 901 2556 villa
927 2484 991 2555 sub
1018 2484 1185 2575 parochia
1211 2484 1377 2556 ecclesiae
1404 2484 1447 2556 de
1474 2483 1584 2557 Gora
1611 2486 1697 2573 sita,
1725 2485 1824 2556 cuius
1846 2486 2057 2576 proprietas

490 2608 535 2679 ad
562 2607 818 2679 serenissimum
845 2605 1010 2677 Polonlae
1037 2627 1154 2697 regern
1180 2606 1342 2697 pertinet.
1368 2606 1410 2678 In
1429 2613 1598 2698 quaeunt
1624 2606 1819 2697 quindecim
1846 2606 1940 2677 lanei
1958 2628 2055 2679 cune-

490 2728 668 2819 thonaleS,
694 2727 738 2798 de
765 2727 889 2818 quibus
908 2782 915 2797 .
935 2782 942 2796 .
961 2782 990 2797 ..
1011 2782 1018 2797 .
1981 2716 1984 2720 ’

992 2858 998 2867 “
1123 2847 1415 2944 Snuozrscnow.

593 2971 697 3043 Villa·
714 2969 846 3041 habens
873 2970 908 3040 in
936 2990 973 3040 se
1000 2970 1233 3060 parochialem
1260 2972 1450 3061 ecclesiam,
1478 2970 1584 3042 Sanct
1585 3026 1727 3041 ......
1755 2972 1925 3061 dicatam,
1952 2973 2055 3043 cuius

490 3094 614 3164 haeres
640 3091 818 3163 lohannes
845 3089 1160 3161 Odrowansoh
1186 3091 1361 3180 palatinus
1396 3090 1643 3182 Leopoliensis.
1678 3093 1719 3162 In
1748 3113 1816 3183 qua
1843 3096 1927 3163 sunt
1956 3093 2056 3164 lanei

492 3210 735 3300 emetbonaleS,
763 3209 805 3281 de
833 3210 958 3300 quibus
995 3208 1142 3283 solvitur
1179 3210 1311 3281 decima
1329 3266 1496 3281 .......
1528 3213 1615 3283 Item
1642 3212 1810 3302 plebanus
1837 3219 1875 3283 et
1901 3213 2055 3285 ecclesia

492 3333 600 3404 habet
625 3333 674 3404 ibi
702 3352 804 3422 agros
831 3332 960 3404 liberos
988 3339 1024 3403 et
1050 3337 1169 3423 prata,
1207 3355 1274 3425 pro
1302 3357 1364 3408 suo
1391 3357 1457 3406 usu
1483 3341 1519 3406 et
1545 3336 1762 3406 necessitate.
1798 3335 1887 3406 Item
1921 3342 1978 3406 est
2005 3338 2055 3408 ibi

495 3473 602 3524 unum
627 3451 807 3542 praedium
842 3453 1011 3544 militare,
1047 3453 1090 3525 de
1118 3477 1186 3546 quo
1214 3454 1347 3528 decima
1373 3457 1602 3547 manipularis
1638 3457 1786 3530 soluitur
1823 3457 1993 3529 ecclesiae
2018 3459 2055 3530 in

499 3571 811 3665 Sandzyszow.

1001 3839 1245 3934 Docuoetua
1278 3840 1551 3946 Byeczsusla.

1156 4078 1388 4152 Zazauczru.

602 4297 698 4372 Villa
723 4300 856 4372 habens
892 4303 1071 4374 ecclesium
1108 4304 1342 4394 parochialem
1377 4306 1527 4398 ligneam
1563 4309 1598 4378 in
1626 4330 1682 4400 se,
1718 4309 1844 4382 Sancto
1879 4311 2052 4385 Stanislao

501 4419 656 4512 Martyri
683 4420 843 4512 destant,
871 4423 968 4494 cuius
986 4425 1183 4516 proprietas
1202 4425 1246 4498 ad
1264 4430 1509 4502 monasterium
1537 4429 1868 4522 Koprzpunicueuse
1894 4436 2056 4524 pertinet.

496 4540 537 4611 ln
564 4562 633 4631 qua
659 4547 741 4614 sunt
767 4542 859 4614 lanei
886 4545 1138 4636 emethonales,
1166 4547 1250 4618 item
1276 4549 1454 4640 tabernae,
1481 4550 1564 4622 item
1590 4551 1901 4645 hortulaniae„de
1928 4556 2053 4646 quibus

496 4662 653 4736 omuibus
681 4663 829 4736 solvitur
856 4670 892 4738 et
918 4665 1122 4740 conducitur
1156 4668 1288 4740 decima
1324 4671 1549 4762 manipularis
1576 4678 1613 4744 et
1640 4675 1816 4764 canapalis
1851 4697 1917 4768 pro
1937 4732 2051 4748 .....
2141 4653 2145 4664 ’

501 4787 540 4854 et
566 4783 664 4856 valor
690 4784 765 4856 eius
792 4785 998 4859 aestimatur
1025 4787 1069 4859 ad
1088 4843 1229 4860 ......
1256 4790 1344 4862 Item
1371 4793 1558 4885 asseritur,
1594 4795 1687 4884 quod
1712 4795 1860 4868 eeclesia
1894 4798 2052 4888 praelata

498 4903 622 4976 habuit
646 4904 827 4978 tabernam
846 4907 973 4981 ibidem
992 4907 1029 4980 in
1055 4909 1320 5006 Zrzanozyn
1346 4912 1532 4986 habentem
1558 4935 1680 5009 agros,
1706 4918 1768 4988 sed
1794 4923 1849 4990 est
1874 4919 2052 4992 abstracta

495 5044 559 5115 per
586 5025 748 5098 abbatem
774 5031 811 5099 et
837 5035 1044 5102 conventum
1071 5030 1114 5104 de
1140 5031 1488 5126 Koprzywnicza:
1522 5037 1607 5108 item
1633 5038 1740 5110 babet
1765 5039 1816 5110 ibi
1844 5040 1993 5114 ecclesia
2016 5047 2051 5112 et

494 5144 662 5237 plebanus
689 5147 849 5240 proprios
877 5170 980 5241 agros
1007 5157 1044 5226 et
1070 5157 1190 5246 prata,
1217 5175 1281 5246 pro
1309 5176 1372 5228 suo
1399 5176 1464 5228 usu
1490 5162 1528 5228 et
1553 5158 1782 5250 necessitate,
1807 5164 1846 5230 et
1872 5161 2050 5251 signanter

495 5273 577 5356 pust
602 5267 767 5342 allodium
794 5271 1008 5364 contiguum,
1034 5294 1097 5365 per
1124 5275 1218 5368 quod
1243 5276 1367 5350 fluvius
1394 5277 1582 5359 Bobrlra
1606 5279 1684 5352 fluit
1699 5301 1763 5373 per
1780 5280 1941 5358 medium:
1968 5283 2049 5356 item

496 5386 602 5460 habet
625 5409 735 5490 gayos
762 5396 798 5464 et
823 5391 901 5465 loca
935 5399 1032 5468 certa
1062 5416 1127 5487 pro
1154 5398 1315 5492 piscinis,
1350 5419 1440 5492 quae
1466 5399 1548 5472 olim
1583 5399 1743 5491 lueruut3
1778 5401 1840 5476 sed
1866 5402 2047 5477 demolitae

498 5512 579 5578 sunt
604 5529 668 5598 per
694 5529 802 5604 aquas
829 5518 866 5586 et
892 5515 1122 5607 negligentias
1149 5518 1384 5610 plebanorum.

459 5677 467 5686 .
601 5625 875 5726 Gonuuowrcu,
911 5635 994 5710 uilla
1030 5637 1094 5712 sub
1129 5639 1295 5732 parochia
1330 5639 1374 5712 de
1407 5641 1431 5715 J
1440 5642 1567 5717 aszel
1602 5643 1688 5736 sita,
1724 5643 1821 5716 cums
1856 5646 2047 5738 proprietas
