4550 6600
1733 790 1781 862 83

234 983 455 1075 praebendae
490 982 711 1056 cracoviensi
747 984 924 1075 praefatae
961 986 1129 1058 decimam
1165 990 1343 1080 manipulo
1380 992 1416 1061 iu
1439 990 1655 1086 pouitbwum.
1698 994 1789 1086 Item

236 1110 318 1176 sunt
345 1104 393 1174 ibi
420 1104 566 1193 praedia
591 1104 766 1195 militaria,
793 1106 836 1176 de
864 1107 988 1196 quibus
1015 1108 1207 1179 decimatur
1233 1110 1398 1182 ecclesiae
1423 1113 1460 1181 in
1477 1112 1667 1203 Kalina3
1702 1116 1788 1186 item

232 1226 401 1315 plebanus
427 1225 536 1296 babet
557 1225 605 1297 ibi
625 1244 727 1315 agros
754 1227 915 1316 proprios
942 1228 1070 1299 liberos
1089 1234 1125 1299 et
1142 1201 1247 1319 prata
1263 1252 1328 1320 pro
1346 1252 1409 1302 suo
1427 1252 1494 1302 usu
1512 1238 1549 1303 et
1564 1237 1783 1307 necessitate·

336 1344 508 1435 Samoou,
535 1346 618 1416 villa
644 1347 708 1417 sub
735 1347 901 1435 parochia
927 1346 970 1417 de
996 1347 1103 1419 Kali
1118 1370 1173 1419 ua
1199 1351 1282 1439 sita,
1318 1352 1414 1422 cuius
1441 1352 1609 1424 haeredes
1637 1353 1788 1427 Slawnilr

232 1472 268 1537 et
299 1464 464 1538 Nicolaus
493 1465 536 1536 de
563 1465 665 1537 domo
692 1466 1020 1557 Bippennium,
1048 1469 1083 1539 in
1111 1491 1180 1559 qua
1206 1476 1289 1543 sunt
1315 1477 1447 1561 septam
1473 1472 1564 1543 lanei
1591 1476 1788 1549 cmetbona-

232 1586 301 1674 les,
339 1584 383 1655 de
410 1586 535 1675 quibus
563 1587 711 1657 soluitur
738 1592 773 1657 et
800 1587 1005 1660 conducitur
1041 1589 1175 1661 decima
1208 1592 1434 1682 manipularis
1460 1596 1497 1663 et
1522 1595 1696 1683 canapalis
1722 1618 1787 1685 pro

231 1706 431 1795 praebenda
449 1704 679 1796 cracoviensi,
707 1728 795 1797 quae
814 1708 1008 1797 appellatur
1035 1710 1316 1801 Bossuthouska,
1344 1718 1381 1783 et
1397 1712 1496 1783 valor
1522 1714 1598 1783 eius
1624 1716 1787 1787 aestima·

233 1826 356 1897 tur·ad
375 1831 508 1915 septem
535 1848 685 1917 marcas,
711 1828 794 1897 item
812 1827 901 1899 duae
919 1829 1137 1901 hortulauiae
1156 1835 1193 1901 et
1209 1852 1280 1902 una
1306 1834 1461 1922 taberna,
1488 1834 1550 1903 sed
1567 1855 1636 1905 uon
1655 1835 1786 1926 babent

231 1966 356 2036 agros3
392 1948 475 2017 item
502 1952 583 2019 sunt
609 1948 659 2019 ibi
685 1948 753 2019 duo
780 1948 927 2037 praedia
952 1950 1138 2039 militaria,
1174 1950 1219 2021 de
1246 1952 1371 2041 quibus
1397 1951 1588 2025 decimatur
1623 1955 1788 2027 ecclesiae

231 2068 266 2137 in
293 2066 480 2137 Kalina

847 2187 994 2261 Macron
1020 2188 1188 2263 Xnuscn.
1769 2284 1772 2289 ι

335 2308 699 2399 Pnzuorsunuuczm
726 2308 809 2380 villa
835 2310 900 2381 sub
918 2312 1084 2401 parochia
1110 2311 1154 2383 de
1180 2310 1346 2401 Magna
1372 2312 1557 2385 Xanacb
1583 2314 1662 2403 sita,
1689 2316 1787 2387 cuins

232 2430 430 2520 proprietas
457 2430 501 2500 ad
529 2430 786 2501 serenissimum
813 2429 979 2501 Poloniae
1005 2452 1122 2521 regern
1150 2432 1311 2522 pertinet
1338 2434 1374 2503 in
1393 2454 1462 2523 qua
1479 2439 1560 2504 sunt
1586 2434 1678 2505 lanei
1696 2455 1797 2538 ome-

234 2550 402 2639 tboualoa
430 2551 522 2648 item
541 2551 717 2639 tabernae,
745 2551 829 2621 item
855 2550 1081 2641 hortulauiae,
1109 2552 1278 2623 habentes
1305 2574 1428 2643 ugron,
1454 2552 1498 2624 de
1525 2554 1651 2644 quibus
1677 2556 1787 2627 omni-
1904 2602 1908 2607 -

231 2672 293 2741 bus
330 2671 482 2742 solvitur
519 2676 555 2741 et
587 2671 791 2742 conducitur
826 2669 960 2742 decima
993 2672 1220 2761 manipularis
1255 2677 1292 2743 et
1328 2673 1503 2763 canapalis
1537 2694 1603 2764 pro
1636 2676 1787 2766 capitulo

237 2789 467 2880 cracoviensi,
496 2791 592 2862 cuins
619 2791 719 2863 valor
745 2791 949 2862 aestimatur
967 2791 1012 2862 ad
1030 2791 1311 2863 decemmarcaa
1337 2792 1426 2863 Item
1453 2798 1508 2865 est
1532 2793 1582 2865 ibi
1608 2794 1789 2883 praedium

230 2911 371 3001 regium
397 2912 433 2981 in
460 2911 588 2982 eadem.
1616 2992 1626 3012 ·

338 3033 492 3121 Rooow,
519 3032 602 3103 villa
628 3033 693 3103 sub
720 3031 885 3122 parochia
911 3030 954 3103 de
981 3030 1052 3102 Ma
1060 3052 1148 3121 gna
1174 3032 1357 3114 Xansob
1384 3033 1467 3121 sita,
1494 3033 1591 3104 cuius
1617 3034 1786 3106 haeredes

234 3153 400 3225 Nicolaus
419 3152 954 3247 etJobannesSzynouczy
981 3153 1024 3223 de
1050 3152 1287 3245 Koczyna,
1313 3153 1448 3225 nobiles
1474 3152 1638 3225 dedomo
1657 3154 1786 3225 Anti·

233 3295 420 3365 quorum
438 3274 688 3365 Equorum,
715 3275 751 3344 in
771 3294 839 3366 qua
858 3278 939 3344 aunt
957 3273 1106 3346 sedecim
1125 3273 1219 3345 lanei
1237 3273 1472 3346 cmetbonales
1490 3279 1527 3345 et
1544 3294 1614 3346 una
1630 3275 1786 3365 taberna,

233 3397 366 3468 babens
393 3417 506 3486 agrae,
535 3396 722 3486 dequibus
749 3395 907 3468 omnibus
934 3395 1083 3468 solvitur
1109 3399 1146 3466 et
1171 3394 1375 3465 conducitur
1402 3394 1537 3465 decima
1562 3396 1787 3485 manipularis

233 3521 265 3586 et
293 3517 470 3606 cenapolis
505 3538 570 3607 pro
598 3516 749 3606 capitulo
776 3515 1014 3605 Gracoviensi,
1052 3520 1088 3586 et
1114 3515 1215 3586 valor
1250 3515 1325 3586 eius
1356 3515 1562 3586 aestimatur
1597 3515 1788 3586 addacem

233 3658 377 3709 marcas.
416 3638 505 3708 Item
533 3637 752 3708 hortulauiae
780 3657 849 3708 non
876 3641 958 3708 sunt
984 3636 1054 3725 ibi;
1090 3636 1174 3706 item
1200 3640 1257 3706 est
1283 3636 1333 3706 ibi
1358 3635 1537 3725 praedium
1563 3657 1670 3707 uuum
1696 3636 1812 3706 mila.

234 3765 315 3848 tare,
342 3759 388 3830 de
418 3759 514 3829 cuius
542 3759 637 3848 agris
664 3756 858 3828 decimatur
884 3777 948 3847 pro
975 3756 1120 3827 ecclesia
1145 3756 1182 3826 in
1209 3755 1376 3845 Magna
1400 3755 1595 3826 Xanscb.

333 3879 481 3951 Munna
507 3878 683 3968 uranon,
710 3877 892 3969 oppidum,
926 3877 1058 3949 babens
1086 3876 1266 3947 ecclesiam
1292 3876 1526 3964 parochialem
1552 3897 1652 3947 muro
1678 3875 1785 3947 fabri·
1930 3961 1934 3968 Ι

236 4007 344 4072 catam
372 4006 410 4071 et
436 3999 608 4070 Sanctae.
628 4051 711 4069 ....
738 3999 907 4088 dicatam,
944 3997 1040 4069 cuius
1066 3997 1192 4068 haeres
1218 3995 1396 4068 Jobanuea
1422 3995 1716 4086 Rabstinsky
1743 3995 1787 4067 de

236 4121 332 4193 domo
358 4120 690 4211 Bippennium,
717 4120 752 4190 in
780 4141 849 4210 qua
875 4123 958 4190 aunt
984 4117 1235 4208 oppidanorum
1261 4117 1372 4205 lanei,
1404 4116 1447 4187 de
1474 4116 1599 4206 quibus
1626 4117 1785 4187 omnibus

237 4243 381 4314 solvitur
417 4247 453 4312 et
490 4241 691 4312 conducitur
727 4240 860 4312 decima
894 4239 1120 4328 manipularis
1157 4243 1194 4310 et
1229 4237 1406 4326 canapalis
1441 4259 1506 4328 pro
1541 4236 1689 4328 plebano
1725 4257 1787 4308 seu

236 4365 433 4454 praeposito
460 4363 496 4433 in
523 4362 688 4452 Magna
713 4361 907 4452 Xanscb,
935 4367 971 4432 et
989 4360 1087 4432 valor
1106 4361 1180 4431 eius
1198 4359 1403 4430 aestimatur
1421 4357 1465 4429 ad
1490 4358 1626 4448 triginti
1643 4377 1788 4428 marcas.

237 4483 320 4554 Item
348 4489 404 4556 est
430 4503 536 4555 unum
562 4483 743 4573 praedium
770 4483 921 4553 militare
947 4482 1086 4571 bonum,
1114 4481 1158 4552 de
1176 4480 1274 4552 cuius
1291 4463 1538 4570 agris'docima
1563 4477 1788 4567 manipularis

237 4605 379 4675 solvitur
406 4625 470 4694 pro
498 4604 642 4676 ecclesia
668 4605 704 4674 iu
731 4603 904 4674 Maiori
931 4603 1125 4691 Xansob,
1153 4607 1191 4673 et
1207 4601 1305 4672 valor
1331 4600 1418 4671 eius.
1433 4599 1638 4670 aestimatur
1664 4597 1710 4668 ad
1727 4617 1788 4668 ser

237 4743 375 4796 marcas,
410 4725 500 4796 Item
527 4724 673 4796 ecclesia
700 4725 772 4796 aive
799 4723 1021 4814 praepositus
1057 4723 1164 4794 babet
1194 4721 1244 4793 ibi
1269 4720 1431 4812 proprios
1465 4739 1569 4808 agros
1595 4718 1725 4789 liberos
1751 4720 1788 4788 et

237 4849 335 4934 prata
369 4865 435 4936 pro
472 4867 534 4917 suo
570 4845 734 4936 praedio;
778 4847 861 4916 item
896 4844 1145 4916 monasterium
1189 4841 1337 4913 fratrum
1380 4839 1625 4910 heremitarum
1670 4837 1788 4910 Sancti

237 4964 420 5056 Augustini
456 4971 510 5039 est
543 4967 593 5039 ibi
628 4988 691 5057 per
725 4965 935 5064 Jaszkonem
961 4965 1005 5036 de
1030 4964 1226 5036 Melstiu
1252 4961 1477 5035 castellanum
1513 4959 1785 5048 Gracovieuaem,

238 5083 416 5160 nudatum
452 5093 489 5160 et
536 5093 728 5180 muratum,
769 5088 867 5160 ouius
902 5091 1091 5178 proventus
1127 5087 1164 5156 in
1195 5088 1352 5175 regestro
1396 5081 1685 5155 monasteriorum
1728 5079 1790 5150 de·

241 5209 446 5298 scripsimus.

345 5329 518 5402 Wunucn
553 5350 697 5421 urusz,
741 5329 825 5402 villa
860 5331 924 5401 sub
967 5329 1134 5420 parocbia
1176 5327 1220 5398 de
1263 5325 1427 5415 Magna
1456 5321 1659 5393 -xanscn
1703 5319 1791 5427 sita,

240 5449 330 5520 ouius
364 5451 490 5522 haeres
524 5450 702 5523 Jobannes
738 5451 1057 5540 Rabstbinsky
1091 5449 1230 5520 ratione
1264 5446 1402 5536 uxoris,
1429 5445 1465 5515 in
1491 5465 1561 5535 qua
1590 5447 1672 5514 snut
1697 5441 1789 5512 lanei

242 5571 488 5662 cmetbonales,
524 5573 607 5644 itern
643 5573 879 5662 hortulauiae,
915 5571 1110 5663 dequibus
1147 5568 1307 5641 omnibus
1341 5567 1490 5639 solvitur
1525 5570 1561 5636 et
1587 5562 1791 5635 conducitur

246 5688 371 5763 decima
405 5694 630 5786 manipularis
667 5700 705 5769 et
731 5694 906 5790 oauapalis
942 5714 1005 5788 pro
1037 5690 1185 5788 plebano
1219 5691 1292 5764 siue
1326 5687 1528 5780 praeposito
1563 5685 1729 5758 ecclesiae
1754 5683 1792 5754 in
