4550 6600
524 764 596 837 156
621 702 624 717 Ι

433 944 441 953 ’
522 976 671 1063 quatuor
706 967 796 1037 lanei
834 963 1085 1051 cmethonales,
1113 961 1308 1051 dequibus
1337 961 1485 1043 soletur
1510 962 1547 1029 et
1573 956 1777 1029 conducitur
1803 955 1936 1026 decima
1961 958 2055 1028 mani·

521 1090 652 1181 pularis
679 1092 715 1159 et
741 1084 916 1175 canapalis
942 1104 1006 1174 pro
1033 1082 1232 1173 praebenda
1258 1079 1487 1170 Gracoviensi,
1515 1097 1603 1169 quae
1629 1082 1774 1149 vocatur
1800 1076 2056 1168 Lanthkowslra,

446 1207 450 1215 ’
521 1210 674 1299 exceptis
702 1208 807 1279 certis
833 1204 992 1296 partibus
1020 1204 1104 1293 agri,
1132 1224 1221 1292 quae
1238 1207 1407 1273 vocantur
1422 1196 1668 1296 praymyarlcy,
1686 1218 1776 1289 quae
1793 1196 2057 1271 diversificantur

522 1334 558 1404 in
593 1331 679 1402 duras
716 1326 930 1419 praebendas
966 1323 1231 1413 bracarenses,
1257 1322 1438 1412 videlicet,
1465 1322 1503 1391 in
1528 1320 1790 1394 Lanthlrowska
1815 1323 1853 1389 et
1880 1319 1917 1389 in
1943 1316 2057 1391 Gostlr-

524 1451 698 1543 czyczslra,
725 1450 784 1538 ita,
812 1446 904 1539 quod
930 1466 1000 1516 una
1025 1445 1175 1534 percipit
1201 1464 1269 1514 uno
1296 1463 1386 1514 anno
1414 1441 1595 1514 aestivalia
1622 1445 1658 1511 et
1675 1440 1786 1511 altero
1803 1439 1984 1530 hyemalia
2003 1440 2059 1511 Est

523 1572 628 1645 aliam
655 1572 691 1641 iu
718 1568 837 1641 eadem
864 1567 947 1637 villa
973 1566 1121 1636 taberna
1146 1564 1279 1635 habens
1306 1584 1421 1653 agros,
1440 1562 1484 1633 de
1503 1562 1628 1652 quibus
1647 1561 1839 1632 decimatur
1856 1560 2059 1649 praebendae

524 1690 821 1782 Gosthczyczska3
848 1688 930 1758 item
958 1691 1039 1756 sunt
1065 1686 1154 1756 certi
1181 1686 1257 1773 agri
1283 1685 1370 1754 allas
1390 1680 1635 1778 przyanyarlcp,
1662 1681 1857 1772 dequibus
1884 1679 2060 1751 decimatur

524 1810 743 1905 praebendae
781 1807 1020 1897 Cracoviensi,
1047 1827 1135 1897 quae
1172 1810 1316 1876 vocatur
1342 1802 1549 1875 Gonowslra.
1587 1802 1676 1873 Item
1702 1806 1756 1873 est
1781 1802 1818 1871 iu
1846 1800 1966 1872 eadem
1990 1802 2061 1873 villa

526 1934 707 2027 praedium
734 1930 943 2019 coenobiale,
969 1930 1053 1999 item
1079 1933 1152 1998 tres
1178 1927 1398 1997 hortulaniae
1424 1926 1593 1997 habentes
1619 1944 1733 2014 agros,
1760 1922 1803 1994 de
1831 1923 1957 2013 quibus
1982 1922 2060 1994 deci·

526 2061 641 2127 matur
667 2050 885 2144 praebendae
911 2048 1181 2137 Lanthlrowska,
1207 2054 1342 2137 partem
1369 2051 1484 2117 autem
1515 2046 1662 2135 aliquam
1690 2044 1839 2134 percipit
1865 2043 2062 2114 coenobium.

526 2176 615 2248 Item
641 2174 677 2245 in
705 2172 825 2243 eadem
854 2170 936 2241 villa
962 2168 1281 2259 Glymunthow
1308 2172 1390 2237 sunt
1416 2166 1502 2237 certi
1529 2166 1605 2255 agri
1628 2164 1871 2255 cmethonales,
1891 2163 2061 2255 dequibus

529 2296 720 2368 decimatur
747 2292 907 2382 episcopo
935 2290 1164 2361 Cracoviensi.
1200 2289 1288 2359 Item
1315 2288 1412 2361 iuxta
1438 2286 1583 2358 eandem
1609 2286 1727 2356 villam
1753 2284 2063 2375 Glymunthou

405 2512 408 2521 ι
518 2406 582 2487 ¹est
608 2416 677 2487 alia
703 2414 787 2485 villa
813 2413 907 2483 dicta
934 2410 1119 2499 OstroW,
1149 2410 1253 2479 etiam
1280 2408 1323 2480 de
1349 2410 1565 2499 proprietate
1591 2406 1904 2478 sanctimonialium
1921 2405 1964 2476 de
1980 2404 2063 2477 Sta·

527 2535 778 2628 nyanthky,
798 2534 861 2604 sub
880 2531 1045 2623 parochia
1063 2530 1105 2601 de
1124 2530 1498 2620 Proschowycze.
1524 2529 1565 2598 In
1585 2549 1654 2617 qua
1670 2528 1738 2599 etsi
1755 2527 1975 2617 episcopatus
1992 2524 2062 2597 Gra·

527 2656 695 2728 coviensIs
721 2654 872 2743 percipit
899 2652 1065 2723 decimam
1083 2651 1334 2740 manipularem
1352 2655 1432 2739 post
1450 2670 1568 2721 omnes
1585 2648 1660 2719 iere
1678 2648 1818 2737 Incolas,
1836 2648 1946 2734 habet
1961 2652 2063 2718 amen

526 2776 681 2867 praelata
707 2775 791 2845 villa
817 2773 999 2845 Ostrow
1026 2776 1140 2843 certas
1167 2778 1286 2861 partes
1313 2792 1485 2860 agrorum,
1514 2771 1573 2860 qui
1591 2766 1828 2865 pa=aymyorlcy
1846 2768 2014 2857 dicuntur,
2029 2768 2064 2838 de

528 2898 653 2989 quibus
681 2896 813 2966 decima
845 2894 937 2965 cedit
972 2893 1191 2983 praebendae
1218 2891 1440 2963 cracoviensi
1467 2891 1581 2961 dictae
1607 2890 1888 2979 Lanthlrowska,
1916 2893 1952 2961 et
1975 2889 2064 2961 acati·

529 3022 644 3089 matur
672 3016 769 3086 valor
796 3014 948 3101 decimae
975 3014 1090 3102 totIus,
1119 3033 1207 3103 quae
1235 3018 1370 3103 spectat
1397 3012 1442 3082 ad
1467 3011 1659 3102 praefatam
1685 3010 1929 3101 praebendam,
1955 3010 1998 3081 ad
2012 3010 2065 3081 tri-

529 3140 628 3229 ginta
653 3156 798 3207 marcas.
833 3135 921 3206 Item
950 3140 1004 3205 est
1030 3134 1079 3205 ibi
1106 3155 1212 3205 unum
1238 3133 1472 3205 molendinum
1500 3154 1605 3223 supra
1629 3132 1771 3204 fluvium
1798 3130 2065 3222 Srzeuyaua

530 3258 662 3330 habens
698 3256 826 3328 multos
862 3262 898 3326 et
931 3256 1079 3346 optimos
1115 3276 1236 3346 agrm,
1272 3255 1316 3326 de
1352 3255 1476 3348 quibus
1511 3254 1644 3325 decIma
1679 3254 1827 3326 solvitur
1861 3252 2066 3346 praebendae

529 3378 706 3470 praelatae
732 3377 1000 3450 Lanthlrowska.
1027 3377 1114 3447 Item
1134 3377 1176 3448 de
1206 3377 1379 3468 aliquibus
1396 3376 1506 3447 laneis
1523 3376 1626 3447 villae
1644 3375 1822 3467 praefatae
1838 3376 1935 3449 cedit
1951 3375 2067 3447 decIma

531 3499 632 3571 alteri
659 3499 877 3588 praebendae
909 3495 1148 3589 Gracbviensi,
1176 3519 1263 3589 quae
1299 3502 1443 3569 vocatur
1468 3497 1833 3589 Rzemyandzyczska,
1859 3497 1958 3570 cuius
1983 3495 2067 3569 valor

533 3621 736 3691 aestimatur
762 3618 806 3689 ad
834 3674 841 3688 .
870 3675 876 3688 .
905 3675 912 3688 .

635 3738 786 3830 coam,
814 3741 896 3811 villa
922 3741 985 3812 sub
1012 3741 1178 3831 parocbia
1205 3741 1247 3811 de
1273 3739 1633 3830 Proschowycze
1660 3739 1735 3829 sita,
1763 3759 1851 3830 quae
1877 3745 1935 3812 est
1958 3739 2064 3811 unicus

533 3859 657 3932 fundus
684 3861 902 3950 praebendae
930 3860 1050 3932 Sancti
1077 3861 1233 3951 Aegidii,
1261 3862 1397 3932 ratione
1424 3861 1520 3931 cuius
1548 3857 1746 3931 Goreczslra
1771 3859 1909 3930 dicitur.
1948 3859 1987 3930 In
2011 3877 2068 3949 qua

531 3986 613 4051 sunt
640 3981 789 4071 quinque
825 3982 915 4052 lanei
948 3982 1192 4070 cmethonales,
1217 3983 1301 4051 item
1329 3987 1384 4052 est
1412 3981 1460 4052 ibi
1486 4001 1555 4050 una
1581 3981 1738 4069 taberna,
1765 3985 1801 4051 et
1826 3985 1901 4051 tres
1927 3979 2067 4052 hortulo

532 4101 610 4170 niae
636 4100 804 4172 habentes
832 4123 945 4191 agros,
972 4102 1015 4171 de
1044 4103 1168 4191 quibus
1195 4102 1353 4172 omnibus
1381 4102 1529 4173 solvitur
1555 4107 1592 4172 ct
1618 4102 1823 4173 conducitur
1848 4102 1982 4173 decima
2005 4121 2066 4171 ma·

532 4221 700 4311 nipularis
736 4226 772 4292 et
806 4222 981 4311 canapalis
1016 4222 1236 4310 praebendae
1271 4220 1495 4294 Gracoviensi
1535 4223 1650 4293 dictae
1678 4220 1891 4311 Goreczslra,
1923 4226 1960 4294 et
1984 4221 2068 4294 valor

533 4342 606 4412 eius
625 4343 891 4413 aestimatorem
910 4397 917 4411 .
937 4397 944 4412 .
964 4397 971 4411 .
998 4342 1085 4412 Item
1105 4347 1159 4413 est
1176 4342 1224 4413 ibi
1238 4343 1474 4415 molendinum
1493 4336 1653 4415 nnumin
1670 4342 1809 4414 flumine
1828 4339 2069 4434 Srzenyawa,

395 4516 400 4528 .
533 4464 616 4534 item
653 4469 707 4534 est
733 4464 782 4534 ibi
809 4463 989 4552 praedium
1025 4465 1223 4535 canonicale
1250 4465 1286 4533 in
1312 4470 1386 4536 tres
1414 4485 1552 4555 campos
1580 4463 1746 4554 diuisum,
1773 4464 1817 4535 de
1845 4465 1970 4554 quibus
1995 4460 2068 4534 nulli

534 4583 639 4655 solvit
666 4583 842 4673 decimam,
870 4584 1032 4655 sedeam
1060 4605 1123 4674 pro
1151 4607 1188 4656 se
1214 4585 1307 4655 tollit
1334 4592 1369 4657 et
1396 4585 1434 4656 in‘
1457 4586 1621 4657 horreum
1649 4605 1748 4656 suum
1775 4585 1880 4656 ducit

602 4781 609 4790 ,
639 4703 973 4794 Orrannuowmzn,
1000 4705 1084 4776 villa
1110 4707 1174 4777 sub
1192 4706 1358 4796 parocbia
1376 4707 1540 4777 ecclesIae
1559 4705 1602 4776 de
1620 4705 1982 4796 Proschowycze
2003 4705 2070 4791 sita,

535 4825 631 4896 cuius
658 4827 857 4916 proprietas
884 4825 928 4896 ad
954 4827 1202 4897 monasterium
1230 4826 1453 4916 Thynczense
1473 4827 1634 4916 pertinet.
1660 4826 1701 4896 In
1720 4847 1788 4917 qua
1805 4832 1887 4898 sunt
1905 4823 2070 4898 duodecim

535 4945 626 5016 lanei
661 4946 911 5036 cmethonales,
938 4947 1022 5041 Item
1054 4969 1122 5018 uua
1148 4948 1312 5036 taberna,
1339 4948 1422 5018 item
1450 4947 1600 5038 quiaque
1626 4947 1864 5037 hortulaniae,
1891 4945 2070 5037 dequibus

537 5067 695 5138 omnibus
723 5068 816 5158 angs
844 5067 946 5138 villae
974 5067 1122 5138 solvitur
1149 5073 1185 5138 et
1211 5067 1414 5138 conducitur
1441 5068 1573 5138 decima
1598 5069 1823 5158 manipularis
1850 5073 1887 5138 et
1912 5063 2070 5158 canapalis

536 5209 600 5276 pro
627 5189 836 5260 monasterio
865 5189 1089 5280 Tlrynczensi,
1117 5189 1212 5259 cuius
1239 5188 1338 5260 valor
1363 5189 1566 5260 aestimatur
1593 5189 1638 5260 ad
1664 5191 1787 5280 viginti
1818 5194 1968 5280 quatuor
1992 5206 2071 5258 mar·

539 5329 605 5379 cas.
644 5309 733 5380 Item
770 5315 824 5381 est
849 5310 1082 5381 molendinum
1114 5311 1164 5380 ibi
1198 5311 1235 5379 in
1261 5310 1399 5381 flumine
1435 5309 1670 5400 Ozeglecz.
1709 5311 1798 5382 Item
1825 5317 1880 5383 est
1904 5311 1954 5383 ibi
1978 5326 2071 5380 unum

538 5429 717 5516 praedium
745 5430 942 5502 coenobiale
970 5431 1147 5521 optimum,
1175 5429 1218 5502 dc
1245 5431 1342 5502 culus
1369 5431 1462 5521 agris
1489 5431 1735 5503 monasterium
1752 5432 1902 5522 percipit
1920 5431 2070 5504 deciman

538 5567 602 5638 pro
630 5569 676 5619 se.

645 5667 876 5766 Lancauow,
898 5673 981 5744 villa
1007 5672 1070 5744 sub
1088 5673 1255 5765 parochia
1271 5672 1315 5745 de
1332 5672 1653 5768 Proschowycze
1679 5672 1755 5767 sita,
1777 5673 1874 5748 cuius
1890 5670 2072 5747 haereditas
