4550 6600
1764 720 1812 791 91

258 909 456 981 Stanislaus
493 910 635 983 Plura
671 913 713 983 de
750 914 856 985 armis
883 914 935 984 Bi
944 916 1209 1006 ppennium,
1237 918 1273 988 tn
1301 939 1368 1009 qua
1394 920 1477 991 villa
1503 929 1585 994 sunt
1610 923 1702 993 lanei
1727 946 1818 997 cme-

257 1030 441 1120 thonaleS,
470 1032 512 1102 de
540 1034 664 1122 quibus
700 1034 849 1115 solvitur
875 1040 911 1105 et
938 1035 1143 1107 conducitur
1169 1037 1303 1109 decima
1329 1041 1556 1131 manipularis
1583 1049 1618 1114 et
1641 1047 1816 1137 canapalis

257 1173 322 1242 pro
351 1152 680 1225 Sanctimonialibus
707 1154 825 1225 Sancti
852 1154 1014 1227 Andreae
1041 1158 1076 1227 in
1096 1157 1335 1230 Oracovia.
1362 1161 1450 1232 Item
1469 1163 1512 1233 de
1530 1164 1702 1255 aliquibus
1721 1168 1815 1257 agris

256 1272 451 1344 decimatur
478 1274 644 1345 ecclesiae
671 1276 707 1345 in
730 1274 959 1363 Kosszou.

362 1393 564 1484 Czrrrser„
591 1395 674 1466 villa
701 1397 764 1467 sub
792 1398 957 1487 parochia
984 1398 1026 1468 de
1052 1398 1339 1491 Msthyczovr
1367 1403 1444 1492 sita,
1470 1403 1573 1475 cuius.
1593 1405 1716 1477 haeres
1735 1406 1815 1479 Sta-

221 1516 223 1519 ’
254 1514 389 1586 nislaus
417 1514 558 1586 Plaza
584 1516 770 1607 praefatus,
798 1518 834 1587 in
862 1539 929 1607 qua
955 1525 1037 1590 sunt
1063 1520 1155 1591 lanei
1182 1522 1426 1612 cmethonales,
1454 1523 1497 1594 de
1523 1526 1647 1615 quibus
1666 1528 1814 1599 solvitur

254 1643 290 1706 et
318 1636 527 1708 conducitur
556 1637 688 1709 decima
714 1638 939 1728 manipularis
967 1647 1003 1712 et
1030 1641 1206 1731 canapalis
1233 1642 1438 1714 scholastico
1457 1644 1492 1714 in
1520 1644 1813 1741 Msthyczow‚

253 1756 351 1828 cuius
381 1758 481 1829 valor
508 1758 552 1829 ad
580 1758 666 1830 duas
694 1760 748 1830 vel
776 1765 849 1829 tres
877 1782 1011 1832 marcas
1039 1762 1251 1834 aestimatur.
1314 1751 1317 1763 '

360 1876 698 1968 Parnon-reseram,
725 1879 809 1951 villa
836 1882 899 1951 sub
927 1882 1092 1971 parochia
1111 1882 1153 1953 de
1171 1882 1211 1952 M
1219 1883 1452 1973 sthyczow
1479 1884 1555 1973 sita,
1574 1886 1671 1957 cuius
1688 1888 1812 1960 haeres

252 1998 434 2071 Johannes
462 1998 761 2071 Skrzelowsh
771 2023 811 2091 y,
839 2002 882 2073 de
910 2003 1016 2073 armis
1044 2056 1050 2072 .
1078 2058 1086 2072 .
1113 2058 1120 2073 .
1149 2058 1156 2073 .
1184 2004 1220 2073 in
1248 2024 1315 2094 qua
1343 2010 1424 2075 sunt
1450 2005 1542 2075 lanei
1568 2008 1811 2100 cmethonales,

253 2120 295 2191 de
324 2121 452 2210 quibus
490 2121 647 2192 omnibus
687 2122 834 2193 solvitur
866 2128 902 2193 et
928 2123 1132 2193 conducitur
1159 2124 1291 2196 decima
1318 2125 1545 2214 manipularis
1572 2131 1609 2198 et
1635 2130 1812 2219 canapalis

252 2262 316 2332 pro
345 2241 676 2314 sanctimonialibus
704 2242 821 2315 Sancti
849 2242 1011 2315 Andreae
1039 2246 1074 2315 in
1102 2244 1338 2341 Cracoria⁹
1365 2245 1462 2317 cuius
1489 2246 1587 2318 valor
1605 2236 1809 2321 aestimatur

253 2362 297 2434 ad
325 2368 477 2453 quatuor
503 2362 646 2435 nrarcas.

201 2482 206 2487 “
357 2484 627 2574 Woczscuow,
654 2485 738 2556 villa
773 2486 836 2557 sub
873 2487 1038 2576 parochia
1073 2487 1115 2558 de
1142 2486 1425 2576 Msthyczow
1452 2488 1661 2577 sita‚1cuius
1687 2490 1811 2563 haeres

252 2604 343 2675 idem
371 2604 921 2697 JolrannesSkrzelowsky,
949 2606 985 2677 in
1013 2628 1081 2697 qua
1108 2612 1189 2677 sunt
1215 2608 1308 2677 lanei
1335 2608 1587 2697 cmethonaleS‚
1614 2610 1657 2680 de
1685 2612 1810 2700 quibus

253 2726 414 2797 omnibus
442 2726 575 2797 decima
602 2726 750 2797 solvitur
776 2732 812 2797 et
839 2727 1042 2798 conducitur
1068 2748 1131 2817 pro
1160 2728 1304 2798 ccclesia
1330 2729 1366 2797 in
1385 2727 1680 2820 Msthyczow‚
1708 2754 1810 2821 quam

252 2847 393 2937 plebani
430 2848 530 2919 ambo
567 2848 766 2919 alternatim
802 2847 894 2919 inter
930 2870 968 2919 se
1000 2849 1215 2939 percipiunt,
1242 2854 1279 2919 ct
1304 2848 1403 2919 valor
1430 2850 1505 2920 eius
1534 2851 1740 2922 aestimatur
1765 2852 1810 2923 ad

253 2988 311 3038 sen
339 2989 487 3039 marcas.

364 3090 650 3180 Brauowrczn,
679 3090 761 3161 villa
796 3090 860 3161 sub
886 3090 1053 3181 parochia
1079 3089 1122 3161 de
1148 3088 1422 3181 Msthyczow
1448 3090 1533 3179 sita,
1560 3092 1656 3161 cuius
1683 3093 1810 3164 haeres

253 3211 341 3284 idem
371 3211 721 3303 Shrzelowsky‚
749 3212 785 3283 in
813 3233 881 3303 qua
916 3217 1003 3283 sunt.
1027 3212 1117 3282 lanei
1146 3211 1399 3301 cmethonales,
1426 3211 1469 3281 de
1497 3212 1622 3302 quibus
1649 3214 1809 3284 omnibus

254 3335 415 3406 simititer
442 3333 575 3406 decima
600 3334 826 3424 manipularis
846 3340 882 3405 et
899 3333 1075 3423 canapalis
1093 3333 1293 3404 alternatim
1312 3332 1405 3403 cedit
1422 3332 1579 3422 plebanis
1599 3333 1633 3402 in
1652 3333 1808 3425 Msthy-

254 3475 378 3544 ozon,
405 3456 502 3528 cuius
530 3455 628 3526 valor
654 3455 859 3526 aestimatur
885 3453 929 3526 ad
957 3475 1188 3526 sex-marcas.

354 3575 563 3666 Kannzonr,
591 3575 673 3648 villa
701 3577 764 3648 sub
791 3576 957 3666 parochia
976 3575 1018 3646 de
1037 3575 1277 3665 Mstbyczo
1291 3597 1321 3644 w
1349 3575 1426 3664 sita,
1446 3575 1542 3645 cuins
1562 3574 1685 3644 haeres
1703 3574 1807 3647 Jaco-

256 3697 317 3768 bus
344 3695 659 3788 Garnyschow
690 3696 733 3768 de
769 3696 874 3768 amris
910 3695 1148 3785 Rosarum‚
1176 3696 1211 3765 in
1240 3717 1308 3785 qua
1335 3701 1417 3765 sunt
1443 3695 1536 3765 lanei
1562 3696 1806 3786 cmethonales,

256 3817 448 3909 dequibus
486 3819 644 3890 omnibus
682 3815 829 3890 solvitur
865 3822 901 3890 et
927 3818 1131 3889 conducitur
1159 3817 1290 3887 decima
1316 3816 1540 3905 manipularis
1568 3821 1604 3885 et
1630 3817 1806 3906 canapalis

256 3941 404 4011 secundo
419 3939 672 4030 praebendario
692 3939 727 4010 in
746 3939 1043 4030 Msthyczow,
1062 3938 1160 4009 cuius
1175 3937 1273 4009 valor
1287 3936 1493 4007 aestimatur
1512 3935 1556 4006 ad
1570 3942 1642 4008 tres
1661 3957 1804 4008 marcas.

944 4058 1110 4132 Goznow.

356 4181 460 4271 Villa,
488 4181 618 4254 habens
645 4182 680 4252 in
708 4202 745 4254 se
772 4180 952 4252 ecclesiam
978 4165 1212 4270 parochialem
1239 4176 1576 4278 ligneam-Omnium
1603 4176 1807 4248 Sanctorum

256 4301 376 4372 honori
414 4303 582 4392 dicatam,
602 4304 706 4374 cuius
741 4303 865 4374 haeres
892 4300 1045 4374 Jacobus
1072 4300 1348 4390 Kozlowsky
1376 4298 1417 4369 de
1445 4299 1551 4368 armis
1577 4297 1805 4388 Vulpium‚

256 4422 384 4512 inqua
420 4429 502 4494 sunt
536 4424 628 4496 lanei
664 4423 913 4513 cmethonales,
941 4423 984 4494 de
1021 4423 1145 4512 quibus
1181 4422 1339 4494 omnibus
1367 4420 1513 4491 solvitur
1540 4423 1575 4488 et
1602 4418 1806 4489 conducitur

224 4617 226 4625 ,
258 4542 386 4614 decima
412 4545 637 4635 manipularis
675 4551 710 4616 et
738 4545 912 4634 canapalis
940 4565 1003 4634 pro
1030 4544 1242 4616 monasterio
1269 4542 1469 4613 monialium
1497 4539 1614 4609 Sancti
1643 4518 1804 4610 Andreae

258 4663 291 4733 in
318 4664 552 4738 Craeovia.
579 4665 666 4738 Item
695 4671 749 4737 est
775 4665 825 4738 ibi
851 4688 968 4752 unum,
984 4665 1164 4756 praedium
1187 4665 1345 4752 militare,
1364 4661 1407 4732 de
1426 4662 1524 4731 cuius
1543 4660 1637 4750 agris
1656 4659 1805 4731 solvitur

259 4783 387 4857 decima
412 4787 637 4877 manipularis
664 4809 728 4876 pro
756 4787 903 4876 plebano
931 4791 966 4858 et
993 4786 1137 4857 ecclesia
1163 4786 1199 4856 in
1226 4782 1421 4854 Kozlow.
1448 4781 1536 4851 Item
1563 4787 1644 4851 sunt
1662 4781 1710 4850 ibi
1729 4780 1806 4869 ag‘ri

259 4911 292 4976 et
317 4911 418 4997 prata
448 4929 511 5000 pro
549 4909 765 4998 proprietate
801 4908 967 4980 ecclesiae
1004 4913 1040 4980 et
1067 4906 1214 4998 plebani.
1254 4905 1342 5005 item
1367 4903 1536 4994 plebanus
1568 4901 1675 4972 habet
1697 4920 1822 5009 'unam-

258 5024 496 5119 hortnlaniam,
524 5051 610 5120 quae
637 5051 700 5120 pro
729 5051 834 5101 censu
861 5029 965 5102 solvit
990 5029 1140 5120 plebano
1168 5082 1175 5096 .
1204 5082 1211 5096 .
1239 5081 1246 5096 .

357 5147 654 5240 Srnnuowrsnn,
682 5149 765 5222 villa
792 5151 855 5222 sub
874 5150 1039 5240 parochia
1066 5149 1108 5220 de
1135 5147 1322 5220 Kozlow
1349 5146 1427 5235 sita,
1454 5144 1551 5214 cuius
1569 5143 1693 5213 haeres
1711 5140 1803 5212 idem

261 5267 406 5342 Jacobus
432 5271 783 5363 Kozlowsky-de
803 5273 908 5343 armis
936 5271 1171 5362 Vulpium,
1198 5270 1234 5339 in
1253 5289 1320 5358 qna
1339 5271 1421 5337 sunt
1446 5266 1538 5335 lanei
1557 5263 1805 5352 cmethonales,

263 5387 450 5480 dequibus
479 5391 625 5464 soletur
652 5399 687 5464 et
715 5392 918 5464 conducitur
945 5392 1077 5470 decima
1103 5389 1328 5482 manipularis
1356 5393 1392 5459 et
1419 5386 1592 5476 canapalis
1620 5407 1683 5475 pro
1711 5383 1805 5474 capi-

262 5509 331 5582 tulo
358 5511 588 5585 cracoviensi.
616 5514 703 5584 Item
731 5518 785 5585 est
812 5515 861 5586 ibi
887 5533 992 5584 unum
1020 5511 1200 5604 praedium
1226 5509 1387 5600 milltare,
1415 5508 1457 5579 de
1476 5508 1572 5578 cuius
1600 5507 1693 5597 agila
1712 5505 1806 5576 deci-

262 5635 371 5705 matur
388 5634 554 5726 magistro
574 5635 711 5709 scholae
739 5635 775 5708 in
802 5634 915 5710 Kozl
929 5657 999 5727 ou,
1027 5634 1124 5706 cuius
1152 5634 1250 5706 valor
1268 5631 1313 5706 ad
1331 5631 1418 5704 duas
1436 5649 1571 5701 marcas
1590 5628 1794 5701 aestimatur
