4550 6600
1130 1049 1441 1121 Suanszowrczn.

613 1187 724 1278 Villa,
752 1187 884 1259 habens
920 1188 956 1259 in
984 1209 1020 1259 se
1047 1170 1224 1260 ecclesiam
1251 1187 1483 1277 parochialem
1509 1187 1678 1277 ligneam,
1706 1185 1854 1258 Sanctae
1879 1184 2043 1276 Margara

493 1309 593 1392 ,thoe
620 1309 748 1400 virgini
775 1309 933 1399 dicatam,
961 1311 1057 1380 cuius
1083 1309 1282 1410 proprietas
1300 1313 1336 1380 et
1354 1309 1542 1380 dominium
1560 1306 1604 1379 ad
1622 1308 1878 1380 serenissimum
1895 1305 2043 1378 Pelopiae

510 1431 630 1520 regem
655 1430 817 1520 pertinet,
845 1431 942 1502 cuius
968 1431 1137 1521 plebanus
1164 1430 1343 1502 Johannes
1370 1430 1414 1502 de
1439 1429 1813 1520 Koprzywnicza,
1840 1430 1876 1498 iu
1894 1449 1960 1519 qua
1975 1434 2044 1500 sunt

509 1550 601 1624 lanei
637 1546 885 1642 cmetbonaleS,
915 1551 957 1622 de
993 1552 1117 1642 quibus
1146 1551 1294 1623 solvitur
1320 1557 1357 1622 et
1382 1551 1588 1623 conducitur
1613 1549 1747 1621 decima
1771 1549 1992 1641 manipularis
2013 1554 2044 1620 et

510 1672 685 1763 canapalis
712 1693 776 1762 pro
803 1673 1045 1744 mansionariis
1073 1673 1239 1748 ecclesiae
1265 1672 1475 1744 cathedralis
1502 1672 1610 1744 castri
1635 1669 1884 1761 Gracoriensis,
1909 1676 1945 1742 et
1960 1670 2044 1742 ralor

510 1793 583 1864 eius
610 1795 814 1865 aestimatur
841 1793 885 1865 ad
913 1848 920 1864 .
949 1848 956 1864 .
984 1848 991 1863 .
1018 1793 1107 1866 Item
1135 1800 1190 1866 est
1217 1794 1253 1864 in
1280 1793 1401 1865 eadem
1427 1793 1512 1865 villa
1537 1793 1686 1865 taberna
1702 1813 1781 1883 una,
1797 1793 1931 1865 babens
1947 1811 2044 1882 agros,

510 1914 553 1986 de
581 1914 704 2005 quibus
742 1915 889 1986 solvitur
925 1915 1057 1986 decima
1083 1915 1310 2006 manipularis
1335 1915 1484 2005 plebano
1511 1914 1547 1985 in
1573 1913 1938 1985 Smarszowicze.
1969 1913 2044 1984 ltem

510 2041 565 2107 est
592 2041 628 2107 et
654 2036 835 2125 praedium
860 2037 995 2126 regium
1022 2037 1080 2126 ibi,
1109 2035 1153 2107 de
1180 2057 1248 2128 quo
1266 2035 1457 2108 decimatur
1474 2035 1622 2126 plebano
1640 2035 1676 2105 in
1694 2033 2043 2134 Smarszowiczc

509 2157 614 2230 quta
648 2162 764 2228 autem
800 2158 1027 2228 assertionem
1063 2156 1205 2247 plebani
1240 2157 1284 2228 de
1310 2157 1667 2228 Smarszowicze
1693 2161 1777 2228 sunt
1801 2155 1854 2227 ibi
1879 2155 1915 2226 iu
1940 2154 2044 2227 eadem

504 2277 594 2348 uilla
621 2277 760 2367 quidam
786 2277 878 2349 lanei
905 2297 1048 2350 numero
1076 2277 1337 2369 quatuordecim
1363 2278 1598 2350 cmethonales
1625 2277 1695 2367 alii,
1722 2297 1809 2368 quos
1836 2275 2044 2348 Slaboscb

511 2399 706 2470 tenutarius
734 2400 841 2472 castri
868 2398 1082 2490 Oczyecz,
1110 2400 1156 2470 ad
1183 2399 1275 2491 quod
1302 2398 1396 2470 dicta
1412 2399 1497 2470 villa
1514 2399 1877 2471 Smarszowicze
1902 2398 2045 2489 pertinet,

509 2519 546 2590 in
573 2525 733 2591 naturam
760 2520 894 2612 praedii
920 2522 1008 2611 regii
1035 2521 1257 2612 computavit,
1285 2527 1321 2592 et
1346 2541 1411 2612 pro
1438 2521 1580 2612 praedio
1606 2521 1705 2611 regio
1731 2526 1811 2592 arat
1837 2525 1875 2592 et
1900 2520 1986 2610 colit,
2009 2517 2044 2590 de

511 2663 579 2733 quo
608 2663 685 2713 cnm
710 2641 888 2714 Johannes
913 2641 1090 2733 praefatus
1118 2643 1162 2714 de
1187 2642 1557 2734 Koprzywnicza
1581 2641 1751 2733 plebanus
1776 2661 1895 2714 secum
1921 2646 2043 2713 conten

509 2763 626 2854 disset,
653 2769 689 2835 et
715 2765 799 2854 iure,
818 2769 858 2835 ut
884 2785 988 2836 unam
1005 2785 1202 2836 mensuram
1221 2764 1369 2854 siliginis
1386 2769 1424 2835 et
1440 2764 1587 2835 alteram
1605 2783 1737 2834 avenae
1754 2764 1894 2835 ratione
1910 2759 2044 2834 crueatae

509 2885 552 2956 de
579 2884 734 2975 quolibet
759 2885 868 2977 laneo,
897 2886 996 2958 iuxta
1022 2906 1064 2957 ac
1090 2887 1125 2956 iu
1154 2885 1241 2975 aliis,
1267 2905 1353 2974 quos
1372 2886 1572 2957 cmethones
1591 2891 1701 2976 arant,
1719 2885 1878 2976 haberet,
1895 2883 1960 2957 sibi
1975 2882 2045 2954 dare

512 2992 549 3079 et
576 3008 711 3078 solvere
739 3013 930 3098 cogeretur,
958 3007 1187 3097 convenisset,
1214 3007 1364 3079 cessavit
1390 3027 1450 3078 eos
1476 3007 1599 3097 oolere,
1626 3011 1663 3078 et
1688 3006 1838 3078 incultos
1866 3011 1957 3078 stare
1980 3024 2044 3094 per·

510 3129 628 3200 mittit.
655 3129 743 3199 Item
770 3129 938 3219 plebanus
966 3128 1119 3199 eiusdem
1147 3129 1312 3200 ecclesiae
1338 3129 1447 3201 habet
1472 3149 1576 3219 agros
1601 3129 1773 3219 proprios,
1800 3128 1847 3200 ad
1866 3149 1926 3200 ser
1943 3127 2044 3197 lancos

509 3249 720 3341 aestimatos,
747 3269 811 3340 pro
838 3249 982 3341 praedio
1009 3271 1081 3322 suo.
1107 3249 1196 3323 Item
1214 3251 1350 3323 ratione
1367 3247 1521 3321 mescbue
1536 3250 1643 3322 habet
1660 3249 1830 3341 plebanus
1848 3270 1949 3323 unam
1965 3265 2044 3320 nen·

512 3392 627 3442 suram
655 3372 811 3462 siliginis,
839 3370 984 3443 alteram
1013 3393 1142 3445 avenae
1169 3373 1213 3445 de
1239 3374 1395 3464 quolibet
1420 3372 1529 3443 laneo.

615 3492 904 3583 Gzrunowrozr,
931 3492 1015 3565 villa
1042 3495 1106 3567 sub
1132 3495 1299 3585 parocbia
1317 3494 1360 3566 de
1378 3493 1738 3566 Smarszowicze
1765 3494 1844 3584 sita,
1863 3493 1958 3567 cuius
1973 3492 2043 3562 bae·

511 3613 612 3688 redes
639 3612 841 3705 Stanislaus,
869 3614 1003 3705 Petrus,
1031 3614 1196 3687 Nicolaus
1223 3620 1260 3687 et
1286 3614 1399 3686 Adam
1417 3615 1585 3705 germani,
1604 3614 1689 3685 dicti
1709 3613 2045 3700 Adamkowicry

511 3737 553 3809 de
581 3737 712 3808 armis.
741 3791 748 3806 .
776 3791 783 3807 .
812 3791 837 3828 .,
866 3736 901 3807 in
930 3758 998 3828 quo
1025 3742 1106 3809 sunt
1131 3737 1223 3808 lanei
1250 3736 1493 3827 cmetbonales,
1521 3738 1604 3807 item
1631 3740 1781 3826 quatuor
1806 3736 1949 3826 praedia
1966 3730 2046 3804 mili-

510 3857 608 3945 taria,
636 3856 679 3927 de
707 3856 831 3947 quibus
859 3856 1017 3929 omuibus
1045 3856 1195 3930 solvitur
1220 3862 1257 3927 et
1282 3856 1488 3929 conducitur
1513 3855 1647 3926 decima
1663 3855 1891 3946 manipularis
1908 3858 1943 3926 et
1959 3870 2046 3924 caua·

509 3978 598 4067 palis
635 3999 699 4067 pro
735 3978 881 4049 ecclesia
911 3982 948 4049 et
972 3978 1119 4069 plebano
1147 3979 1184 4049 in
1211 3977 1589 4068 Smarszowicze‚
1616 3978 1715 4049 valor
1741 3978 1816 4049 eius
1844 3977 1889 4049 ad
1915 3972 2045 4048 sedecim

511 4118 647 4169 marcas
675 4100 888 4169 aestimatur.

2149 3925 2151 4056 l

616 4216 951 4309 Sozonsuowrczn,
977 4220 1061 4291 villa
1087 4220 1153 4292 sub
1170 4218 1336 4309 parocbia
1353 4218 1519 4290 ecclesiae
1536 4218 1579 4291 de
1597 4218 1957 4291 Smarszowicze
1981 4214 2047 4302 sita

512 4342 608 4413 cuius
644 4340 812 4413 haeredes
848 4339 1027 4413 Johannes
1053 4340 1376 4432 Woyewodlra,
1404 4339 1598 4412 Stanislaus
1625 4339 1867 4432 Ozurman,
1892 4336 2046 4411 Matthiae
2150 4377 2151 4380 =

511 4462 780 4554 Masiczslry
815 4467 852 4534 et
886 4462 1085 4553 Skorby,
1112 4463 1148 4533 in
1186 4484 1256 4553 qua
1289 4468 1371 4533 sunt
1405 4463 1498 4533 lanei
1525 4463 1775 4553 emethonales,
1802 4462 1888 4533 item
1914 4464 2047 4551 quatuor

510 4586 654 4677 praedia
679 4585 852 4674 militaria,
880 4584 923 4655 de
939 4585 1076 4674 'quibus
1103 4585 1262 4656 omnibus
1289 4585 1436 4657 solvitur
1462 4590 1501 4656 et
1526 4584 1731 4655 conducitur
1756 4584 1891 4655 decima
1906 4580 2047 4669 manipu-

510 4708 595 4779 laris
630 4712 667 4779 et
702 4706 877 4797 canapalis
911 4727 976 4797 pro
1012 4706 1157 4778 ecclesia
1193 4712 1229 4778 et
1253 4707 1402 4797 plebano
1430 4708 1466 4778 in
1492 4706 1872 4798 Smarszowicze,
1900 4710 1938 4777 et
1960 4699 2047 4774 valor

512 4830 586 4901 eius
612 4830 817 4900 aestimatur
846 4826 926 4898 ad.
954 4880 961 4897 .
991 4882 999 4897 .

614 4949 785 5021 Wruuua
812 4948 966 5040 Wrusz,
993 4950 1078 5021 villa
1104 4950 1169 5023 sub
1195 4950 1362 5041 parochia
1388 4949 1432 5020 de
1460 4948 1820 5020 Smarszowicze
1846 4948 1934 5038 sita,
1959 4942 2046 5015 cuius

511 5072 708 5165 proprietas
735 5069 780 5141 ad
807 5070 1063 5142 serenissimum
1090 5070 1255 5144 Poloniae
1281 5092 1400 5162 regem
1426 5070 1587 5161 pertinet,
1614 5070 1650 5140 in
1678 5090 1746 5161 qua
1764 5076 1846 5142 sunt
1862 5069 1953 5142 lanei
1970 5082 2048 5141 cmo

511 5193 688 5282 thonales‚
715 5192 758 5263 de
794 5192 919 5283 quibus
954 5194 1112 5265 omnibus
1149 5192 1297 5266 solvitur
1324 5199 1360 5264 et
1387 5192 1591 5265 conducitur
1617 5191 1751 5263 decima
1776 5188 1996 5283 manipularis
2018 5186 2050 5253 et

512 5314 687 5405 canapalis
713 5313 931 5404 praebendae
958 5314 1187 5406 Cracoriensi,
1215 5336 1304 5406 quae
1329 5320 1476 5387 vocatur
1502 5368 1510 5383 .
1537 5368 1545 5384 .
1573 5314 1695 5387 ‚Item
1722 5314 1903 5405 praedium
1927 5309 2049 5401 regium

405 5442 407 5446 ’
513 5435 628 5507 estin
656 5434 776 5506 eadem
802 5434 903 5526 villa,
930 5434 974 5507 de
1001 5436 1098 5508 cuius
1124 5436 1219 5527 agris
1245 5436 1446 5508 solvebatur
1472 5435 1605 5506 decima
1633 5435 1870 5527 superioribus
1897 5425 2049 5522 tempori·

511 5558 577 5628 bus
613 5556 759 5645 plebano
794 5556 831 5627 in
866 5556 1243 5647 Smarszowicze,
1270 5562 1307 5627 et
1341 5556 1480 5647 quidam
1506 5557 1676 5647 plebanus
1704 5556 1859 5628 eiusdem
1885 5549 2049 5633 ecclesiae,

513 5677 626 5752 dictus
652 5676 761 5771 Nos,
788 5699 864 5750 eam
898 5678 1113 5773 percipiebat
1139 5684 1176 5751 et
1202 5679 1238 5749 in
1265 5698 1365 5751 suum
1391 5678 1554 5750 horreum
1581 5678 1749 5770 ducebat,
1776 5677 1837 5751 sed
1863 5672 2049 5771 praedico
