4550 6600
490 686 782 791 leof

485 926 593 997 habet
619 924 800 995 tabernam
834 920 1013 1011 propriam
1049 921 1085 990 in
1113 918 1336 1008 Chechel,
1363 940 1450 1009 quae
1476 940 1541 1009 pro
1569 940 1683 991 annuo
1710 939 1815 991 censu
1841 920 1947 991 solvit
1973 920 2035 992 sibi

422 1048 424 1055 ’
487 1051 561 1117 1666
588 1064 721 1115 marcas
758 1048 794 1113 et
817 1042 885 1113 dno
914 1061 998 1113 vasa
1023 1038 1212 1111 Pilczensis
1239 1040 1425 1127 ceruisiae3
1460 1041 1543 1111 item
1569 1040 1677 1112 habet
1703 1041 1818 1130 sylvas
1845 1041 1979 1129 amplas
2004 1050 2035 1110 et

488 1166 577 1236 latas
604 1185 667 1254 pro
695 1162 777 1233 dote
805 1182 875 1232 666.
902 1162 954 1231 De
982 1160 1236 1231 columbatione
1262 1160 1357 1231 tollit
1382 1160 1549 1250 plebanus
1585 1181 1648 1251 pro
1676 1161 1830 1251 quolibet
1855 1161 1947 1231 16616
1974 1160 2035 1231 Ρ6-

384 1276 386 1283 ’
488 1286 602 1375 66166,
629 1289 703 1356 1666
729 1303 864 1354 marcas
891 1282 935 1353 16
953 1282 1116 1352 universa
1143 1282 1316 1371 parochia.

596 1404 801 1493 Gnnnown,
830 1403 913 1474 villa
940 1403 1004 1473 661
1031 1402 1198 1492 parocbia
1224 1402 1267 1472 de
1293 1399 1498 1471 Ghechel
1525 1402 1602 1492 sita,
1629 1384 1726 1485 66166
1752 1402 1925 1473 16666166
1942 1400 2036 1473 Gne

488 1528 625 1600 brzik
651 1525 870 1613 Laurentius,
897 1523 1096 1613 Procopius
1125 1520 1325 1611 Gregorius,
1352 1521 1526 1592 Martinus
1552 1522 1849 1611 Loszgerius,
1875 1523 1920 1592 de
1938 1524 2036 1594 armis

489 1648 688 1739 Pylawa,
724 1645 996 1735 Przeginia,
1031 1641 1215 1731 Ostoya.
1255 1643 1296 1713 In
1332 1664 1400 1732 qua
1435 1646 1516 1713 sunt
1546 1642 1638 1713 lanei
1676 1643 1932 1732 emethonales,
1959 1644 2038 1713 item

388 1768 394 1775 '
490 1769 634 1861 praedia
669 1765 852 1854 militaria,
880 1766 923 1835 de
959 1765 1083 1855 quibus
1120 1763 1269 1834 solvitur
1303 1768 1340 1835 61
1366 1762 1568 1834 conducitur
1595 1763 1729 1834 decima
1754 1764 1981 1853 manipularis
2006 1770 2038 1834 et

489 1888 663 1979 canapalis
699 1908 761 1977 pro
798 1886 944 1957 66616616
978 1885 1014 1955 16
1050 1883 1272 1974 chachol,
1298 1890 1335 1955 et
1361 1883 1460 1955 valor
1496 1885 1570 1955 eius
1607 1884 1812 1957 aestimatur
1839 1884 1884 1958 ad
1912 1888 2038 1974 septen

491 2029 635 2081 mareas.

595 2130 800 2217 Basanon,
837 2127 920 2198 villa
946 2126 1010 2196 661
1037 2126 1203 2225 parocbia
1229 2124 1395 2195 ecelesiae
1426 2124 1469 2195 de
1497 2124 1698 2218 (lhechel
1724 2128 1810 2215 sita,
1838 2127 1937 2197 cuins
1963 2127 2039 2197 hae-

492 2250 593 2321 redes
619 2249 804 2320 Florianus
831 2246 875 2317 de
901 2246 1057 2317 tribus
1086 2245 1227 2315 Tubis
1255 2248 1291 2315 et
1318 2244 1378 2347 alii
1404 2249 1481 2316 octo
1509 2246 1552 2316 de
1570 2245 1762 2336 Pylawa.
1807 2248 1849 2317 In
1867 2268 1939 2337 qua
1964 2252 2040 2317 sunt

493 2342 697 2461 quindecim
713 2369 806 2439 lanei
832 2366 1066 2438 emethonales
1093 2370 1128 2436 61
1146 2365 1289 2455 6666116
1314 2365 1496 2455 nobilium,
1523 2366 1709 2455 dequibus
1736 2368 1883 2439 solvitur
1911 2377 1949 2439 et
1966 2388 2039 2437 con·
2072 2429 2076 2434 .

489 2462 634 2562 ducitur
661 2490 793 2559 decima
819 2487 1044 2577 manipularis
1076 2490 1111 2557 et
1138 2482 1313 2576 canapalis
1340 2487 1505 2558 ecclesiae
1532 2492 1568 2558 et
1595 2488 1742 2577 plebano
1769 2489 1805 2559 in
1832 2488 2040 2576 Ghecbel,

493 2616 528 2682 61
547 2610 645 2682 valor
671 2610 744 2681 6166
764 2609 968 2679 aestimatur
995 2606 1039 2677 ad
1058 2607 1254 2697 quindecim
1277 2627 1421 2677 marcas.
1461 2608 1549 2678 Item
1567 2609 1786 2698 episcopatus
1805 2607 2039 2681 cracoviensis

494 2730 601 2803 habet
627 2730 675 2801 ibi
703 2750 763 2801 sex
790 2730 908 2800 laneos
936 2727 1180 2817 enethonales,
1208 2748 1285 2797 eum
1312 2749 1418 2799 censu
1443 2732 1480 2799 61
1505 2728 1638 2801 decima
1665 2730 1881 2819 manipulari.
1984 2790 1987 2793 ,

597 2849 927 2938 Nuncownunozn,
956 2848 1039 2919 villa
1065 2849 1130 2920 sub
1148 2848 1315 2939 parocbia
1342 2849 1385 2919 de
1403 2847 1606 2920 Ohechcl
1644 2851 1725 2940 sita,
1753 2850 1850 2921 cuius
1876 2850 2039 2921 haeredes

494 2971 727 3044 Przedborius
754 2969 1049 3040 Starzinsczi
1076 2968 1119 3039 (16
1147 2970 1252 3039 armis
1283 2968 1411 3040 Helm
1447 2975 1483 3040 61
1509 2971 1577 3041 alii.
1618 2971 1659 3041 In
1686 2992 1754 3061 qua
1780 2976 1862 3043 sunt
1887 2972 2039 3043 hortula-

494 3094 573 3163 niae
599 3092 767 3162 habentes
795 3110 915 3179 agroS,
943 3093 980 3160 et
1006 3089 1097 3161 lanei
1124 3090 1375 3179 emetbonales‚
1402 3111 1489 3181 quos
1515 3092 1684 3163 16666166
1711 3098 1822 3182 66661,
1851 3092 1895 3163 16
1923 3093 2040 3183 quibus

496 3213 641 3284 solvitur
669 3210 801 3281 decima
826 3210 1051 3300 manipularis
1070 3210 1236 3282 ccclesiae
1263 3212 1299 3282 in
1318 3209 1537 3304 Ghecbel,
1565 3218 1600 3284 et
1617 3212 1715 3286 valor
1742 3213 1816 3285 6166
1843 3216 2040 3286 aestimatur

496 3333 541 3406 ad
567 3337 640 3405 tres
667 3352 811 3403 marcas.
1503 3426 1506 3434 Ι

599 3451 844 3541 Qunsznuow,
871 3451 954 3523 villa
980 3451 1044 3523 661
1063 3453 1231 3542 66666116
1248 3453 1413 3526 666166166
1440 3455 1483 3526 16
1503 3454 1707 3527 Ghechel
1734 3457 1821 3546 sita,
1848 3457 2042 3528 66166166-4

497 3573 757 3645 66616166666
794 3572 837 3643 de
865 3572 971 3643 armis
1006 3572 1145 3663 Story
1170 3573 1277 3645 Kon.
1325 3575 1366 3645 In
1394 3596 1462 3665 qua
1487 3582 1570 3647 sunt
1595 3577 1689 3646 lanei
1714 3578 1968 3666 66611666166,
2002 3577 2040 3646 16

498 3695 622 3785 quibus
650 3694 797 3766 solvitur
824 3699 860 3765 et
878 3693 1081 3765 conducitur
1100 3695 1233 3765 decima
1251 3697 1476 3786 manipularis
1503 3702 1540 3768 et
1558 3699 1734 3788 canapalis
1761 3720 1825 3789 pro
1845 3700 2041 3788 episcopatu

432 3813 436 3821 ’
496 3815 726 3904 Gracoviensi,
753 3819 789 3885 et
805 3815 903 3886 valor
926 3815 1000 3887 eius
1027 3816 1071 3886 ad
1090 3837 1151 3886 sex
1177 3837 1310 3887 mareas
1425 3819 1512 3888 Item
1539 3823 1594 3888 661
1611 3819 1660 3906 111
1678 3819 1858 3908 praedium
1885 3820 2040 3905 militare,
2089 3837 2094 3847 ·

409 3949 414 3958 “
496 3939 578 4008 item
605 3935 824 4007 lnortulaniae
852 3937 1002 4026 quinque
1029 3937 1198 4008 habentes
1224 3959 1347 4029 agros,
1383 3939 1426 4009 de
1453 3939 1576 4029 quibus
1608 3939 1754 4013 solvitur
1781 3940 1915 4011 decima
1940 3939 2040 4011 mani·

496 4057 627 4147 pularis
655 4056 818 4127 eeclesiae
845 4057 879 4126 in
908 4054 1125 4147 Obeehel,
1153 4058 1250 4129 cuius
1277 4059 1375 4132 valor
1402 4059 1446 4129 61
1474 4081 1534 4130 sex
1559 4081 1695 4132 marcas
1722 4061 1934 4132 aestimatur.

601 4175 844 4267 Rnczownnn,
870 4177 954 4249 villa
972 4178 1035 4250 661
1054 4179 1222 4267 66666116
1239 4179 1282 4250 16
1301 4179 1478 4252 0166161
1500 4182 1581 4271 6116,
1609 4174 1706 4253 66166
1729 4183 1852 4253 166666
1870 4181 2041 4254 lohannes

498 4297 869 4389 Quasznyowsky
899 4299 941 4369 de
964 4297 1108 4389 Equis
1135 4299 1366 4390 Antiquis.
1412 4302 1453 4371 ln
1473 4323 1541 4392 qua
1560 4307 1641 4374 sunt
1667 4309 1801 4393 septem
1818 4303 2041 4390 hortulaniae,

385 4487 390 4495 .
497 4419 663 4490 habentes
700 4439 820 4510 agros,
857 4419 1052 4509 dequibus
1089 4422 1237 4494 solvitur
1264 4422 1397 4494 docimo
1434 4423 1659 4514 manipularis
1686 4426 1850 4496 ecclesiae
1877 4423 2040 4495 161116-

498 4541 619 4630 chel,
652 4545 688 4611 et
715 4541 812 4612 valor
839 4542 914 4612 6166
941 4542 1146 4612 aestimatur
1173 4543 1228 4632 ad
1245 4543 1332 4615 duas
1359 4564 1558 4634 sexagenas.
1598 4546 1685 4615 Item
1711 4550 1766 4616 est
1792 4546 1842 4618 ibi
1868 4545 2041 4635 praedium

497 4660 669 4751 militare,
696 4662 857 4733 1666166
885 4662 979 4752 agris
998 4662 1145 4733 solvitur
1172 4662 1305 4736 decima
1331 4665 1556 4755 manipularis
1574 4667 1789 4756 episcopatui
1817 4664 2040 4752 cracoviensi,

499 4786 536 4853 61
562 4781 660 4851 valor
687 4781 761 4853 6166
788 4782 994 4854 aestimatur
1020 4781 1065 4852 ad
1093 4837 1206 4853 .....
1561 4853 1569 4872 ,

421 4891 422 4895 ’
604 4901 817 4988 Rnczow,
854 4901 937 4973 villa
964 4903 1027 4972 sub
1054 4905 1220 4992 parochia
1251 4905 1294 4988 16
1322 4904 1523 4977 Ghechel
1550 4907 1637 4995 sita,
1664 4907 1761 4978 euius
1788 4908 1913 4980 166666
1940 4906 2041 4979 domi-

498 5043 564 5094 nus
591 5044 652 5094 rex
679 5022 933 5102 illustrissimus
960 5020 1124 5097 Poloniae
1152 5026 1306 5116 quilibet.
1346 5028 1386 5097 In
1415 5047 1482 5116 qna
1508 5031 1589 5098 sunt
1615 5027 1707 5098 lanei
1734 5028 1978 5119 emethonaleS,
2003 5026 2041 5096 de

499 5145 623 5235 quibus
659 5143 806 5216 solvitur
841 5141 973 5215 decima
1007 5147 1214 5237 pecunialis,
1250 5147 1293 5219 de
1321 5148 1476 5238 quolibet
1511 5147 1610 5220 laneo
1639 5169 1704 5238 666
1731 5149 1880 5220 sedecim
1910 5168 2040 5240 grossos

500 5285 713 5355 communes,
741 5253 955 5355 episcopatui
983 5264 1213 5340 Crotoniensi.
1252 5270 1340 5340 Item
1364 5274 1418 5340 est
1436 5269 1484 5340 ibi
1512 5269 1673 5341 scoltetia
1697 5269 1830 5341 habens
1856 5291 1979 5361 agros,
2003 5267 2040 5339 de

390 5476 395 5484 Ι
501 5405 568 5474 qua
595 5385 742 5458 solvitur
767 5407 837 5457 una
863 5405 979 5458 marca
1006 5388 1154 5479 plebano
1180 5389 1217 5460 in
1244 5388 1463 5481 Chachel,
1489 5411 1553 5482 pro
1582 5389 1713 5463 decima
1738 5392 1960 5483 manipulari,
1985 5389 2040 5461 ali·

501 5505 638 5596 quando
666 5529 735 5578 una
762 5529 943 5604 sexagena.
1719 5498 1723 5506 ’

606 5623 786 5721 1166666,
812 5629 985 5754 61116661
1004 5631 1170 5726 66666116
1197 5632 1239 5710 16
1267 5631 1468 5706 Gheehel
1495 5634 1581 5725 sita,
1610 5633 1706 5705 cuius
1733 5633 1901 5708 16616166
1926 5633 2040 5706 Salo·
