4550 6600
509 767 581 844 356

355 1046 359 1055 .
442 988 444 991 ’
508 986 562 1051 991
588 978 637 1050 ibi
664 976 801 1048 unicum
828 974 998 1064 militare,
1025 971 1068 1045 de
1096 993 1163 1063 quo
1199 968 1393 1051 decimatur
1420 969 1585 1065 ecclesiae
1612 970 1648 1043 in
1675 968 1899 1063 Szolyecz
1924 977 1959 1043 et
1981 973 2041 1045 eins

503 1100 660 1191 plebano,
688 1098 784 1169 euius
811 1097 911 1171 valor
937 1096 981 1168 ad
1009 1095 1095 1167 duas
1122 1114 1265 1167 marcas.

606 1220 953 1309 11999999999999,
979 1216 1063 1289 villa
1090 1218 1155 1289 sub
1182 1216 1348 1308 parochia
1374 1215 1418 1287 de
1444 1214 1817 1307 Dzyaloschioze
1845 1213 1962 1305 oppidi
1979 1215 2045 1299 sita

489 1342 602 1414 euius
629 1342 755 1413 haeres
782 1340 960 1415 Johannes
987 1338 1295 1431 Ozyzowszhy
1322 1338 1365 1409 dc
1392 1337 1498 1408 armis
1525 1332 1799 1409 Poluh'osza.
1826 1337 1866 1408 ln
1894 1356 1962 1427 qua
1978 1342 2048 1407 sunt

419 1509 422 1517 ·
502 1464 595 1535 lanei
621 1462 864 1552 cmethonaleS,
891 1462 974 1533 item
1000 1462 1178 1553 tabernae,
1205 1461 1289 1533 item
1315 1460 1555 1550 hortulaniae,
1583 1459 1778 1550 dequibus
1805 1459 1966 1531 omnibus
1989 1458 2050 1529 sol-

343 1642 346 1651 .
473 1587 600 1685 „uitur
627 1590 661 1656 et
688 1583 892 1657 conducitur
920 1582 1053 1655 decima
1079 1583 1306 1675 manipularis
1332 1588 1370 1655 et
1396 1578 2061 1673 9999991199999991991919119999-,

502 1727 595 1798 eze,
624 1710 660 1777 et
695 1706 794 1778 valor
830 1706 904 1777 eius
938 1704 1145 1801 aestimatur
1179 1704 1223 1775 ad
1260 1725 1322 1777 999
1358 1724 1501 1775 marcas.
1542 1703 1629 1775 Item
1657 1703 1694 1773 in
1721 1702 1842 1774 eadem
1869 1702 1955 1774 villa
1980 1705 2052 1772 sunt

502 1827 646 1923 praedia
672 1827 849 1917 militaria,
877 1826 919 1899 de
947 1827 1071 1917 quibus
1099 1825 1293 1897 decimatur
1320 1846 1384 1917 pro
1416 1824 1561 1897 eeclesia
1587 1825 1624 1895 in
1650 1824 2052 1916 Dzyalyoschicze.

606 1950 748 2041 119999,
776 1949 860 2021 villa
896 1949 961 2021 sub
996 1948 1163 2040 parochia
1198 1948 1241 2020 (19
1276 1948 1617 2021 Strzezowicze
1640 1944 1740 2037 sita,
1767 1948 1865 2019 cuius
1892 1944 2053 2017 haeredes

503 2070 680 2144 lohannes
708 2050 744 2142 et
770 2070 896 2142 Petrus
923 2072 966 2142 de
995 2071 1101 2142 armis
1127 2070 1312 2163 Ostoya.
1338 2071 1379 2141 In
1407 2090 1475 2161 qua
1501 2076 1583 2142 sunt
1609 2068 1677 2141 duo
1704 2069 1797 2141 lanei
1823 2067 2052 2140 emethouules

502 2214 623 2265 versus
651 2193 837 2283 orientem,
865 2213 1011 2282 quorum
1047 2193 1245 2285 proprietas
1280 2197 1317 2263 et
1343 2191 1531 2263 dominium
1567 2191 1719 2281 pertinet
1745 2190 1789 2263 ad
1816 2190 1997 2262 ecclesiam
2022 2190 2053 2259 in

503 2314 746 2405 Gorzycz'e.
772 2314 861 2385 Item
889 2320 942 2386 est
968 2315 1017 2386 ibi
1043 2335 1113 2387 una
1139 2315 1287 2387 taberna
1311 2314 1449 2386 habens
1472 2335 1585 2406 agros,
1612 2314 1709 2386 cuius
1736 2315 1841 2386 etiam
1860 2312 2052 2405 proprietas
2140 2319 2141 2378 ἴ

448 2524 455 2533 ,
502 2437 656 2526 pertinet
692 2436 736 2507 ad
772 2437 952 2507 ecelesiam
979 2437 1014 2507 in
1043 2434 1300 2529 Gorzycze,
1328 2436 1523 2527 dequibus
1551 2436 1711 2507 omnihus
1737 2436 1891 2508 solvitur
1917 2441 1955 2506 et
1980 2455 2053 2505 eon·
2140 2509 2141 2512 ,

496 2552 642 2629 ’ducitur
678 2557 810 2628 decima
845 2558 1071 2649 manipularis
1107 2564 1144 2630 et
1180 2558 1373 2649 canapaliS,
1401 2580 1465 2648 pro
1501 2557 1646 2629 ecclesia
1681 2558 1718 2628 in
1745 2555 1997 2648 Gorzycze,
2021 2560 2053 2625 et

501 2680 599 2752 valor
634 2681 708 2750 eius
745 2681 948 2751 aestimatur
984 2680 1028 2752 ad
1067 2680 1153 2753 duas
1179 2701 1334 2771 marcas3
1361 2687 1397 2751 et
1423 2681 1530 2777 habet
1557 2700 1660 2770 agros
1687 2683 1723 2751 91
1748 2686 1860 2771 prata
1903 2679 1992 2755 Item
2015 2678 2052 2748 de
2140 2705 2141 2708 ¹

501 2802 655 2893 quolibet
681 2802 781 2875 laneo
808 2802 982 2893 plebanali
1010 2802 1159 2874 solvitur
1185 2824 1316 2894 census,
1331 2823 1401 2873 una
1427 2806 1597 2873 marcaet
1615 2808 1694 2873 9919
1712 2802 1897 2892 grossi...;
1916 2801 1998 2871 item
2014 2800 2051 2871 de

499 2924 646 2995 taberna
674 2923 821 2995 solvitur
849 2944 972 3019 census
999 2924 1165 2995 ecclesiae
1192 2925 1229 2995 in
1257 2922 1501 3016 Gorzycze,
1527 2944 1597 2995 una
1624 2902 1743 2997 marca
1767 2928 1804 2994 et
1829 2928 1911 3021 9919
1936 2921 2049 3012 grossi.

500 3044 586 3115 item
614 3046 756 3116 suntin
785 3045 905 3116 eadem
932 3045 1016 3117 villa
1041 3046 1112 3117 tria
1138 3046 1282 3136 praedia
1308 3046 1483 3135 militaria,
1510 3045 1554 3116 de
1581 3046 1707 3136 quihus
1734 3045 1929 3117 decimatur
1952 3044 2048 3115 eccle

500 3166 573 3237 siae
610 3168 645 3237 in
672 3166 1024 3238 Strzezowicze.
1065 3168 1153 3239 Item
1180 3174 1235 3238 est
1261 3169 1311 3239 ibi
1337 3189 1427 3239 unus
1453 3167 1576 3239 laneus
1603 3166 1849 3257 cmethonalis,
1876 3168 1961 3237 item
1986 3186 2045 3237 uua

500 3288 646 3357 taberna
672 3287 804 3358 habens
832 3307 954 3380 agrae,
981 3289 1064 3360 item
1091 3311 1161 3360 una
1195 3289 1395 3361 hortulania
1421 3288 1553 3361 habens
1581 3310 1695 3380 agros
1723 3287 1766 3360 de
1795 3288 1922 3379 quibus
1950 3288 2045 3359 omni-

499 3409 564 3482 bus
592 3407 783 3481 decimatur
810 3410 961 3481 vicariae
988 3411 1207 3501 praebendae
1235 3411 1535 3502 Sandomiriensis,
1561 3432 1649 3501 quae
1668 3410 1797 3482 dicitur
1814 3409 2045 3502 Kobyernycz·

502 3529 567 3620 ha3
594 3530 678 3601 item
706 3531 852 3621 quilibet
879 3531 999 3604 laneus
1027 3533 1131 3605 solvit
1157 3555 1260 3606 unam
1287 3555 1439 3605 marcam
1467 3553 1543 3605 cnm
1571 3538 1649 3604 octo
1675 3534 1818 3624 grossis,
1837 3533 1997 3604 ecelesiae
2012 3533 2040 3601 in

501 3649 756 3744 Gorzyeze,
784 3659 820 3724 et
857 3676 963 3726 unum
990 3654 1081 3726 diem
1108 3656 1145 3726 in
1173 3656 1367 3747 septimana
1393 3655 1574 3746 laborant,
1601 3661 1637 3727 et
1664 3659 1802 3745 pratum
1829 3654 1968 3744 plebani
1992 3652 2042 3723 lal-

403 3821 405 3830 ·
500 3778 654 3846 castrant
680 3777 715 3846 91
742 3772 917 3868 colligunt,
944 3777 1074 3868 absque
1102 3776 1167 3848 dic.
1204 3777 1293 3848 Item
1326 3776 1608 3875 19999199919919
1643 3776 1678 3847 in
1706 3774 1945 3872 Gorzycze
1969 3774 2042 3846 duos

500 3895 618 3967 laneos
636 3903 682 3967 'et
708 3903 820 3988 prata,
848 3897 891 3969 de
919 3899 1043 3989 quibus
1071 3898 1239 3970 decimam
1266 3919 1331 3990 pro
1358 3897 1524 3970 99191111.

603 4017 718 4088 Villae
736 4018 965 4108 parochiales:
993 4018 1240 4112 Gorzycze,
1267 4019 1418 4092 Maior
1444 4018 1866 4112 Mothicze,Minor
1892 4016 2041 4094 Mothi-

500 4155 595 4228 cze,
623 4139 719 4208 curia
747 4139 782 4208 in
810 4137 1153 4235 Byalkowicze,
1181 4143 1357 4233 navigium
1383 4125 1425 4214 in‘
1447 4141 1642 4233 Usczye,
1670 4146 1717 4212 et·
1731 4140 1913 4232 praedium
1941 4139 2040 4230 regale

502 4259 633 4330 dictum
661 4258 967 4352 Sozythnyhy.

1110 4439 1113 4444 .
1166 4383 1395 4457 Tazasznrn.

602 4497 697 4573 Villa
723 4502 854 4574 habens
881 4503 917 4574 in
945 4523 983 4574 se
1009 4505 1244 4593 parochialem
1271 4506 1452 4578 ecelesiam
1477 4505 1637 4596 ligneam,
1664 4505 1792 4578 Sancto
1810 4503 1956 4578 Nicolao
1972 4523 2039 4577 999-

498 4622 622 4695 1999991
658 4623 828 4718 dicatam,
855 4625 891 4696 in
927 4647 997 4717 qua
1031 4631 1086 4698 est
1121 4628 1291 4718 plebanus
1326 4627 1513 4700 modernus
1549 4628 1704 4700 Mathias
1731 4629 1935 4720 presbyter,
1960 4628 2041 4700 99199

498 4747 622 4818 haeres
648 4744 826 4820 lohannes
861 4747 959 4820 Felix
995 4748 1038 4820 de
1066 4747 1291 4822 Tharnow
1322 4751 1531 4822 castellanus
1558 4750 1785 4824 Vislicicnsis.
1812 4751 1853 4822 ln
1881 4768 1951 4842 qua
1974 4754 2041 4821 sont

499 4867 590 4938 lanei
617 4869 870 4962 cmcthonales,
897 4870 980 4942 item
1007 4871 1195 4963 tabernae,
1221 4873 1305 4944 item
1332 4871 1570 4963 hortulauiae,
1597 4876 1681 4943 item
1709 4873 1848 4944 unicum
1875 4871 2065 4962 praedium-

498 4990 664 5081 militare,
692 4991 735 5061 de
771 4992 896 5082 quibus
932 4993 1091 5066 omnibus
1126 4993 1275 5066 solvitur
1310 5000 1347 5064 et
1374 4995 1578 5081 conducitur
1604 4994 1738 5066 decima
1764 4995 1991 5084 manipularis
2013 4997 2041 5060 91

497 5110 683 5203 canapalis,
711 5131 774 5202 pro
802 5113 947 5185 ecclesia
973 5115 1008 5184 in
1036 5113 1321 5207 Trzesznya,
1348 5121 1385 5187 91
1411 5116 1510 5188 99199
1537 5116 1610 5189 eius
1637 5117 1843 5188 aestimatur
1869 5116 1915 5187 ad
1943 5172 1951 5185 .
1977 5171 1984 5185 .
2008 5165 2041 5182 ..

496 5231 586 5302 item
613 5253 716 5324 agros
742 5217 938 5324 praediales
967 5289 974 5305 .
1002 5289 1009 5304 .
1037 5290 1045 5306 .

602 5353 860 5449 Szonouurur,
887 5357 972 5429 villa
999 5358 1063 5430 sub
1090 5359 1256 5448 parochia
1281 5358 1325 5429 de
1353 5357 1615 5450 Truesznya
1641 5360 1719 5450 sita,
1747 5361 1844 5431 cuius
1871 5361 1994 5431 haeres
2012 5357 2042 5428 iu

497 5480 594 5546 certa
621 5482 720 5566 parte
755 5477 932 5551 Johannes
968 5478 1067 5550 Felix
1103 5479 1387 5572 Tarnowslry
1418 5480 1461 5552 (19
1488 5483 1594 5554 armis
1620 5481 1814 5573 Leli‘wa,
1841 5487 1877 5553 91
1905 5481 2042 5566 9999919-

498 5595 605 5665 simus
631 5596 796 5670 Poloniae
823 5623 885 5672 rex
913 5601 949 5672 in
977 5601 1055 5671 alia.
1091 5601 1131 5672 In
1161 5579 1228 5691 qua
1256 5607 1337 5672 sunt
1363 5601 1455 5672 lanei
1484 5603 1736 5693 emethonales,
1764 5605 1850 5676 item
1875 5605 2043 5690 tabernae,

496 5716 579 5786 item
605 5717 833 5810 hortulauiae,
861 5721 944 5791 item
972 5721 1170 5812 praedium,
1197 5722 1240 5791 de
1268 5722 1393 5810 quibus
1421 5724 1587 5825 omnibus¹
1608 5725 1757 5798 solvitur
1784 5732 1820 5796 et
1846 5727 2041 5798 conducitur
