4550 6600
1704 790 1778 860 419

224 993 311 1064 item
337 992 521 1082 tabernae,
549 990 633 1064 item
660 988 898 1083 hortulaniae,
934 992 977 1065 de
1005 993 1130 1084 quibus
1158 994 1316 1066 omnibus
1343 991 1490 1066 solvitur
1516 998 1553 1065 ct
1578 993 1785 1068 conducitur

224 1114 360 1186 decima
386 1114 610 1205 manipularis
644 1119 680 1186 et
708 1114 884 1205 canapalis
916 1135 979 1205 pro
1007 1114 1210 1207 episcopatu
1238 1114 1480 1207 cracoviensi,
1516 1121 1554 1187 et
1579 1118 1679 1188 valor
1705 1119 1781 1189 eins

225 1236 269 1307 ad
298 1236 445 1308 sedecim
462 1222 616 1308 'marcas
640 1236 744 1308 Item
781 1242 836 1309 est
863 1238 912 1309 ibi
942 1258 1047 1308 unum
1076 1237 1256 1328 praedium
1283 1239 1448 1328 militare,
1485 1239 1528 1309 de
1555 1239 1652 1311 cuius
1689 1241 1783 1331 agriS

224 1356 419 1431 decimatur
445 1356 610 1431 ecclesiae
641 1360 677 1429 in
704 1358 879 1431 Minori
916 1356 1182 1451 Oasimiria‚
1209 1364 1247 1431 et
1273 1359 1371 1431 valor
1398 1358 1553 1431 decimae
1579 1362 1784 1433 aestimatur

225 1478 269 1549 ad
298 1498 359 1551 sex
386 1500 531 1553 marcas.

330 1600 647 1675 Jnnuscnewmzn
673 1600 823 1693 Mmon,
858 1602 942 1675 villa
969 1604 1033 1675 sub
1060 1603 1226 1694 parochia
1253 1603 1295 1675 de
1330 1602 1504 1675 Minori
1530 1601 1781 1674 GasImiria

224 1722 302 1793 sita.
348 1722 388 1794 In
417 1744 485 1815 qua
512 1730 594 1797 sunt
620 1724 713 1795 lanei
740 1724 991 1816 cmethonales,
1026 1724 1110 1796 item
1133 1726 1323 1816 tabernae,
1357 1725 1442 1819 item
1468 1725 1705 1815 hortulaniae,
1732 1724 1775 1796 de

225 1844 351 1933 quibus
379 1846 538 1917 omnibus
566 1846 713 1918 solvitur
740 1851 776 1917 et
803 1846 1007 1918 conducitur
1040 1846 1173 1918 decima
1198 1846 1425 1937 manipularis
1453 1851 1489 1917 et
1506 1846 1692 1937 canapalis,
1718 1866 1783 1936 pro

225 1967 428 2058 episcopatu
455 1966 695 2058 Cremonensi,
731 1972 767 2040 et
793 1967 893 2040 valor
919 1968 993 2039 eius
1020 1968 1066 2039 ad
1093 1974 1243 2059 quatuor
1273 1988 1410 2039 marcas
1437 1969 1651 2041 aestimatur.
1695 1968 1783 2037 Item

224 2092 278 2160 est
304 2088 355 2160 ibi
382 2112 487 2162 unum
515 2090 695 2182 praedium
722 2088 883 2181 militare,
911 2089 954 2161 de
982 2090 1079 2162 cuius
1107 2090 1202 2180 angs
1229 2089 1422 2162 decimatur
1448 2090 1614 2163 ecclesiae
1641 2089 1679 2161 in
1705 2087 1784 2160 Mi-

225 2210 330 2283 nori
359 2210 632 2304 Oasimiria,
659 2218 695 2284 et
722 2212 821 2284 valor
847 2211 922 2283 eius
949 2211 1155 2283 aestimatur
1181 2212 1226 2282 ad
1245 2266 1362 2283 .....

328 2333 647 2407 Jnnusenowrczs
674 2333 820 2425 Musa,
862 2334 945 2406 villa
973 2335 1037 2406 sub
1064 2334 1231 2425 parochia
1258 2333 1301 2405 de
1327 2333 1502 2406 Minori
1528 2332 1783 2405 Gasimiria

225 2454 302 2527 sita.
346 2456 388 2528 In
416 2450 591 2549 qua'sunt
617 2456 709 2528 lanei
736 2454 984 2547 emethonales,
1020 2457 1103 2529 item
1129 2456 1315 2548 tabernae,
1351 2456 1436 2527 item
1462 2454 1701 2544 hamularius,
1739 2454 1783 2524 de
1856 2530 1860 2542 ‚

226 2578 350 2667 quibus
379 2578 538 2651 omnibus
565 2578 714 2651 solvilur
741 2583 777 2675 et
804 2578 1009 2650 conducitur
1035 2578 1169 2650 decima
1195 2577 1423 2668 manipularis
1450 2582 1488 2649 et
1515 2566 1690 2667 canapalis
1716 2595 1781 2666 pro

225 2700 428 2791 episcopatu
454 2700 686 2791 CracovIensi‚
714 2706 751 2771 et
778 2700 875 2771 valor
902 2700 977 2771 eius
1004 2700 1048 2771 ad
1076 2699 1163 2771 duas
1190 2718 1325 2771 marcas
1353 2698 1567 2770 aestimatur.
1612 2698 1699 2768 Item
1728 2702 1782 2768 est

225 2821 272 2892 ibi
299 2822 482 2912 praedium
508 2822 669 2913 militare,
695 2826 776 2912 post
803 2821 905 2913 quod,
933 2826 968 2891 et
995 2826 1074 2912 post
1097 2821 1306 2913 cmethonea
1334 2820 1526 2892 decimatur
1552 2816 1720 2890 ecclesiae
1745 2818 1789 2888 in·

226 2940 377 3015 Parva
403 2943 664 3016 Gesimiria.
1667 3025 1676 3035 t

328 3065 611 3157 Bnonrsran,
640 3066 723 3137 villa
749 3066 813 3138 sub
840 3065 1007 3156 parochia
1034 3064 1076 3137 de
1103 3065 1254 3136 Parva
1280 3062 1533 3135 Gasimiria
1558 3062 1656 3151 sita‚,
1684 3060 1782 3132 cuius

226 3188 350 3260 haeres
377 3188 555 3260 lohannes
582 3188 715 3261 Smok
742 3187 785 3259 de
812 3187 914 3259 domo
941 3186 1212 3259 Polukosza.
1238 3186 1279 3255 In
1299 3206 1367 3275 qua
1385 3189 1467 3255 sunt
1493 3201 1556 3254 sex
1582 3182 1674 3253 lanei
1692 3202 1783 3252 cmc-

226 3311 403 3400 thonales,
430 3311 515 3382 item
541 3309 802 3401 malaterra,
830 3309 962 3381 habens
990 3330 1111 3401 agros,
1152 3307 1237 3379 item
1263 3305 1484 3379 hortulaniae
1510 3309 1584 3374 tres
1610 3303 1780 3375 hahentes

227 3454 337 3525 agros
367 3433 410 3506 de
438 3433 562 3524 quibus
590 3431 748 3504 omnibus
775 3430 923 3504 solvitur
941 3437 978 3502 et
996 3430 1199 3503 conducitur
1227 3429 1359 3501 decima
1381 3425 1607 3516 manipularis
1625 3429 1662 3495 et
1680 3444 1782 3496 cana-

128 3579 131 3584 ·
226 3556 311 3646 palis
339 3576 405 3646 pro
433 3554 633 3646 praebenda
660 3551 881 3626 Oracoviensi
909 3553 1003 3624 dieta
1028 3551 1370 3644 Wawrzynyeczska,
1399 3554 1435 3618 et
1461 3547 1560 3618 valor
1578 3547 1652 3618 eius
1675 3547 1782 3635 aesti-
1842 3587 1846 3594 ι

226 3683 339 3748 matur
367 3677 411 3748 ad
438 3676 555 3748 decern
583 3695 726 3748 marcas.
752 3674 842 3748 Item
861 3679 915 3746 est
933 3673 982 3746 ibi
1000 3695 1106 3746 unum
1132 3671 1312 3763 praedium
1339 3668 1500 3758 militare,
1529 3667 1573 3738 de
1601 3688 1668 3758 quo
1687 3667 1780 3738 deci-

227 3805 342 3873 matur
369 3800 406 3871 in
433 3798 583 3871 Parva
609 3796 877 3886 OasImiria,
905 3802 941 3867 et
967 3795 1066 3867 valor
1093 3791 1400 3865 eius-aestimatur
1427 3789 1471 3859 ad
1497 3794 1574 3859 tres
1599 3808 1745 3859 marcas.

328 3919 564 4012 Zrnnurezn,
601 3920 684 3992 villa
710 3920 775 3992 sub
802 3917 968 4009 parochia
990 3916 1037 3988 'de
1063 3913 1213 3984 Parva
1239 3910 1493 3982 Casimiria
1519 3909 1596 3979 situ.
1640 3909 1681 3978 In
1710 3929 1779 3999 qua

228 4049 307 4116 sunt
323 4044 419 4116 lanei
437 4041 680 4132 cmethonales,
707 4041 792 4113 item
809 4041 985 4127 tabernae,
1012 4037 1095 4106 item
1112 4031 1372 4122 hortulaniae...;
1399 4031 1484 4103 item
1501 4031 1538 4100 in
1556 4028 1678 4100 eadem
1696 4029 1780 4101 villa

192 4201 195 4209 ·
227 4164 369 4254 praedia
395 4163 579 4255 militaria,
619 4163 815 4254 dequibus
851 4160 1042 4232 decimatur
1068 4155 1234 4228 ecclesiae
1259 4155 1296 4226 in
1323 4153 1469 4226 Parra
1504 4151 1779 4242 Oasimiria‚

229 4288 323 4360 euius
350 4287 450 4362 valor
477 4285 521 4358 ad
548 4289 680 4376 septem
706 4303 841 4356 marcas
868 4280 1081 4352 aestimatur.

328 4399 583 4500 Mmocnrow,
609 4406 694 4480 villa
712 4405 776 4478 sub
794 4399 960 4493 parochia
982 4399 1148 4472 ecclesiae
1174 4399 1217 4470 de
1243 4397 1393 4470 Parva
1419 4394 1673 4468 Oasimiria
1700 4394 1777 4464 stta.

228 4529 267 4602 In
294 4552 363 4624 qua
390 4536 472 4604 sunt
497 4531 589 4602 lanei
616 4523 868 4616 emethonales,
895 4521 979 4594 item
1005 4523 1185 4612 tabernae,
1212 4521 1297 4617 item
1323 4517 1553 4606 hortulaniae,
1580 4514 1625 4586 de
1652 4515 1777 4605 quibus

229 4652 374 4726 solvitur
395 4631 438 4726 'et
464 4650 667 4724 conducitur
694 4647 826 4718 decima
851 4643 1078 4735 manipularis
1105 4648 1142 4715 et
1165 4629 1343 4733 'canapalis
1373 4660 1438 4730 pro
1465 4634 1676 4729 episcopatu
1694 4634 1778 4706 Cra-

227 4776 398 4866 ·coviensi‚
438 4775 535 4846 cuius
570 4769 669 4842 valor
705 4768 910 4840 aestimatur
945 4765 990 4837 ad
1016 4771 1271 4864 tres-marcas.
1313 4763 1403 4834 Item
1430 4766 1486 4832 est
1520 4758 1570 4830 ibi
1596 4756 1777 4847 praedium

230 4897 386 4988 militare,
413 4895 457 4968 de
484 4913 551 4985 quo
578 4891 770 4964 decimatur
797 4891 832 4960 in
859 4889 1006 4959 Parva
1033 4871 1306 4973 Gasimiria3
1332 4883 1431 4955 valor
1457 4879 1610 4953 decimae
1628 4877 1673 4948 ad
1691 4878 1778 4948 duas

231 5037 361 5091 marcas
389 5017 602 5089 aestimatur.
682 5098 685 5104 ¹
951 5021 954 5028 '

331 5139 622 5228 Sinopensem,
649 5135 732 5206 villa
749 5133 813 5204 sub
831 5130 997 5222 parochia
1023 5129 1066 5200 de
1093 5127 1244 5199 Parra
1269 5124 1521 5197 Oasimiria
1547 5121 1624 5192 sita
1650 5119 1692 5190 In
1710 5139 1779 5210 qua

232 5265 309 5332 sunt
333 5261 426 5333 lanei
453 5257 696 5348 emethonalea
723 5257 806 5326 item
832 5254 1010 5342 tabernae,
1037 5251 1122 5322 item
1140 5249 1369 5338 hortulaniae,
1397 5247 1440 5317 de
1467 5244 1593 5336 quibus
1620 5241 1805 5314 omnibus·

232 5383 375 5456 solvitur
401 5387 437 5454 et
463 5380 666 5454 conducitur
680 5377 826 5449 decima
852 5373 1077 5464 manipularis
1104 5377 1141 5442 et
1167 5370 1343 5461 canapalis
1369 5389 1434 5458 pro
1460 5366 1663 5457 episcopatu
1694 5361 1778 5432 Gra·
1880 5365 1885 5373 '

232 5505 395 5596 curiensi,
431 5510 466 5577 et
492 5504 591 5576 valor
617 5502 691 5574 eius
718 5499 933 5571 aestimatur
959 5495 1004 5566 ad
1031 5514 1092 5566 sex
1118 5512 1264 5564 marcas.
1308 5491 1397 5560 Item
1424 5494 1479 5567 est
1516 5486 1566 5557 ibi
1598 5483 1778 5575 praedium

232 5626 386 5719 militare,
414 5627 456 5698 de
485 5648 568 5723 qun
580 5625 772 5697 decimatur
799 5622 835 5692 in
862 5617 1011 5691 Parva
1037 5614 1310 5702 Oasimiria3
1336 5612 1436 5684 valor
1463 5606 1621 5681 decimae
1642 5605 1694 5676 ad·
1704 5611 1778 5676 tres

123 5729 128 5742 ⁸
234 5769 372 5822 marcas·
