4550 6600
1710 786 1784 860 ara
1860 883 1865 889 ¹

231 992 313 1080 sita,
342 990 439 1063 cuius
465 991 589 1064 haeres
615 987 707 1063 idem
733 990 954 1065 Eustachius.
981 990 1022 1063 ln
1049 1012 1118 1084 qua
1144 997 1227 1065 snut
1251 992 1342 1065 lanei
1368 992 1611 1081 cmethonalca,
1638 991 1682 1065 de
1711 993 1787 1083 qui·

229 1112 299 1185 bus
337 1112 485 1185 soluitur
517 1119 553 1184 et
588 1111 791 1186 conducitur
818 1113 951 1186 decima
976 1112 1203 1204 manipularis
1229 1118 1267 1185 et
1293 1114 1467 1205 canapalia
1493 1134 1557 1204 pro
1584 1113 1786 1205 episcopatu

229 1229 465 1323 Gracovionsi,
493 1234 589 1327 cuius
615 1234 713 1307 valor
740 1233 785 1306 ad
811 1233 897 1305 duas
923 1254 1058 1307 marcas
1085 1233 1298 1306 aestimatur.
1324 1232 1413 1305 Item
1439 1233 1622 1325 praedium
1644 1254 1715 1307 non
1732 1238 1787 1305 est

229 1354 267 1423 in
295 1353 422 1425 cadem
448 1352 539 1426 villa.

338 1456 608 1547 Znanoonrcua
661 1528 669 1545 .
721 1528 730 1545 .
782 1529 791 1545 .
844 1528 852 1545 .

921 1594 1099 1667 Sannum.

338 1712 511 1805 Oppidum
536 1713 670 1787 habens
696 1714 732 1785 in
759 1733 797 1786 se
823 1715 1055 1805 parochialem
1092 1715 1271 1795 ecclesiam
1290 1766 1450 1804 .......
1475 1712 1622 1785 Sanctae
1648 1712 1785 1785 Mariae

227 1832 473 1925 Assumptioni
499 1834 658 1927 dicatam,
685 1835 783 1907 cuius
808 1836 1006 1927 proprietas
1032 1834 1077 1907 ad
1103 1835 1361 1909 serenissimum
1387 1832 1552 1905 Poloniae
1569 1852 1688 1924 regem
1705 1854 1785 1923 per-

228 1954 330 2027 tinet
366 1956 407 2026 In
444 1976 513 2046 quo
538 1962 620 2028 sunt
645 1956 737 2027 lanei
764 1954 1034 2047 oppidanorum,
1061 1944 1257 2047 dequibus
1283 1956 1441 2035 omuibus
1467 1954 1615 2028 soluitur
1641 1959 1679 2025 et
1704 1972 1785 2026 con·
1918 2022 1921 2035 ,

229 2074 374 2147 ducitur
409 2075 543 2148 decima
576 2076 800 2167 manipularis
837 2080 873 2148 et
895 2076 1074 2167 ‘canapalis
1101 2076 1266 2148 ecclesiae
1291 2077 1329 2147 in
1354 2074 1535 2166 Solecz,
1561 2075 1660 2147 cuius
1686 2074 1786 2147 rator
1891 2141 1901 2157 ,

229 2194 275 2265 od
302 2194 499 2285 quindecim
526 2216 659 2269 marcas
686 2198 901 2270 aestimatur.
927 2198 1016 2270 Item
1043 2197 1190 2271 ecclesia
1215 2202 1253 2269 et
1273 2197 1441 2288 plebanus
1458 2196 1566 2268 habet
1582 2196 1686 2286 agros
1703 2215 1785 2285 pro-

229 2316 327 2405 prius
365 2317 401 2386 in
428 2336 552 2391 norem
586 2318 691 2411 locis,
718 2317 763 2390 ad
789 2338 912 2390 novem
939 2319 1057 2391 laneos
1084 2319 1306 2409 aestimatos,
1333 2336 1487 2409 proauo
1513 2315 1667 2406 praedio.
1693 2315 1782 2387 Item

227 2436 338 2507 habet
366 2438 516 2529 quinque
544 2438 663 2511 hortos
701 2440 738 2510 in
773 2440 880 2511 variis
915 2438 1001 2511 locis
1027 2438 1157 2531 oppidi.
1195 2438 1284 2511 Item
1310 2438 1419 2510 habet
1444 2437 1611 2509 decimum
1637 2436 1783 2527 piscium

229 2556 265 2626 in
292 2557 438 2630 lacubus
464 2559 579 2650 regiis,
608 2558 667 2651 qui
694 2564 880 2633 causantur
906 2581 950 2632 ex
975 2558 1089 2633 fluviis
1115 2558 1248 2631 Visla
1272 2564 1310 2631 et
1335 2557 1536 2649 Orampa
1562 2558 1651 2639 Item
1676 2554 1784 2637 habet

228 2676 344 2748 locum
371 2678 524 2768 piscinae
550 2680 586 2750 in
612 2679 751 2753 flumine
777 2679 980 2772 Grampa
1012 2681 1101 2753 Item
1127 2680 1235 2754 habet
1259 2681 1403 2771 propria
1429 2679 1584 2752 alvearia
1617 2697 1721 2767 apum
1747 2676 1784 2747 in
1829 2716 1833 2723 ·

228 2797 448 2871 haereditate
475 2801 610 2892 oppidi,¹
630 2802 665 2872 in
693 2800 791 2892 sylva
816 2801 909 2873 dicta
934 2800 1141 2893 Plebany
1167 2801 1360 2873 Lanzek.

334 2918 622 3012 Ganranowrcu,
649 2922 733 2993 villa
758 2923 822 2994 sub
848 2923 1014 3013 parochia
1040 2922 1206 2995 ecclcsiae
1232 2921 1276 2993 de
1300 2920 1460 2993 Solecr
1487 2919 1557 2991 sita
1572 2937 1638 3008 pro
1655 2916 1782 2989 minori

229 3048 341 3132 parte,
369 3062 433 3131 pro
459 3043 583 3114 maiori
610 3062 693 3115 vero
718 3048 829 3135 parte,
856 3043 920 3115 sub
946 3044 1113 3133 parochia
1132 3042 1305 3115 'emlesiae
1320 3042 1359 3113 in
1376 3039 1665 3131 Pyotrauyn,
1683 3038 1781 3109 cuius

130 3174 135 3189 '
228 3163 427 3253 proprietas
454 3162 498 3235 ad
526 3163 781 3239 serenissimum
806 3162 972 3235 Potoniae
998 3184 1115 3255 regem
1141 3163 1303 3253 pertinet
1329 3162 1370 3232 In
1397 3180 1468 3252 qua
1484 3164 1566 3231 sunt
1581 3160 1674 3230 lanei
1691 3178 1782 3230 ome-

181 3329 186 3332 -
228 3282 406 3375 themelae,
433 3284 477 3355 de
504 3305 648 3376 quorum
675 3286 799 3359 maiori
825 3290 942 3378 parte,
969 3286 1102 3359 decima
1127 3283 1354 3376 manipularis
1381 3282 1531 3380 solvitur
1555 3279 1720 3353 ecclesiae
1745 3278 1782 3350 in

229 3403 512 3496 Pyotrawin,
539 3407 582 3477 de
609 3401 735 3479 minori
761 3427 844 3480 vero
872 3408 1039 3480 ecclesiae
1065 3407 1101 3478 in
1129 3405 1303 3497 Soleae,
1330 3404 1427 3477 ouius
1453 3402 1552 3476 valor
1577 3401 1783 3473 aestimatur

229 3524 273 3596 ad
291 3580 299 3595 .
318 3579 325 3596 .
346 3581 353 3596 .
371 3526 459 3597 Item
486 3531 540 3600 est
565 3527 615 3600 ibi
641 3549 747 3600 unum
773 3528 954 3620 praedium
980 3528 1127 3619 regium,
1153 3529 1239 3599 item
1264 3527 1355 3598 duae
1371 3523 1595 3598 hortulaniae
1612 3521 1782 3594 trabentes

199 3665 342 3737 agros,
368 3647 452 3718 item
480 3647 647 3720 scultetus
673 3649 804 3720 habens
831 3649 918 3721 duos
944 3648 1063 3721 laneos
1089 3639 1263 3739 agrorum,
1290 3646 1334 3718 de
1360 3646 1486 3737 quibus
1512 3643 1673 3714 omnibus
1690 3641 1782 3712 dcci·
1848 3682 1853 3694 ·
1886 3724 1890 3736 ¹

228 3787 285 3836 ma
310 3767 459 3840 solvitur
485 3769 650 3840 ecclcsiae
676 3770 712 3840 in
739 3769 941 3861 Solyecz‚
968 3776 1005 3842 et
1022 3771 1122 3844 valor
1140 3770 1214 3842 eius
1233 3767 1278 3839 ad
1297 3771 1447 3858 quatuor
1463 3782 1601 3836 marcas
1619 3763 1782 3833 aestimo-

229 3892 296 3958 tur.
322 3888 411 3960 Item
438 3889 527 3961 duae
552 3890 721 3962 tabernae
747 3891 915 3964 habentes
942 3911 1055 3983 agros,
1083 3891 1125 3963 de
1153 3889 1279 3981 quibus
1297 3887 1432 3959 decima
1448 3881 1782 3963 solvitnreoclesiae

232 4013 267 4078 ct
293 4009 441 4113 plebano
468 4010 505 4080 in
531 4008 822 4103 Pyotrawyn.
1009 4077 1013 4088 .

331 4130 531 4222 Darunow,
558 4133 641 4205 villa
669 4134 733 4206 sub
759 4131 926 4224 parochia
952 4132 995 4204 do
1013 4131 1204 4222 Solyecz
1230 4129 1309 4202 sita
1334 4127 1376 4200 ln
1393 4145 1464 4219 qua
1481 4129 1565 4197 sunt
1579 4123 1673 4197 lanei
1690 4141 1777 4196 cmc-

229 4249 406 4342 thonales,
440 4253 524 4324 item
559 4273 628 4325 una
662 4255 826 4345 taberna,
862 4255 946 4326 item
981 4253 1200 4326 hortulaniae
1235 4249 1325 4322 duae
1350 4249 1521 4320 habentes
1548 4265 1670 4338 agros,
1696 4245 1781 4315 item

229 4371 389 4444 scoltetia
414 4373 545 4446 habens
573 4374 659 4454 duos
685 4375 815 4466 laneos,
842 4375 885 4447 de
912 4375 1036 4466 quibua
1064 4374 1223 4447 omnibus
1241 4370 1390 4444 solvitur
1410 4374 1446 4440 et
1463 4367 1670 4440 conducitur
1688 4364 1781 4436 deci·
1851 4390 1854 4395 ·

174 4551 177 4556 .
229 4511 285 4562 ma
310 4493 536 4584 manipularis
571 4499 607 4566 et
633 4495 809 4588 canapalis
835 4495 1001 4569 ecclesiae
1026 4496 1063 4567 in
1089 4495 1302 4585 Solyecz,
1328 4491 1425 4564 cuius
1451 4489 1551 4562 valor
1576 4487 1781 4560 aestimatur

231 4611 274 4682 ad
301 4612 496 4704 quindecim
522 4635 667 4688 marcas.

330 4732 482 4825 worm,
511 4735 593 4808 villa
618 4737 683 4809 sub
709 4735 874 4826 parochia
900 4735 943 4810 do
969 4735 1162 4828 Solyeoz
1188 4736 1266 4826 sita
1289 4732 1386 4806 onius
1403 4729 1601 4822 proprietas
1618 4725 1666 4798 ad
1684 4743 1781 4798 sere·

228 4852 406 4926 nissimum
433 4855 597 4928 Poloniae
623 4877 741 4948 regem
767 4857 930 4948 pertinet.
956 4858 997 4928 In
1024 4877 1092 4949 qua
1118 4861 1200 4928 sunt
1225 4855 1317 4926 lanei
1344 4849 1587 4958 cmetlronales,
1605 4849 1688 4920 item
1706 4865 1776 4917 una

228 4974 383 5066 mbema,
409 4976 492 5048 item
519 4957 679 5051 scoltetia
703 4979 835 5051 habens
861 4978 948 5051 duos
974 4979 1103 5069 laneos,
1129 4978 1174 5050 de
1192 4976 1316 5067 quibus
1334 4973 1504 5064 omnibus,
1522 4969 1669 5044 soluitur
1686 4962 1778 5039 dcci·

229 5113 284 5165 ma
308 5096 534 5186 manipularis
561 5104 597 5170 et
624 5099 798 5190 canapalis
824 5119 888 5190 pro
916 5099 1078 5190 episcopo
1105 5096 1339 5170 cracoviensi.

331 5215 638 5312 Buaczurowrcs,
665 5219 748 5292 villa
774 5221 838 5292 sub
864 5219 1030 5310 parochia
1056 5217 1099 5290 de
1126 5217 1316 5309 Solyecz
1344 5216 1429 5305 sita,
1456 5212 1554 5285 cuius
1580 5207 1778 5301 proprietas

229 5333 272 5404 ad
298 5339 546 5412 monasterium
572 5339 720 5413 Sanctae
747 5339 867 5414 Crucis
894 5341 1056 5432 pertinet.
1083 5339 1123 5410 In
1152 5359 1222 5430 qua
1246 5343 1329 5410 sunt
1354 5347 1478 5408 norem
1504 5331 1598 5404 lanei
1625 5327 1778 5401 amatho-

229 5455 333 5549 nules,
360 5459 403 5531 de
431 5461 556 5552 quibua
583 5462 732 5535 solvitur
757 5467 795 5534 et
821 5461 1024 5535 conducitur
1051 5459 1186 5536 decima
1212 5454 1438 5548 manipularis
1463 5473 1611 5544 pro...

332 5576 542 5674 domuum,
569 5583 653 5655 villa
680 5583 744 5656 sub
771 5582 942 5682 parochia
962 5581 1005 5653 de
1031 5580 1236 5672 Solyecz‚
1263 5580 1361 5651 cuins
1377 5575 1576 5667 proprietas
1594 5571 1639 5643 ad
1657 5589 1776 5641 mona·

230 5698 370 5770 stadum
405 5700 552 5774 Sanctae
587 5701 709 5776 Orucis
744 5704 904 5794 pertinet.
941 5703 981 5774 ln
1009 5722 1076 5795 qua
1103 5704 1187 5773 sunt
1213 5704 1292 5772 octo
1328 5698 1421 5769 lanei
1456 5691 1707 5779 amathonales,
1733 5689 1778 5760 de
