4550 6600
495 753 568 825 296

595 957 783 1044 Ponetur,
810 955 893 1026 villa
920 954 984 1025 suh
1011 954 1179 1044 parochia
1206 954 1249 1024 de
1274 952 1568 1024 Przeczslaw
1593 954 1672 1043 sita,
1688 954 1799 1025 cuius
1825 954 1951 1024 haeres
1968 952 2049 1023 Sta·

491 1079 621 1150 nislaus
648 1077 697 1147 Li
706 1096 854 1167 ganza
880 1076 923 1147 de
951 1077 1055 1146 armis
1082 1074 1361 1164 Polulrozya.
1405 1074 1447 1143 ln
1474 1094 1542 1165 qua
1568 1081 1650 1146 sunt
1676 1076 1770 1146 lanei
1796 1074 2048 1164 emethonales,

491 1200 574 1271 item
601 1198 756 1287 taberna,
783 1198 866 1267 item
892 1197 1088 1285 hortulani,
1121 1195 1165 1267 de
1192 1196 1316 1285 quibus
1343 1195 1490 1267 solvitur
1517 1201 1553 1266 et
1580 1196 1786 1267 conducitur
1812 1195 1949 1266 decima
1972 1216 2046 1265 ma·

490 1321 659 1410 uipularis
703 1324 740 1390 et
783 1318 957 1409 canapalis
997 1318 1162 1389 ecclesiae
1199 1319 1234 1387 in
1274 1316 1583 1407 Przeczslaw,
1627 1322 1665 1388 et
1707 1317 1806 1388 valor
1840 1318 2046 1389 aestimatur

490 1461 569 1511 orus
594 1495 709 1510 .....
2007 1462 2011 1465 ·

595 1559 869 1648 Lnunoscurn,
904 1558 988 1630 villa
1025 1560 1089 1630 sub
1116 1557 1282 1648 parochia
1308 1558 1352 1629 de
1383 1558 1640 1648 Dambycza
1675 1560 1763 1647 sita,
1796 1559 1895 1629 cuius
1920 1560 2046 1629 haeres

491 1680 655 1752 Nicolans
690 1679 1085 1771 Lathos'chynsky
1120 1680 1163 1750 de
1190 1680 1296 1751 armis
1331 1676 1604 1750 Grissonum.
1647 1680 1687 1748 ln
1715 1700 1785 1768 qua
1811 1686 1895 1749 sunt
1920 1699 2046 1749 novem

489 1800 582 1871 lanei
608 1801 851 1889 cmethonaleS,
879 1801 961 1871 item
990 1801 1156 1872 tabernae
1183 1800 1280 1889 duae,
1307 1800 1390 1870 item
1416 1800 1644 1887 hortulauiae,
1671 1798 1861 1890 dequibus
1887 1820 1953 1888 pro
1973 1820 2047 1871 una

491 1926 591 2011 parte
618 1920 766 1994 solvitur
791 1926 827 1992 et
853 1921 1056 1992 conducitur
1083 1920 1216 1991 decima
1241 1920 1466 2009 manipularis
1483 1926 1521 1991 et
1538 1920 1714 2010 canapalis
1740 1940 1804 2009 pro
1832 1920 1979 1991 ecclesia
2007 1920 2046 1989 iu

491 2040 799 2131 Przcczslaw,
826 2061 890 2131 pro
917 2042 1029 2113 altera
1055 2062 1137 2112 vero
1156 2039 1341 2112 medietate
1368 2041 1515 2111 solvitur
1541 2060 1606 2129 pro
1623 2042 1786 2131 episcopo
1805 2038 2048 2128 Oracovicnsi3

490 2162 573 2233 item
601 2167 655 2234 est
680 2163 730 2234 ibi
756 2161 935 2252 praedium
962 2183 1086 2251 unum,
1122 2162 1165 2232 de
1192 2162 1289 2233 cuius
1316 2161 1410 2251 agris
1443 2160 1635 2233 decimatur
1661 2161 1829 2233 ecclesiae
1855 2162 1892 2231 in
1918 2162 2051 2233 Dam-

490 2282 656 2374 bycza,
683 2282 726 2353 de
753 2304 821 2355 uno
849 2283 949 2353 laneo
976 2282 1154 2372 praedicti,
1181 2282 1225 2353 de
1243 2282 1321 2353 aliis
1347 2302 1432 2353 vero
1458 2282 1624 2353 ecclesiae
1649 2282 1684 2351 in
1712 2279 1987 2373 Gumuyska.

594 2404 912 2493 Lnrnoscnrusn,
939 2402 1023 2473 villa
1050 2402 1114 2474 sub
1142 2402 1308 2493 parochia
1333 2401 1376 2473 de
1402 2401 1661 2492 Dambycza
1687 2402 1765 2491 sita,
1791 2403 1890 2474 cuius
1915 2404 2051 2473 haeres

451 2510 457 2519 ’
490 2523 642 2595 lacobus
677 2523 971 2614 Trzeczesky
1007 2522 1050 2595 de
1076 2523 1184 2595 armis
1219 2522 1500 2612 Streparum.
1553 2522 1595 2593 In
1621 2543 1690 2612 qua
1715 2528 1798 2594 suut
1832 2523 1923 2595 lanei
1951 2544 2052 2594 cure-

490 2645 659 2734 thonales,
686 2644 770 2715 item
795 2645 972 2735 tabernae,
999 2645 1080 2716 item
1108 2643 1346 2733 hortulaniae,
1381 2644 1425 2714 de
1452 2644 1576 2734 quihus
1602 2644 1750 2715 solvitur
1775 2648 1812 2714 et
1837 2643 2052 2715 conducitur

490 2765 624 2836 decima
650 2765 875 2856 manipularis
903 2770 939 2836 et
965 2764 1140 2855 cenapolis
1159 2820 1167 2834 .
1186 2819 1194 2834 .
1213 2819 1247 2853 .‚
1275 2765 1358 2835 item
1385 2770 1440 2836 est
1466 2765 1515 2836 ibi
1541 2786 1647 2836 nuum
1672 2764 1854 2856 praedium
1878 2765 2051 2855 militare,

491 2886 534 2957 de
561 2886 658 2958 cuius
685 2886 779 2977 agris
807 2884 1000 2957 decimatur
1026 2886 1192 2957 ecclesiae
1219 2886 1255 2955 in
1282 2884 1581 2957 Przeczslaw.

591 3005 842 3078 Pnznczsnnw
868 3005 1051 3098 oppidum,
1088 3006 1185 3077 cuius
1221 3006 1344 3077 haeres
1379 3005 1557 3095 praefatus
1592 3005 1786 3077 Stanislaus
1811 3007 2049 3105 Lpganza

488 3128 530 3198 Iu
558 3149 624 3217 quo
652 3132 733 3198 sunt
759 3126 851 3197 lanei
878 3126 1137 3217 oppidanorum,
1164 3127 1207 3198 dc
1234 3127 1360 3216 quibus
1386 3127 1535 3198 solvitur
1561 3126 1693 3197 decima
1719 3126 1946 3217 manipularis
1974 3147 2049 3216 pro

490 3248 654 3338 primario
673 3252 710 3320 et
727 3246 911 3339 principali
938 3248 1174 3320 mansionario
1193 3248 1357 3320 ccclesiae
1383 3248 1420 3320 in
1446 3247 1756 3339 Przeczslau,
1782 3253 1819 3321 et
1846 3248 1944 3320 valor
1963 3248 2048 3322 eius

489 3369 695 3440 aestimatur
723 3368 768 3440 ad
787 3422 901 3438 .....

593 3489 792 3578 Lrsnnow,
818 3488 902 3559 villa
928 3487 992 3560 suh
1019 3487 1186 3578 parochia
1211 3489 1377 3562 ecclesiae
1402 3489 1446 3561 de
1464 3544 1579 3560 .....
1606 3490 1684 3562 sita

592 3607 828 3700 Gosczsnow,
855 3609 939 3681 villa
965 3609 1029 3682 suh
1055 3609 1222 3700 parochia
1247 3611 1291 3681 de
1309 3664 1423 3679 .....
1450 3611 1527 3682 sita.

594 3730 748 3802 Donczn
774 3749 913 3821 rsavs,
939 3729 1023 3802 villa
1048 3731 1113 3802 suh
1140 3731 1306 3821 parochia
1323 3785 1437 3800 .....

591 3850 830 3941 Puzscznsw,
859 3852 1023 3943 oppidum
1049 3850 1263 3942 praefatum,
1297 3851 1341 3922 de
1376 3851 1473 3922 cuins
1509 3851 1691 3942 oppidanis
1726 3857 1763 3922 et
1789 3852 1882 3942 agris
1907 3873 2049 3942 eornm,

487 3972 720 4043 mansionaria
746 3972 853 4043 tertia
879 3973 986 4045 habet
1012 3993 1152 4044 censum
1179 3975 1402 4063 perpetuom,
1439 3973 1590 4063 quinque
1615 3993 1808 4044 marcarum
1848 3974 2051 4045 communis

488 4093 665 4181 pecuniae,
682 4107 794 4182 'quem
813 4091 865 4161 illi
883 4090 1060 4182 praelatus
1078 4091 1271 4164 Stanislaus
1298 4091 1505 4182 Liganza
1530 4093 1738 4165 castellanus
1763 4091 2048 4182 Malogosteusis

489 4211 675 4283 donatione
701 4216 872 4301 perpetua
898 4217 934 4282 et
960 4213 1189 4302 irrevocabili,
1215 4213 1252 4283 in
1269 4211 1364 4302 agris
1390 4216 1428 4283 et
1453 4213 1637 4303 oppidanis
1663 4212 1811 4304 praelati
1836 4212 1954 4302 oppidi
1973 4213 2046 4284 do-

486 4333 600 4421 navit,
636 4330 839 4403 reformauit
865 4337 901 4403 et
928 4331 1123 4424 inscripsit,
1159 4338 1274 4406 motus
1310 4337 1350 4404 nt
1375 4334 1546 4408 asseritur
1581 4334 1808 4424 conscientia,
1844 4333 1936 4424 quod
1964 4315 2045 4406 non

485 4453 693 4526 mediocrem
719 4473 886 4552 summam
913 4452 1056 4525 alterius
1083 4454 1222 4544 plebani
1247 4453 1382 4526 mediae
1409 4455 1519 4544 partis
1546 4454 1589 4527 de
1625 4453 1916 4527 Przeczslau
1942 4451 2043 4526 Gre-

485 4573 577 4665 gorii
602 4575 638 4645 in
666 4571 896 4646 Oracovia
922 4573 1128 4666 depositam,
1155 4575 1232 4665 ipso
1259 4579 1396 4648 mortuo
1422 4575 1490 4647 sibi
1516 4577 1699 4666 usurpavit
1724 4580 1762 4648 et
1788 4576 2045 4666 appropriavit

388 4679 392 4689 ’
487 4695 576 4766 Item
603 4694 750 4787 quilibet
776 4695 1085 4768 mansionariorum
1111 4694 1346 4786 praefatorum
1372 4695 1481 4768 hahet
1506 4697 1645 4769 domum
1671 4696 1855 4787 specialem
1880 4716 1944 4787 pro
1972 4717 2046 4769 sua

487 4815 712 4889 habitatione.

435 4955 437 4962 J
590 4935 678 5009 Item
696 4941 735 5008 ut
753 4935 928 5027 praefatae
946 4936 1144 5028 dotationis,
1170 4935 1401 5010 ordinationis
1420 4941 1456 5009 et
1472 4937 1669 5011 donationis
1687 4936 1870 5028 dispositio
1888 4938 2043 5028 amplius

486 5055 699 5146 innotescat,
733 5061 770 5128 et
796 5077 864 5130 non
890 5043 1003 5148 possit
1029 5058 1123 5129 trahi
1151 5078 1173 5130 a
1198 5057 1316 5131 futura
1341 5063 1455 5131 aetate
1480 5059 1517 5130 iu
1543 5059 1703 5148 dubium,
1729 5061 1791 5130 aut
1816 5057 2042 5150 oblivionem,

486 5177 620 5267 copiam
645 5176 819 5268 privilegii
846 5177 909 5249 suh
935 5177 1038 5250 titulo
1066 5182 1103 5251 et
1129 5177 1244 5269 sigillo
1266 5177 1408 5270 Shignei
1435 5177 1584 5270 praelati
1610 5178 1794 5251 cardinalis
1821 5183 1858 5251 et
1882 5178 2042 5271 episcopi

488 5297 728 5372 Gracoviensis
754 5299 961 5372 inseruimus
988 5303 1146 5389 regestro
1172 5301 1358 5391 praesenti
