4550 6600
514 729 563 798 60

511 933 609 1006 11111
636 932 729 1021 agris
757 931 904 1002 solvitur
930 929 1062 1000 decima
1088 903 1313 1019 manipularis
1340 926 1446 998 altari
1471 924 1590 996 Sancti
1615 925 1790 997 Johannis
1818 923 2065 1016 Evangelistae

512 1054 549 1124 in
576 1052 720 1126 ecclesia
746 1048 976 1122 Cracoviensi.

615 1171 927 1258 llrsrnzowrcza,
955 1169 1038 1240 villa
1064 1168 1127 1240 sub
1146 1168 1312 1258 parochia
1338 1166 1382 1236 de
1407 1167 1850 1256 Raczyborowycze
1879 1164 1960 1254 sita
1978 1165 2065 1236 cuius

511 1293 707 1383 proprietas
735 1291 780 1362 ad
807 1291 1051 1361 scholasticum
1080 1287 1345 1359 Cracoviensem
1372 1287 1533 1378 pertinet,
1560 1288 1685 1376 inqua
1711 1289 1852 1376 septem
1881 1290 1967 1356 sunt
1984 1285 2066 1355 lanei

511 1413 757 1501 emethonales,
783 1413 865 1482 item
892 1431 961 1482 una
978 1410 1186 1498 hortulania,
1212 1409 1344 1480 hahens
1372 1428 1484 1498 agroS,
1511 1407 1697 1496 dequibus
1719 1407 1897 1477 decimam
1927 1407 2066 1496 percipit

511 1532 751 1604 Cracoviensis
789 1531 1030 1620 scholasticae,
1057 1536 1092 1600 et
1118 1530 1217 1600 valor
1253 1529 1458 1600 aestimatur
1492 1528 1538 1599 ad
1564 1526 1745 1598 duodecim
1779 1546 1942 1598 marcas.
1986 1525 2064 1596 Item

511 1659 565 1726 est
591 1654 640 1724 ihi
667 1674 773 1724 unum
799 1651 979 1741 praedium
1007 1650 1216 1740 scholastici,
1242 1648 1286 1720 de
1312 1649 1410 1720 cuius
1436 1649 1532 1738 agris
1557 1670 1627 1720 non
1654 1647 1760 1719 solvit
1786 1647 1987 1736 decimam,
2013 1644 2066 1716 scd

511 1795 586 1844 eam
612 1795 675 1863 pro
704 1794 740 1844 se
767 1773 869 1844 tollit.

616 1894 934 1983 Znsenczrruow,
962 1893 1045 1964 villa
1072 1892 1135 1963 sub
1155 1891 1321 1981 parochia
1343 1890 1386 1962 de
1412 1890 1846 1980 Raozyborowyeze
1875 1890 1959 1979 sita,
1977 1888 2064 1958 cuius

510 2015 707 2105 proprietas
734 2014 779 2084 ad
806 2015 1003 2103 episcopum
1032 2011 1295 2084 cracoviensem
1322 2012 1484 2102 pertinet,
1511 2012 1547 2082 in
1575 2032 1643 2101 qua
1670 2017 1751 2082 sunt
1776 2009 1905 2082 decem
1933 2014 1971 2080 et
1995 2014 2064 2080 octo

510 2157 587 2206 cum
613 2136 725 2206 medio
753 2135 845 2204 lanei
872 2135 1124 2223 emethonales,
1160 2136 1244 2204 item
1271 2154 1340 2203 una
1365 2133 1531 2222 taberna,
1557 2133 1690 2204 habens
1717 2153 1844 2223 agree,
1874 2131 1921 2202 de
1949 2131 2063 2222 quibus

511 2256 669 2327 omnihus
697 2256 846 2326 solvitur
873 2261 909 2326 et
935 2254 1140 2326 conducitur
1166 2254 1300 2325 decima
1317 2254 1543 2343 manipularis
1570 2258 1606 2324 ct
1633 2253 1807 2343 canapalis
1837 2275 1907 2344 pro
1927 2251 2063 2324 ecclesia

510 2377 547 2446 in
574 2375 895 2466 Luborzycza,
923 2380 959 2446 et
985 2375 1083 2447 valor
1110 2376 1184 2446 eius
1211 2375 1256 2446 ad
1282 2375 1408 2465 viginti
1435 2395 1578 2445 mareas.
1604 2374 1694 2446 Item
1720 2381 1871 2448 nonest
1901 2375 1954 2446 ihi
1971 2392 2062 2463 prae

512 2495 617 2586 dium,
644 2517 755 2586 neque
782 2495 1010 2567 hortulaniae.
1218 2581 1222 2586 ,

616 2617 876 2717 1111111111,
912 2617 996 2688 villa
1023 2617 1086 2688 suh
1113 2617 1280 2707 parochia
1310 2615 1354 2686 de
1380 2615 1807 2708 Raczyhorowycze
1846 2617 1939 2706 sita,
1975 2614 2061 2686 cuius

510 2740 705 2831 proprietas
733 2737 778 2810 ad
804 2739 1040 2828 praepositum
1067 2737 1186 2808 Sancti
1213 2737 1370 2808 Floriani
1404 2741 1650 2808 extramuros
1682 2735 2061 2825 (11111νί11111ῃηί-

415 2849 417 2856 ’
509 2867 578 2951 111,
605 2862 641 2932 11
669 2881 739 2950 qua
764 2865 846 2930 sunt
873 2858 990 2930 decem
1017 2865 1054 2929 et
1081 2865 1214 2947 septem
1240 2859 1333 2928 lanei
1359 2859 1603 2948 emethonaleS,
1631 2859 1716 2930 item
1742 2879 1804 2930 sex
1831 2856 2058 2940 1111111111

509 2983 679 3054 hahentes
705 2981 837 3069 hortae,
865 2980 926 3049 sed
953 3001 1022 3048 non
1050 2999 1162 3067 agrae,
1189 2979 1274 3047 item
1300 2984 1374 3048 1111
1396 2979 1570 3069 tabernae,
1597 2981 1765 3050 hahentes
1783 2999 1903 3069 agros,
1931 2978 1975 3050 de
1992 2974 2058 3066 qui·

509 3102 574 3174 bus
611 3100 770 3172 omnihus
807 3098 955 3170 solvitur
987 3101 1023 3168 11
1050 3097 1253 3167 conducitur
1287 3097 1421 3168 decima
1456 3099 1682 3188 manipularis
1718 3105 1755 3169 et
1780 3099 1966 3190 canapalis
1998 3114 2053 3186 per

512 3225 662 3311 quatuor
689 3219 826 3309 ierugas
853 3217 1053 3308 praeposito
1080 3215 1198 3288 Sancti
1224 3217 1388 3309 Floriani,
1415 3223 1451 3288 et
1468 3219 1566 3290 valor
1592 3220 1666 3290 eius
1692 3221 1902 3291 aestimatur
1921 3219 1966 3290 ad
1983 3235 2057 3308 qua·

511 3340 674 3429 draginta
700 3359 843 3409 marcas.
888 3338 976 3409 Item
1003 3340 1251 3409 monasterium
1287 3339 1418 3410 ordinis
1444 3340 1565 3411 Sancti
1590 3338 1692 3411 Pauli
1731 3342 1835 3429 primi
1874 3338 2056 3413 heremitae

511 3460 554 3531 de
580 3458 774 3548 Skalka,
802 3459 894 3530 tollit
921 3459 1087 3531 decimam
1114 3460 1364 3551 manipularem
1391 3460 1433 3531 de
1461 3462 1554 3550 agris
1580 3461 1814 3551 praedialibus
1841 3458 2056 3552 praepositu-

510 3602 590 3670 rae,
625 3580 709 3651 itern
737 3578 779 3650 de
806 3581 900 3670 agris
927 3580 1058 3671 tribua,
1096 3582 1169 3653 sive
1196 3581 1375 3672 iugeribus
1409 3587 1446 3652 et
1472 3582 1515 3653 de
1541 3583 1635 3673 agris
1671 3582 1982 3669 molendinatoris‚
2019 3596 2056 3646 cx

509 3702 668 3793 opposito
696 3702 870 3773 inferioris
898 3702 1085 3807 molendini
1112 3703 1200 3793 sitis,
1227 3710 1263 3774 et
1289 3702 1494 3793 quibusdam
1520 3704 1634 3793 arvis;
1669 3704 1752 3775 item
1779 3704 1822 3775 de
1849 3726 1940 3795 agro
1966 3716 2056 3791 prae

510 3824 610 3915 diali,
646 3830 740 3897 retro
768 3825 908 3915 curiam,
936 3826 995 3914 qni
1023 3824 1150 3896 dicitur
1175 3825 1399 3914 Powahne;
1426 3825 1510 3919 item
1537 3824 1580 3895 de
1606 3824 1779 3915 aliquibus
1805 3826 1905 3915 agris
1932 3814 2056 3892 Nicolai

510 3945 644 4034 Krol,
672 3945 834 4036 Gregorii
861 3945 1038 4036 Szydlo,
1066 3947 1295 4036 emethonum,
1321 3947 1405 4017 item
1433 3945 1568 4016 Nicolai
1594 3944 1803 4017 Kosthur
1829 3950 1868 4017 11
1894 3936 2056 4017 Johaunis

510 4063 696 4153 Szydlo,
724 4067 1005 4155 tabernatorum,
1040 4066 1099 4156 qui
1127 4066 1300 4156 quondam
1327 4071 1428 4136 erant
1453 4066 1666 4155 praediales,
1702 4067 1800 4137 11111
1827 4067 1933 4137 valor
1958 4056 2054 4135 aesti-

510 4188 625 4253 matur
652 4184 696 4253 ad
724 4205 784 4255 sex
811 4206 955 4257 marcas.

1202 4305 1385 4377 Runnwn.

610 4422 721 4515 Villa,
756 4424 889 4499 habens
916 4426 952 4497 in
980 4446 1017 4496 se
1047 4426 1284 4516 parochialem
1310 4426 1509 4517 ecclesiam,
1546 4427 1688 4498 chomm
1715 4432 1908 4520 muratum,
1936 4437 2052 4512 eorpus

509 4568 591 4617 vero
619 4546 769 4637 ligneum
797 4546 992 4636 habentem,
1021 4546 1226 4618 Sanctorum
1252 4545 1413 4619 Omnium
1439 4548 1564 4619 honori
1591 4549 1752 4639 dicatam,
1778 4551 1875 4621 cuius
1902 4541 2053 4641 proprie·

508 4672 563 4739 tas
589 4668 633 4738 ad
661 4668 850 4758 capitulum
887 4668 1051 4739 ecclesiae
1079 4668 1317 4741 Cracoviensis
1352 4670 1523 4760 pertinet,
1559 4670 1656 4741 cuius
1689 4671 1856 4760 plebanus
1882 4672 2052 4743 lohannes

509 4788 718 4860 Morsten
746 4790 789 4861 de
818 4787 1058 4880 Cracovia,
1085 4790 1121 4861 in
1141 4795 1308 4880 quaeunt
1335 4791 1595 4881 quatuordeeim
1622 4812 1699 4862 cum
1717 4792 1952 4864 medio-lanei
1969 4801 2052 4858 cmc·

508 4908 677 5000 thonaleS,
705 4911 786 4981 item
815 4915 868 4981 est
895 4910 931 4980 in
958 4911 1078 4981 eadem
1106 4911 1190 4982 villa
1213 4910 1395 5001 praedium
1422 4912 1638 5001 canonicale,
1673 4912 1757 4983 item
1783 4914 1950 4984 tabernae
1976 4913 2051 4989 tres,

453 5088 462 5097 .
508 5031 591 5101 item
619 5031 838 5103 hortulaniae
865 5037 948 5121 trae,
975 5032 1145 5104 habentes
1172 5054 1294 5123 agros,
1330 5033 1373 5103 de
1401 5034 1526 5123 quibus
1553 5034 1712 5105 omnibus
1739 5034 1889 5105 solvitur
1915 5037 1953 5105 et
1978 5044 2050 5099 con·

508 5150 647 5222 ducitur
682 5152 815 5223 decima
850 5152 1076 5243 manipularis
1103 5160 1141 5224 et
1167 5154 1342 5243 canapalis
1378 5153 1543 5225 ecclesiae
1569 5154 1606 5225 in
1641 5154 1860 5245 Rudawa,
1896 5160 1934 5227 11
1959 5145 2049 5222 valor

508 5271 582 5341 1111
609 5274 813 5345 aestimatur
840 5273 885 5344 ad
912 5273 1107 5364 quindecim
1134 5295 1279 5345 marcas

613 5392 981 5485 Nrneoscnowrozn,
1009 5395 1091 5467 villa
1118 5398 1183 5468 sub
1210 5397 1376 5487 parochia
1402 5396 1445 5468 de
1472 5394 1673 5468 Rudawa
1698 5397 1782 5487 sita,
1810 5396 1906 5470 ouius
1932 5396 2047 5467 haeres

508 5508 685 5581 lohannes
712 5514 1089 5605 Nycgosohowsk
1098 5539 1121 5608 y
1130 5572 1140 5607 ‚
1168 5517 1210 5587 de
1239 5519 1344 5589 armis
1363 5572 1558 5607 ........
1585 5518 1621 5587 in
1649 5539 1716 5608 qua
1743 5522 1823 5589 sunt
1848 5518 1939 5589 lanei
1966 5526 2048 5583 cmc·

509 5628 678 5723 thonalos,
697 5632 780 5703 item
794 5634 974 5727 praedium
989 5636 1149 5728 militare,
1163 5636 1294 5709 habens
1308 5658 1420 5729 agros,
1450 5637 1492 5709 de
1508 5638 1633 5729 quihus
1648 5636 1796 5710 solvitur
1810 5642 1846 5709 et
1858 5630 2049 5709 conducitur
