4550 6600
1701 800 1778 871 527

225 1002 474 1091 praepositura
499 1000 789 1092 Sandomiriensi‚
816 1008 853 1074 el
878 1004 978 1074 raim
1007 1003 1081 1075 eius
1107 1004 1313 1076 aestimatur
1338 1005 1382 1077 ad
1409 1012 1482 1077 tres
1508 1026 1652 1077 marcas.
1692 1006 1781 1079 Item

225 1128 286 1193 est
311 1122 360 1193 ibi
388 1122 568 1211 praedium
594 1106 710 1211 unum,
738 1121 782 1194 de
808 1146 877 1213 quo
903 1124 1096 1196 decimatur
1122 1124 1287 1196 ecclesiae
1314 1126 1349 1196 in
1376 1124 1642 1199 Odanchom

336 1242 515 1331 Tnmczn,
542 1242 628 1313 villa
653 1244 718 1315 sub
745 1244 912 1333 parochia
937 1245 981 1317 de
1006 1244 1231 1339 Odachow
1258 1246 1334 1337 sita,
1353 1248 1450 1318 cuius
1468 1249 1635 1320 haeredes
1654 1248 1779 1320 Petrus

224 1368 266 1435 et
292 1363 486 1435 Stauislaus
513 1363 867 1455 Thynyeczsczy
894 1372 930 1437 et
957 1366 1149 1438 Stanislaus
1174 1366 1480 1459 Zakrzowslry
1509 1369 1551 1439 de
1579 1370 1684 1439 armis
1705 1369 1780 1439 Ac-

151 1517 156 1525 ·
224 1485 464 1575 cipitrum.
489 1485 531 1556 In
558 1505 628 1576 qua
654 1484 754 1557 lanei‘
774 1488 1015 1577 cmethonales,
1043 1487 1087 1559 de
1114 1488 1239 1578 quibus
1267 1489 1413 1560 solvitur
1440 1489 1572 1559 decima
1589 1488 1780 1579 manipula-

225 1606 280 1677 ris
307 1610 344 1677 et
369 1605 545 1696 canapalis
581 1626 645 1696 pro
671 1608 917 1698 praepositura
943 1608 1235 1699 sandomiriensi,
1263 1610 1359 1681 cuius
1385 1611 1483 1681 valor
1509 1612 1712 1682 aestimatur
1738 1610 1782 1681 ad

228 1726 319 1797 duas
346 1747 491 1798 marcas.
517 1727 606 1799 Item
632 1733 688 1799 est
714 1728 763 1800 ibi
790 1749 896 1800 unum
921 1730 1101 1821 praedium
1127 1729 1288 1821 militare,
1317 1730 1359 1802 (16
1378 1752 1445 1821 quo
1464 1732 1657 1803 decimatur
1675 1732 1782 1803 ecclc-

224 1848 303 1919 siae
329 1846 626 1939 1601661666.

862 2072 1164 2147 Sraaznscmow„

333 2208 506 2299 Oppidum
533 2208 667 2280 habens
692 2209 873 2281 ecclesiam
899 2211 1131 2300 parochialem
1159 2212 1194 2281 in
1222 2232 1259 2283 66
1285 2212 1445 2302 ligneam,
1464 2212 1592 2303 dequo
1612 2213 1781 2302 originem

228 2330 332 2405 duxit
348 2330 516 2421 magister
529 2329 681 2403 Jacobus
698 2330 741 2401 dc
760 2331 1013 2403 Szlrarzesc
1024 2332 1048 2403 h
1058 2354 1078 2403 6
1088 2355 1119 2403 w
1148 2332 1363 2404 decretorum
1379 2334 1510 2422 doctor,
1525 2334 1675 2405 decanus
1689 2334 1780 2405 Vra-

224 2452 457 2541 tislavicnsis,
494 2451 721 2523 scholasticus
757 2452 1004 2525 Banberiensis
1030 2458 1067 2525 et
1092 2454 1277 2525 canonicus
1305 2452 1562 2543 Gracoviensis,
1590 2438 1653 2544 qui
1676 2454 1778 2525 Beati

224 2574 394 2646 Stanislai
430 2572 669 2645 Oracoriensis
704 2573 858 2664 episcopi
891 2576 1187 2647 canonisationem
1214 2576 1433 2665 procuravit3
1461 2574 1557 2647 cuius
1584 2574 1781 2665 proprietas

225 2696 275 2767 ad
308 2695 556 2767 monasterium
591 2676 860 2785 Myechoviense
894 2697 1056 2785 pertinet.
1099 2697 1140 2766 ln
1177 2718 1244 2786 quo
1281 2702 1362 2767 sunt
1397 2697 1488 2767 lanei
1524 2696 1782 2786 oppidanorum,

115 2844 119 2853 ·
224 2817 271 2887 (16
299 2817 422 2907 quibus
449 2816 596 2888 solvitur
623 2822 659 2887 et
685 2816 888 2887 conducitur
914 2818 1048 2888 decima
1073 2818 1299 2908 manipularis
1327 2823 1362 2889 et
1389 2818 1561 2907 canapalis
1589 2838 1653 2907 pro
1674 2816 1782 2888 eccle-

226 2938 283 3009 sia
316 2938 352 3009 in
387 2937 766 3027 Szkarzeschow,
802 2942 838 3008 et
873 2938 972 3009 valor
1006 2939 1080 3010 eius
1116 2939 1161 3009 ad
1197 2938 1320 3029 viginti
1354 2960 1498 3009 marcas.
1538 2939 1627 3009 ltcm
1654 2944 1708 3009 est
1733 2938 1783 3008 ibi

226 3080 337 3131 rmum
371 3058 551 3149 praedium
586 3058 806 3149 coenobiale,
841 3059 934 3149 quod
970 3080 1039 3131 666
1076 3060 1182 3131 solvit
1216 3059 1319 3130 alicui
1355 3058 1542 3149 decimam,
1569 3058 1629 3131 sed
1656 3078 1720 3149 pro
1747 3078 1784 3130 se

228 3200 309 3252 eam
343 3180 445 3251 tollit.
1135 3196 1140 3201 '
1441 3248 1443 3252 ,

344 3301 624 3375 1666666666
657 3301 824 3391 Wonrn,
850 3301 934 3373 villa
969 3303 1033 3376 sub
1059 3302 1227 3392 parochia
1254 3301 1296 3372 de
1324 3301 1681 3372 Szlrarzesclrou
1708 3301 1785 3390 sita,

225 3424 329 3496 cuius
354 3424 551 3514 proprietas
576 3422 621 3494 ad
647 3424 896 3494 monasterinm
924 3421 1202 3514 Myechovyonse
1229 3422 1389 3512 pertinet.
1420 3422 1461 3491 ln
1490 3442 1557 3511 qua
1583 3426 1665 3492 sunt
1690 3421 1782 3492 lanei

224 3547 471 3634 cmethonales,
498 3545 693 3636 dequibus
720 3546 816 3616 varie
843 3545 991 3616 solvitur
1018 3545 1151 3616 decima
1178 3543 1422 3633 manipularis,
1450 3564 1528 3614 nam
1547 3565 1589 3614 ex
1609 3543 1781 3633 aliquibus

227 3674 266 3739 et
301 3668 426 3739 maiori
459 3666 665 3756 medietate,
701 3667 849 3738 solvitur
884 3666 1017 3736 decima
1052 3665 1277 3754 manipularis
1305 3671 1340 3734 et
1367 3665 1543 3754 canapalis
1570 3663 1785 3754 episcopatui

228 3789 469 3877 Gracoviensi,
506 3789 602 3860 cuius
638 3789 736 3859 valor
771 3788 816 3858 ad
853 3787 939 3858 (1666
975 3806 1127 3874 marcas,
1164 3785 1207 3855 de
1243 3785 1368 3856 minori
1399 3807 1482 3856 vero
1510 3791 1610 3874 parte
1638 3784 1784 3856 solvitur

226 3911 396 4014 ecclesiae
422 3911 459 3980 in
485 3909 838 3998 Skarzeschow,
869 3913 905 3979 et
933 3907 1029 3979 valor
1056 3907 1129 3978 eius
1157 3906 1202 3977 ad
1228 3926 1335 3977 unam
1361 3926 1437 3976 cum
1465 3905 1608 3978 dimidia
1633 3925 1783 3976 marcam

226 4033 445 4104 aestimatur.
1413 4007 1428 4026 ’

335 4153 612 4240 Damascunow,
640 4150 724 4222 villa
750 4151 815 4222 sub
842 4150 1007 4240 parochia
1034 4149 1077 4220 de
1104 4149 1439 4240 Skarnyeszow
1467 4148 1553 4238 sila,
1581 4148 1677 4219 cuius
1704 4167 1784 4238 pro-

226 4275 363 4366 prietas
390 4274 435 4346 ad
461 4273 709 4344 monasterium
735 4271 1015 4363 Myechouyense
1042 4272 1205 4361 pertinet.
1246 4271 1287 4342 In
1315 4291 1383 4362 qua
1410 4275 1490 4340 sunt
1520 4275 1668 4361 quatuor
1694 4269 1785 4340 lanei

227 4395 482 4483 cmethonales,
509 4395 552 4465 (16
588 4393 713 4484 quibus
739 4393 887 4464 solvitur
915 4398 952 4463 et
978 4392 1184 4464 conducitur
1211 4393 1344 4464 decima
1370 4391 1595 4481 manipularis
1622 4397 1658 4461 et
1684 4411 1786 4461 cana-

226 4517 320 4607 palis
354 4516 519 4614 ecclesias
555 4515 591 4585 in
627 4512 1009 4603 Szlrarzeschow,
1036 4518 1074 4584 et
1104 4513 1205 4584 valor
1231 4514 1305 4584 eius
1332 4513 1537 4584 aestimatur
1565 4512 1609 4583 ad
1637 4516 1785 4602 quatuor

225 4658 373 4710 marcas.
399 4637 486 4708 ltcm
513 4637 563 4708 ibi
588 4656 657 4706 non
684 4641 766 4706 sunt
791 4635 966 4725 tabernae,
994 4655 1058 4704 nec
1083 4635 1310 4724 hortulaniae,
1338 4655 1450 4724 neque
1477 4635 1628 4724 praedia.

334 4759 668 4845 Bosusznnwrczn,
705 4756 788 4827 villa
824 4757 889 4828 sub
924 4755 1089 4846 parochia
1123 4756 1166 4826 de
1202 4755 1536 4826 Skarzeschow
1573 4755 1659 4844 sita,
1688 4754 1784 4824 cuius

228 4880 416 4952 haeredes:
444 4877 777 4969 Grzymoslaus
804 4883 840 4949 et
866 4877 1128 4948 Pakoslaus
1155 4877 1282 4948 fratres
1310 4876 1352 4947 (16
1380 4876 1485 4947 armis
1504 4875 1717 4966 Szgraya.
1744 4875 1785 4945 16

226 5021 303 5092 qua
329 5008 412 5072 sunt
439 5020 562 5071 novem
589 5000 682 5071 lanei
710 4999 954 5088 cmethonales,
980 4998 1024 5068 de
1051 4999 1176 5088 quibus
1204 4998 1350 5068 solvitur
1373 4973 1412 5068 et
1430 4996 1634 5068 conducitur
1652 4996 1785 5067 decima

225 5121 456 5212 manipularis
482 5141 547 5212 pro
574 5121 817 5211 praepositura
843 5120 1123 5192 Sandomiriensi.
1151 5119 1240 5190 Item
1268 5123 1348 5190 sunt
1374 5118 1422 5188 ibi
1450 5117 1538 5188 duae
1556 5117 1785 5208 hortulaniae,

227 5243 321 5316 duae
356 5243 524 5316 tabernae
560 5243 730 5315 habentes
767 5263 888 5333 agros,
917 5242 961 5314 dc
993 5242 1118 5333 quibus
1146 5241 1251 5312 etiam
1278 5239 1469 5312 decimatur
1496 5260 1559 5330 pro
1586 5239 1786 5330 praeposito

231 5364 515 5455 Saudomiriensi,
542 5370 579 5436 et
605 5365 802 5436 valarsius
830 5365 875 5435 ad
901 5370 990 5454 octo,
1018 5364 1204 5455 aliquando
1223 5363 1266 5434 ad
1285 5363 1401 5434 decem
1420 5381 1553 5432 marcas
1572 5361 1785 5431 aestimatur.

225 5487 318 5557 ltem
356 5493 437 5557 sunt
472 5487 521 5558 ibi
549 5486 616 5558 (166
643 5487 786 5576 praedia
811 5487 997 5575 militaria,
1023 5485 1250 5557 Pakoslai
1277 5505 1401 5573 unum,
1430 5483 1472 5553 (16
1500 5503 1567 5572 quo
1589 5463 1786 5553 ⁴decimatur

227 5608 394 5680 ecclesiae
421 5609 458 5678 in
484 5607 825 5699 Skarzescluow,
855 5605 1149 5700 Grzymislai
1176 5605 1278 5696 aliud,
1306 5605 1349 5676 de
1376 5627 1443 5696 quo
1472 5604 1662 5676 decimatur
1680 5603 1787 5676 66616-

229 5730 307 5804 siae
333 5729 749 5821 iuThuchowyecz.
810 5767 813 5774 ·
878 5783 881 5788 .
