4550 6600
1645 701 1721 775 303

179 932 241 1004 qua
264 909 354 981 lanei
382 908 625 999 emethonales,
653 908 696 979 de
724 910 848 999 quibus
876 908 1008 981 decima
1034 931 1098 1001 pro
1112 910 1278 1001 episcopo
1297 908 1540 1000 Oracoviensi3
1567 911 1651 983 item
1670 916 1724 983 est

178 1034 223 1107 ibi
248 1053 349 1105 unum
377 1030 557 1122 praedium
585 1028 755 1121 militare,
783 1030 826 1102 de
853 1031 951 1113 cuius
978 1032 1073 1121 agris
1100 1031 1292 1105 decimatur
1318 1053 1383 1122 pro
1410 1034 1558 1123 plebano
1585 1034 1622 1104 in
1648 1031 1723 1105 Go-

178 1175 350 1243 666666,
378 1138 639 1225 61661666166
667 1152 711 1224 ad
739 1208 747 1223 .
774 1208 781 1222 .
810 1208 817 1223 .
844 1152 1057 1227 aestimatur.

845 1274 1054 1347 Bauszurn.
1622 1370 1626 1380 ¹

272 1395 366 1468 Villa
392 1397 523 1468 habens
551 1397 585 1467 in
606 1417 642 1467 se
661 1396 896 1486 parochialem
923 1397 1113 1486 ecclesiam,
1141 1401 1313 1467 muratam
1340 1397 1529 1488 lapide-in
1556 1380 1723 1473 honorem

179 1518 431 1609 Amunrptionis
458 1518 588 1589 Baetae
616 1517 752 1589 Mariae
778 1518 936 1607 Virginis
964 1518 1127 1609 dicatam,
1156 1519 1255 1589 cuius
1281 1520 1479 1609 proprietas
1506 1519 1551 1591 ad
1577 1519 1723 1591 Eleaza-

179 1660 244 1713 rem
279 1646 314 1711 at
340 1640 521 1711 Nicolaum
557 1638 874 1730 Roschnowpe
910 1639 954 1711 de
990 1640 1095 1711 armis
1130 1638 1426 1731 Griphonurn.
1470 1642 1511 1712 ln
1546 1663 1614 1732 qua
1640 1647 1722 1714 sunt

177 1762 262 1833 lanei
287 1762 539 1851 emethonales,
574 1761 617 1833 de
646 1760 772 1851 quibus
799 1760 991 1851 pecunialis'
1016 1761 1151 1833 decima
1177 1782 1240 1852 per
1259 1816 1374 1833 .....
1401 1762 1445 1834 dc
1473 1763 1627 1853 quolibet
1654 1764 1722 1836 sol·
1785 1785 1791 1796 ’

178 1886 265 1957 61166
290 1904 353 1973 pro
382 1884 544 1973 episcopo
572 1882 814 1972 Cracovi'ensi3
844 1883 935 1958 item
970 1888 1025 1955 est
1052 1884 1101 1954 ibi
1126 1879 1235 1956 unum
1262 1885 1443 1977 praedium
1475 1886 1644 1975 militare,
1680 1885 1724 1959 de

179 2029 239 2097 qno
265 2006 457 2079 decimatur
484 2027 548 2095 pro
576 2005 723 2095 plebano
752 2005 1074 2097 in.Brusznyk.

273 2116 551 2217 Sznuraczrun,
580 2127 663 2228 villa
681 2127 744 2199 sub
764 2128 929 2217 parochia
956 2128 998 2199 do
1025 2127 1273 2219 Brusznplr
1300 2130 1378 2219 sita,
1405 2129 1502 2201 66166
1529 2130 1725 2221 proprietas

180 2251 229 2323 ad·
243 2249 416 2341 praefatos
443 2249 760 2341 Roschnowye
787 2250 950 2341 pertinet.
993 2250 1033 2321 ln
1061 2272 1131 2341 qua
1157 2257 1239 2322 sunt
1274 2251 1366 2323 lanei
1392 2252 1644 2343 cmethouales‚
1682 2252 1725 2323 de

179 2373 294 2465 quibus
328 2372 478 2445 solvitur
509 2371 647 2475 decima
684 2372 875 2462 pecunialis
911 2372 954 2443 de
987 2372 1143 2463 quolibet
1178 2373 1279 2445 laneo
1315 2376 1379 2463 per
1415 2396 1519 2446 unum
1555 2373 1724 2446 fertonem

180 2496 318 2568 latorum
354 2516 576 2585 grossorum,
612 2515 677 2584 pro
704 2494 907 2585 episcopatu
934 2493 1174 2567 Oracovieusi:
1209 2496 1293 2567 item
1329 2518 1398 2569 non
1425 2501 1479 2569 est
1505 2496 1555 2569 ibi
1584 2495 1726 2588 aliquod

180 2617 358 2709 praedium.

274 2739 488 2829 Filemone,
524 2737 608 2810 uilla
634 2739 699 2813 sub
726 2738 846 2811 eadem
874 2740 1041 2831 parochia
1068 2740 1148 2830 sita,
1175 2740 1273 2812 66166
1300 2741 1425 2813 haeres
1451 2740 1655 2815 Marcissius
1682 2742 1726 2813 de

182 2862 587 2953 Wroczimowycze
623 2860 666 2933 de
693 2862 799 2932 armis
834 2859 1138 2953 Polukozycz.
1182 2862 1223 2933 16
1250 2884 1319 2953 qua
1345 2868 1428 2935 sunt
1457 2864 1549 2935 lanei
1575 2865 1727 2936 ematho-

182 2985 278 3074 uales,
303 2983 346 3055 de
377 2984 515 3075 quibus
529 2982 661 3057 decima
688 2982 836 3055 solvitur
861 2983 1087 3075 manipularis
1115 2990 1151 3056 61
1177 2986 1354 3075 6666116116
1381 3007 1445 3075 pro
1463 2986 1624 3075 episcopo
1643 2985 1728 3057 Gra-

183 3107 332 3196 eoviensi,
360 3106 458 3177 cuius
486 3106 584 3179 valor
610 3106 654 3177 ad
674 3160 951 3176 ...........
977 3126 1113 3177 marcas
1141 3106 1365 3196 aestimatur,
1392 3108 1476 3179 item
1501 3107 1552 3179 ibi
1578 3128 1646 3179 uon
1674 3112 1728 3178 est

182 3229 348 3319 praedium
380 3228 537 3321 aliquod,
574 3228 636 3301 sed
664 3233 718 3300 661
744 3228 904 3301 666116116
930 3228 1062 3301 habeus
1090 3249 1195 3320 agros
1221 3230 1401 3322 proprios,
1437 3228 1481 3303 de
1508 3229 1632 3322 quibus
1659 3230 1727 3302 sol-

183 3353 267 3422 vitur
292 3357 327 3423 61
353 3351 559 3424 conducitur
586 3373 650 3443 pro
678 3351 826 3442 plebano
853 3350 987 3422 decima
1005 3405 1121 3422 .....

848 3471 1070 3545 06666666.
1640 3564 1644 3570 ¹

277 3595 374 3667 Villa
399 3596 530 3668 habens
557 3596 592 3666 in
621 3616 657 3667 so
685 3595 864 3667 ecclesiam
891 3595 1135 3686 parochialem,
1162 3594 1270 3666 Sanct
1288 3650 1402 3666 .....
1430 3596 1594 3686 dicatam,
1630 3597 1728 3669 cuius

184 3719 369 3810 proprietas
398 3719 442 3790 ad
468 3717 820 3809 Koczanouslry
848 3717 890 3789 dc
917 3717 1023 3789 armis
1043 3771 1158 3787 .....
1186 3717 1347 3807 pertinet.
1374 3719 1415 3788 lu
1442 3740 1512 3808 qua
1537 3726 1618 3790 sunt
1635 3719 1728 3790 lanei

187 3841 428 3930 66611666166,
464 3840 507 3912 de
535 3839 660 3932 quibus
687 3839 833 3911 solvitur
860 3845 896 3911 61
923 3839 1126 3911 conducitur
1154 3839 1287 3910 decima
1313 3839 1539 3928 manipularis
1566 3845 1602 3910 61
1628 3862 1730 3912 cana-

186 3962 265 4050 palis
291 3985 353 4052 pro
381 3963 532 4053 capitulo
559 3962 789 4053 cracoviensi,
816 3962 913 4034 cuius
932 3962 1031 4034 valor
1057 3961 1101 4034 ad
1129 3959 1320 4034 octodecim
1346 3983 1488 4052 grossos
1515 3964 1729 4052 aestimatum

186 4083 260 4154 item
286 4092 339 4156 est
367 4085 416 4156 ibi
444 4084 625 4175 praedium
652 4084 812 4174 militare,
839 4083 882 4156 de
902 4084 998 4178 cuius
1025 4084 1120 4174 agris
1148 4083 1296 4156 solvitur
1313 4089 1349 4154 et
1367 4083 1571 4156 conducitur
1597 4085 1730 4156 decima

186 4207 402 4297 manipularis
429 4228 493 4296 pro
522 4227 583 4277 suo
612 4205 759 4296 plebano
786 4207 821 4277 in
849 4205 1110 4297 Olschowa‚
1138 4211 1175 4278 61
1202 4206 1301 4278 66166
1327 4206 1402 4278 6166
1429 4207 1632 4278 aestimatur
1651 4262 1658 4277 .
1677 4263 1684 4276 .
1705 4192 1740 4277 s
1858 4243 1866 4258 x

281 4327 596 4419 Pnusscunrozn,
637 4328 717 4400 villa
745 4328 808 4400 sub
836 4327 957 4400 eadcrn
984 4327 1151 4418 parochia
1177 4326 1220 4399 de
1247 4326 1493 4400 Olsohowa
1519 4328 1605 4418 sita,
1632 4329 1730 4400 cuius

187 4449 372 4540 proprietas
400 4449 443 4521 ad
471 4471 587 4540 regern
615 4450 777 4540 perlinat.
804 4449 845 4520 In
864 4455 1033 4540 quaeunt
1058 4449 1151 4522 16661
1177 4449 1420 4540 cmetlrouales,
1447 4450 1490 4521 de
1517 4450 1643 4540 quibus
1661 4450 1730 4521 sol-

188 4569 272 4640 uitur
296 4577 340 4646 et¹
358 4572 562 4644 conducitur
589 4572 723 4644 decima
740 4571 966 4662 manipularis
993 4593 1057 4662 pro
1076 4572 1238 4663 episeopo
1257 4569 1489 4662 Oracoviensi,
1516 4572 1614 4644 cuius
1633 4571 1730 4643 valor

189 4693 382 4766 aestimatur
408 4694 451 4766 ad
471 4749 478 4764 .
498 4747 507 4764 .
524 4719 560 4783 .;
587 4694 671 4766 itern
698 4693 747 4766 ibi
775 4693 906 4766 nullum
933 4699 988 4766 ost
1015 4693 1204 4784 praedium.

281 4814 494 4907 16666666,
520 4816 605 4887 villa
630 4816 694 4888 sub
722 4815 889 4907 parochia
915 4814 958 4888 da
986 4814 1232 4888 Olschona
1257 4815 1334 4887 sita.
1365 4815 1406 4886 In
1434 4835 1503 4906 qua
1528 4819 1612 4887 aunt
1637 4812 1752 4888 lanei·

159 5008 163 5016 ,
190 4935 422 5028 emethonales,
450 4937 637 5029 dequibus
664 4937 812 5010 solvitur
838 4937 971 5010 decima
997 4958 1061 5027 pro
1080 4936 1242 5028 episeopo
1260 4933 1491 5027 Oracoricnai,
1518 4936 1616 5008 cuius
1633 4935 1731 5009 valor

190 5054 230 5126 ad
248 5109 358 5128 .....
384 5079 519 5164 marcas
547 5033 763 5149 aestimatum
791 5059 875 5132 item
902 5058 952 5133 ibi
979 5059 1112 5132 nullum
1140 5063 1194 5131 est
1220 5057 1411 5150 praedium
1786 5143 1790 5150 ¹

283 5179 530 5274 Dzaazauum,
556 5181 641 5256 villa
666 5183 731 5256 sub
758 5182 878 5256 eadem
904 5181 1070 5274 parochia
1096 5182 1174 5273 6116,
1201 5181 1299 5254 cidus
1321 5180 1519 5272 proprietas
1536 5180 1582 5252 ad
1599 5179 1732 5270 regiam

190 5300 393 5376 6616616166
419 5305 579 5397 pertinet.
605 5305 647 5378 In
664 5325 734 5397 qua
751 5309 832 5379 6661
848 5305 942 5378 16661
960 5279 1219 5395 emathonelos‚⁸
1239 5303 1282 5376 de
1308 5303 1433 5395 quibus
1459 5303 1630 5375 decima...
1656 5301 1729 5392 ple-

191 5417 272 5496 bano
297 5425 332 5498 in
359 5425 608 5520 Melsthin3
645 5431 728 5502 item
755 5433 809 5502 661
835 5429 885 5502 ibi
911 5449 1017 5501 uuum
1043 5426 1225 5520 praedium
1252 5426 1417 5516 militare,
1442 5425 1487 5497 de
1513 5425 1612 5513 66166
1637 5423 1731 5514 agris

192 5541 372 5621 decimatur
406 5572 470 5642 pro
497 5551 618 5626 eodem
653 5552 803 5644 plebano
838 5552 874 5624 in
902 5550 1150 5641 Melsthin,
1187 5554 1223 5622 et
1249 5549 1347 5622 66166
1381 5547 1492 5644 ipsius
1528 5547 1732 5624 aestimatur

193 5665 232 5738 ad
248 5722 384 5742 ......
