4550 6600
378 2209 1099 2374 ¹llRllHllllllOllNhTUS
1130 2237 1672 2375 cnacovlnuffls

304 2990 309 2997 ,
537 3004 539 3009 4
599 2916 653 3001 s
775 2913 1054 2985 rehidiaconatus
1081 2913 1322 2988 cracoviensis
1349 2937 1494 3007 magnus
1518 2924 1556 2990 et
1581 2920 1742 3009 diffusus,
1769 2928 1808 2994 et
1963 3000 1972 3014 ,

330 3004 367 3093 «f
488 3070 496 3101 ‚⁴
532 3004 598 3115 ς’
775 3035 832 3105 vix
868 3034 1004 3104 babens·
1035 3036 1070 3104 iu
1097 3035 1257 3124 pluribus
1292 3037 1509 3109 dioecesibus
1534 3060 1673 3129 parem,
1709 3014 1843 3132 quin?
1910 3110 1914 3115 .

362 3232 386 3249 ,1
449 3218 452 3227 ,
500 3216 510 3247 ,
561 3164 566 3201 ²
659 3140 688 3205 κ’
773 3161 894 3244 gentas
926 3155 1088 3226 ecclesias
1125 3159 1344 3246 parochiales
1378 3161 1605 3250 etamplius,
1643 3163 1707 3233 sub
1744 3183 1809 3234 sna
1870 3149 1881 3165 “

337 3260 381 3291 *¹
444 3317 447 3320 -
579 3299 582 3324 ι
773 3275 973 3349 visitatione
1000 3283 1036 3349 et
1061 3278 1230 3369 regimine
1258 3281 1294 3351 in
1314 3300 1351 3351 se
1378 3282 1592 3371 continebat;
1619 3305 1683 3355 nec
1708 3290 1809 3374 pote-

307 3387 325 3436 ³¹
730 3483 731 3488 Ἰ
772 3404 854 3469 rant
892 3398 1128 3470 archidiaconi
1168 3421 1232 3490 pro
1276 3406 1434 3491 tempore
1468 3405 1676 3494 existentes,
1720 3406 1811 3476 mole

724 3501 735 3544 ,·
773 3522 871 3590 tauta
906 3522 1043 3610 gravati
1078 3527 1114 3591 et
1150 3524 1283 3612 onusti,
1325 3523 1421 3593 illum
1455 3529 1493 3593 et
1527 3526 1602 3595 eius
1637 3524 1814 3632 plebanos,

773 3645 894 3730 totque
925 3641 1087 3712 ecclesias
1123 3648 1161 3712 et
1185 3643 1416 3732 parochianos
1451 3644 1606 3734 legitime
1631 3651 1668 3715 et
1694 3644 1811 3716 debite

302 3843 313 3866 Γ
747 3778 906 3858 curare.
933 3758 1040 3847 Quem
1068 3759 1239 3831 deiectum
1265 3760 1436 3849 Sbigneus
1463 3769 1603 3833 sanctae
1628 3765 1813 3833 memoriae

322 3883 438 3958 Η
474 3929 501 3964 a
514 3931 540 3998 f
560 3893 581 3980 'r
668 3907 685 3974 ›,
773 3880 867 3949 tituli
894 3878 1041 3950 Sanctae
1073 3878 1233 3970 Priscae,
1268 3879 1416 3950 Sanctae
1442 3879 1620 3951 Romanae
1646 3882 1813 3952 ecclesiae

316 4039 324 4050 κ
390 4005 453 4070 ιι
487 4011 534 4056 *³
552 4061 577 4090 Ὗ
641 4007 643 4010 ’
774 4000 966 4091 presbyter,
991 3999 1178 4071 cardinalis
1196 4006 1234 4071 et
1252 4000 1434 4091 episcopus
1452 3999 1710 4093 Gracoviensis,
1736 4008 1814 4073 tau·

338 4107 341 4114 *
775 4140 876 4211 quam
886 4121 1043 4192 oculatus
1057 4127 1094 4193 et
1106 4120 1396 4211 prudentissimus
1410 4120 1575 4213 pontifex,
1586 4123 1814 4214 perpendens,

704 4322 709 4347 1
773 4241 932 4312 etillum
959 4242 1200 4333 suppleturus,
1230 4240 1374 4313 fundata
1403 4242 1607 4316 ecclesiaS.
1633 4242 1814 4335 Margare-

774 4362 910 4435 thaam
930 4362 1043 4466 Nova
1069 4362 1304 4435 Sandecza
1322 4364 1364 4434 D.
1387 4367 1484 4436 1447
1496 4365 1814 4437 archidiaconatum

260 4431 548 4551 Sandeceusem
538 4502 575 4551 m
602 4480 662 4552 illa
688 4486 793 4571 creat,
820 4487 856 4553 et
881 4502 1040 4572 magnam
1076 4489 1214 4574 partem
1240 4462 1479 4555 ecclesiarum
1489 4466 1750 4574 parochialium
1758 4476 1813 4555 ad

260 4600 520 4672 archidiacones
504 4607 578 4672 tum
614 4600 878 4675 cracoviensem
914 4604 1028 4695 prisco
1064 4610 1221 4696 tempore
1256 4606 1525 4696 pertinentium,
1560 4606 1645 4676 item
1672 4611 1808 4693 partem

260 4723 520 4814 praepositurae
548 4722 776 4796 Wisliciensis
802 4724 854 4795 illi
881 4726 1007 4797 subicit
1026 4730 1062 4796 et
1079 4726 1247 4816 adiungit.
1274 4726 1378 4797 Ultra
1404 4732 1521 4797 autem
1548 4726 1626 4795 illas
1644 4716 1807 4795 ecclesias
1856 4812 1861 4820 Ι

260 4843 467 4916 Sandecensi
503 4842 798 4917 archidiaconatui
833 4846 1025 4936 subiectas,
1051 4852 1088 4917 et
1115 4848 1161 4919 ab
1189 4845 1474 4917 archidiaconatu
1500 4844 1722 4916 cracoviensi
1749 4844 1810 4915 ab·

261 4970 420 5056 stractas,
447 4970 543 5036 extat
569 4965 681 5037 adhuc
708 4987 777 5039 non
803 4968 918 5039 tenuis
944 4988 1107 5039 numerus
1127 4966 1350 5039 ecclesiarum
1376 4965 1636 5056 parochialium,
1663 4965 1699 5033 in
1727 4984 1811 5035 cura

261 5086 560 5186 archidiaconatus
587 5086 826 5160 Cracoviensis
853 5088 1004 5180 relictus,
1032 5108 1177 5179 quarum
1203 5088 1357 5177 regimen
1384 5094 1421 5157 et
1447 5086 1582 5157 curatio
1614 5084 1813 5175 quemlibet,

261 5209 367 5280 etiam
394 5206 594 5298 diligentem
614 5208 894 5281 archidiaconum
912 5210 1043 5299 poterit
1061 5209 1245 5298 exsatiare,
1273 5208 1405 5277 utinam
1431 5227 1500 5276 non
1519 5226 1678 5296 gravare3
1704 5205 1813 5276 eccle·

261 5328 332 5401 siae
359 5334 475 5401 autem
501 5328 726 5421 parochiales,
755 5349 843 5420 quae
870 5330 934 5400 sub
962 5348 1026 5399 sua
1052 5347 1135 5399 cura
1161 5332 1199 5397 et
1224 5326 1427 5398 visitatione
1453 5327 1597 5398 relictae
1624 5332 1714 5416 sunt,
1742 5326 1812 5398 iam

262 5470 283 5521 a
308 5448 409 5522 nobis
435 5449 579 5521 inferius
606 5470 683 5521 cum
709 5468 828 5520 earnm
854 5446 1080 5537 proventibus
1098 5452 1134 5517 et
1151 5446 1353 5519 introitibus
1371 5447 1544 5519 universis
1561 5446 1811 5535 describentur,

261 5570 460 5661 praemissis
495 5570 593 5660 prius
628 5569 854 5661 proventibus
889 5567 1112 5639 ecclesiarum
1148 5568 1424 5659 circumquaque,
1451 5575 1488 5640 et
1522 5570 1559 5639 in
1585 5564 1808 5640 Gracoviensi

264 5692 406 5765 civitate
432 5692 703 5763 consistentium.

369 5857 566 5899 mmm
1328 5884 1334 5895 ,
1611 5829 1629 5887 1
