4550 6600
349 749 353 756 '
479 731 526 811 ll

476 941 660 1015 Janussius
686 938 934 1033 Dlugosoh‚
961 936 997 1012 in
1025 958 1093 1031 qna
1119 942 1201 1013 sunt
1226 941 1306 1012 octo
1332 934 1426 1011 lanei
1452 933 1694 1030 emethonales,
1721 933 1765 1011 de
1791 934 1918 1032 quihus
1945 954 2024 1030 per·

476 1064 597 1153 ceptio
625 1061 776 1133 decimae
811 1062 987 1151 variatur;
1013 1082 1093 1133 nam
1120 1081 1184 1151 pro
1211 1060 1336 1133 maiori
1360 1064 1462 1151 parte
1487 1059 1581 1133 tollit
1606 1080 1685 1133 eam
1711 1058 1912 1150 praebenda
1941 1058 2026 1130 Ora-

474 1182 653 1272 coviensis,
680 1200 768 1271 quae
793 1185 940 1253 vocatur
963 1180 1168 1271 Nazowskn,
1194 1180 1239 1251 de
1264 1180 1334 1252 alia
1358 1200 1442 1252 vero
1468 1180 1654 1252 medietate
1680 1180 1829 1253 solvitur
1854 1179 2021 1253 ecclesiae

474 1301 510 1372 in
536 1301 805 1390 Bodzanow‚
832 1305 869 1372 et
902 1300 1001 1374 valor
1036 1300 1188 1373 decimae
1223 1300 1428 1371 aestimatur
1462 1299 1507 1371 ad
1534 1320 1596 1371 sex
1623 1304 1767 1372 ma'rcaa
1806 1300 1860 1371 De
1886 1299 2021 1371 duobus

474 1421 604 1513 campis
630 1420 830 1511 praebenda
856 1419 1095 1493 cracoviensis
1122 1426 1160 1493 et
1186 1400 1332 1493 ecclesia
1357 1422 1394 1490 in
1420 1420 1677 1493 Bodzanou
1703 1420 1895 1510 aequaliter
1911 1419 2024 1509 perci-

473 1521 581 1631 piunt,
609 1541 652 1612 de
679 1540 785 1613 tertio
812 1554 895 1613 vero
922 1541 996 1613 sola
1022 1539 1222 1631 praebenda
1248 1539 1488 1613 cracoviensis
1513 1540 1682 1631 percipit3
1708 1540 1793 1612 item
1809 1543 1863 1611 est
1880 1539 1930 1611 ihi
1946 1539 2024 1611 nni·

474 1680 551 1733 cum
587 1661 767 1751 praedium
802 1662 977 1751 militare5
999 1660 1042 1733 de
1079 1682 1147 1751 quo
1183 1660 1374 1732 decimatur
1409 1638 1579 1733 eeclesiae*
1599 1662 1636 1731 in
1671 1659 2023 1752 Sanczygnyew.

472 1780 562 1851 item
597 1802 714 1853 omnes
750 1786 900 1873 quatuor
934 1780 1037 1853 villae
1072 1780 1290 1871 parochiales
1326 1780 1503 1853 videlicet:
1530 1779 1889 1871 Sancnygnyew,
1915 1779 2024 1871 Byc-

473 1899 840 1992 drzychowyoze,
858 1899 1262 1992 Oppathkowycze
1288 1900 1553 1993 etlrzykou
1578 1901 1717 1973 solvunt
1733 1900 2023 1972 columbationem

473 2020 638 2093 ecclesiae
665 2022 702 2091 in
728 2020 1080 2114 Sanczygnycw,
1107 2021 1151 2092 de
1178 2020 1332 2111 quolibet
1357 2021 1458 2093 laneo
1484 2042 1591 2093 unnm
1616 2042 1794 2112 grossum3
1819 2021 1906 2093 item
1930 2026 2023 2111 nota

473 2139 566 2231 quod
601 2140 747 2211 ecclesio
781 2141 818 2213 in
853 2141 1195 2234 Sanczygnyew
1228 2139 1375 2213 fundata
1400 2146 1456 2215 est
1479 2141 1719 2233 principaliter
1745 2141 1789 2213 de
1814 2140 1961 2213 ecclesia
1986 2141 2024 2211 in

473 2258 784 2352 Slabosohow‚
806 2266 973 2353 tanquam
1003 2282 1046 2333 ex
1072 2266 1194 2352 matre,
1212 2262 1371 2363 etetiam
1389 2262 1432 2333 de
1449 2261 2024 2352 ecclesiainDzaloschycne,
2139 2330 2144 2335 .

474 2400 539 2477 per
556 2379 699 2451 Petrum
726 2380 1160 2473 Sanczygnyewsky
1185 2388 1269 2454 tuno
1294 2382 1409 2455 deme
1426 2382 1531 2455 villae
1546 2382 1742 2472 haeredem,
1760 2382 1804 2454 de
1822 2382 1924 2455 domo
1942 2380 2022 2453 Ha-

473 2504 647 2571 starnm
673 2521 735 2573 seu
760 2492 1030 2594 Koz'lerogy‚
1057 2508 1095 2574 et
1119 2523 1183 2593 per
1209 2502 1356 2574 eundern
1380 2502 1497 2593 lapide
1523 2503 1602 2575 albo
1628 2504 1665 2575 in
1683 2503 1843 2575 omnihus
1859 2502 2021 2593 partibus

472 2620 554 2711 suis,
579 2621 696 2712 choro,
723 2604 891 2713 sacristia,
918 2642 1062 2712 corpore
1088 2628 1125 2694 et
1151 2623 1243 2694 turri
1267 2621 1445 2713 fabricata
1472 2623 1571 2695 etin
1597 2623 1703 2695 choro
1730 2628 1835 2713 atque
1859 2622 2023 2695 sacristia

471 2740 696 2832 testudinata,
722 2742 787 2814 suh
814 2741 1019 2833 pontificatu
1044 2740 1183 2815 Alberti
1208 2741 1232 2814 J
1241 2742 1586 2839 astrzembyecz
1612 2742 1656 2817 de
1682 2742 1940 2835 thnycza
1958 2763 2023 2834 pro

471 2863 555 2953 tunc
581 2861 734 2953 episcopi
760 2860 1009 2954 Gracoviensis‚
1036 2882 1126 2935 anno
1153 2862 1294 2935 Domini
1320 2864 1422 2935 1400
1450 2917 1459 2935 .
1485 2916 1494 2935 .
1520 2918 1529 2935 .

735 3220 978 3285 hadamarus
1000 3222 1056 3285 Dm
1080 3222 1330 3285 PELGZNIOZA
1350 3222 1468 3287 ALIAS
1489 3224 1764 3287 BLABOSOHOW.

575 3459 849 3555 Sansoscnow,
875 3464 977 3556 villa,
1003 3463 1136 3538 habens
1172 3466 1208 3538 in
1235 3486 1273 3538 se
1299 3467 1533 3557 parochialem
1558 3467 1738 3539 ecclesiam
1764 3465 1891 3540 Sancto
1916 3465 2021 3539 Nico

471 3581 528 3654 lao
555 3581 743 3655 consessori
778 3583 947 3676 dicatam,
974 3586 1070 3658 cuius
1101 3586 1226 3658 haeres
1252 3591 1289 3658 et
1312 3593 1481 3677 patronus
1506 3586 1690 3660 Janussins
1715 3587 1953 3678 Dlngosch
1979 3587 2046 3659 de·

471 3702 770 3795 Nyeschkow‚
796 3705 923 3778 nobilis
950 3697 1121 3778 dedomo
1148 3706 1427 3809 Wyenyawa,
1453 3708 1550 3780 cuius
1567 3709 1736 3799 plebanus
1753 3707 1925 3780 Matthias
1942 3705 2023 3780 Go-

471 3823 675 3916 slawsky
701 3824 745 3896 de
771 3827 877 3898 armis
903 3824 1181 3919 Wyenyawa,
1208 3829 1244 3900 in
1271 3847 1341 3919 qua
1366 3834 1449 3901 sunt
1465 3827 1646 3900 duodecim
1663 3829 1757 3900 lanei
1773 3828 2021 3920 cmethonales,

470 3943 514 4014 de
541 3943 664 4033 quibus
700 3945 847 4016 solvitur
882 3951 919 4016 et
945 3947 1150 4019 conducitur
1176 3948 1309 4020 decima
1333 3949 1560 4039 manipularis
1587 3953 1623 4019 et
1649 3948 1826 4039 canapalis
1852 3948 2022 4020 ecclesiae

471 4067 507 4131 et
533 4062 682 4150 plebano
709 4063 746 4134 in
772 4062 1091 4157 Slahosohow‚
1118 4072 1156 4138 et
1180 4067 1279 4140 valor
1305 4068 1380 4139 eius
1407 4068 1612 4140 aestimatur
1637 4069 1682 4140 ad
1708 4068 1903 4159 quindecim
1928 4089 2021 4140 mar-

471 4199 539 4251 cas.
575 4180 664 4250 Item
690 4181 871 4270 praedium
897 4185 1034 4256 unicum
1061 4185 1213 4258 militare
1240 4191 1296 4258 est
1320 4186 1389 4275 ibi,
1414 4186 1458 4258 de
1485 4207 1554 4277 quo
1580 4188 1729 4260 solvitur
1754 4188 1888 4261 decima
1911 4188 2021 4259 mani-

471 4297 604 4387 pularis
630 4297 734 4369 altari
760 4299 965 4374 Sanctorum
992 4300 1153 4376 Gervasii
1179 4310 1216 4376 et
1241 4303 1417 4376 Prothasii
1451 4307 1489 4376 in
1514 4307 1661 4398 ecclesia
1686 4306 1916 4380 cracoviensi.

574 4417 833 4511 Nrnsonnow,
866 4421 949 4494 villa
983 4423 1047 4496 sub
1074 4425 1240 4515 parochia
1264 4423 1309 4496 de
1335 4423 1634 4499 Slabosc‘how
1660 4427 1746 4519 sita,
1773 4428 1871 4500 ouius
1895 4428 2021 4502 haeres

469 4537 653 4612 damnosius
679 4539 925 4633 Dlugosch
951 4542 988 4612 in
1015 4563 1083 4633 qna
1109 4550 1191 4616 sunt
1216 4551 1295 4616 octo
1321 4543 1413 4617 lanei
1440 4547 1690 4638 cmethonales,
1716 4547 1761 4620 de
1787 4547 1912 4639 quibus
1938 4569 2019 4640 per-

470 4660 584 4750 ceptio
611 4659 763 4731 decimae
789 4661 967 4752 variatur;
993 4683 1074 4734 narn
1099 4684 1164 4754 pro
1190 4665 1315 4736 maiori
1339 4665 1454 4738 media
1478 4671 1580 4756 parte
1603 4668 1698 4740 tollit
1724 4688 1800 4740 eam
1821 4669 2021 4759 praebenda

471 4777 719 4871 (immolensis,
747 4801 835 4871 quae
862 4788 1007 4854 vocatur
1033 4783 1261 4875 Naazowslre,
1287 4784 1331 4856 de
1349 4785 1419 4858 alia
1435 4807 1519 4860 vero
1537 4787 1724 4860 medietate
1744 4788 1893 4861 solvitur
1910 4789 2020 4860 eccle·

470 4898 542 4968 siae
569 4903 605 4970 et
631 4900 780 4990 plebano
816 4901 853 4972 in
879 4901 1155 4990 Bodzanow,
1182 4904 1282 4976 valor
1307 4903 1460 4978 decimae
1486 4908 1690 4979 aestimatur
1715 4909 1761 4980 ad
1786 4929 1848 4982 sen
1873 4929 2019 4981 marcas.

467 5016 521 5089 De
548 5019 683 5092 duobus
710 5022 838 5112 campis
864 5023 1063 5112 praebenda
1080 5023 1318 5098 Oraooriensis
1337 5030 1375 5097 et
1391 5026 1536 5099 ecclesia
1553 5029 1589 5099 in
1608 5028 1700 5100 Bod
1711 5049 1866 5102 zanow
1891 5050 2020 5121 aequa-

468 5137 549 5230 liter
575 5140 790 5232 percipiunt,
816 5141 860 5212 dc
895 5143 1002 5216 tertio
1033 5164 1116 5216 vero
1144 5144 1220 5216 sola
1245 5145 1444 5235 praehenda
1470 5145 1707 5220 cracoviensis
1733 5148 1891 5241 percipit
1930 5150 2020 5225 Item

467 5258 647 5346 praedium
681 5259 819 5334 unicum
858 5263 1009 5336 militare
1044 5269 1099 5336 est
1133 5264 1201 5355 ibi,
1228 5265 1272 5337 de
1307 5283 1376 5357 quo
1412 5265 1603 5340 decimatur
1623 5269 1794 5342 ecelesiae
1820 5270 1857 5342 in
1883 5268 2018 5343 Szan-

468 5394 722 5468 czygnyew.
2005 5443 2007 5447 .

569 5495 876 5591 Duodecimum,
890 5502 974 5576 villa
990 5503 1055 5576 sub
1072 5505 1238 5594 parochia
1255 5505 1421 5580 ecclesiae
1439 5506 1482 5581 de
1500 5506 1644 5581 Slawo
1655 5509 1805 5584 schow
1826 5511 1904 5604 sita,
1917 5514 2015 5588 onius

466 5613 634 5686 haeredes
648 5614 772 5690 Petrus
786 5625 822 5690 et
838 5619 991 5694 lacobus
1008 5621 1347 5718 Pyetuchowye
1372 5626 1417 5698 de
1434 5626 1774 5726 Yelithonihus,
1792 5632 1828 5702 in
1846 5651 1916 5728 qua
1933 5605 2017 5708 sunt
