4550 6600
521 776 594 883 aas

520 985 724 1078 aestimatur
759 978 803 1053 ad
839 1000 899 1053 sex
932 998 1083 1073 marcas,
1110 984 1252 1072 praeter
1277 1000 1384 1052 unum
1409 976 1548 1054 laneum
1575 978 1769 1053 emetbonis
1795 979 1879 1054 dicti
1905 978 2049 1077 Dryad

521 1106 579 1199 qni
606 1094 778 1196 quondam
805 1108 883 1176 erat
917 1102 1124 1195 praedialis,
1152 1102 1194 1175 de
1223 1123 1290 1195 quo
1318 1102 1466 1177 solvitur
1493 1101 1626 1176 decima
1652 1102 1878 1197 manipularis
1905 1088 2048 1178 ecclesiae
2126 1137 2127 1140 κ

519 1227 555 1298 in
582 1224 812 1299 Gozlicze.

561 1362 564 1371 ’
623 1325 840 1438 Suarrnow,
866 1344 950 1417 villa
975 1346 1040 1417 suh
1067 1345 1233 1437 parocbia
1259 1345 1302 1417 de
1329 1342 1550 1419 Gozlicze
1578 1347 1657 1439 situ,
1684 1346 1782 1419 cuins
1807 1346 1933 1418 haeres
1957 1345 2050 1422 Lucas
2126 1343 2127 1436 f

520 1467 843 1558 Lowiniczsky
879 1466 922 1539 de
948 1466 1283 1558 Bippennibua
1321 1466 1362 1537 Iu
1391 1485 1459 1559 qua
1485 1473 1567 1540 sunt
1592 1468 1685 1539 lanei
1710 1466 1961 1558 emethonales,
1984 1468 2052 1540 item

518 1591 695 1681 tabernae,
722 1590 805 1661 item
831 1588 1059 1680 hortulaniae,
1088 1588 1131 1660 de
1159 1588 1290 1680 quibua
1311 1589 1470 1662 omnibus
1497 1590 1648 1662 solvitur
1665 1594 1701 1661 et
1718 1589 1925 1662 conducitur
1941 1588 2053 1661 decima

519 1710 745 1803 manipularis
772 1716 808 1783 et
835 1710 1010 1801 canapalis
1036 1730 1100 1801 pro
1128 1710 1331 1801 episcopatu
1357 1708 1589 1803 cracoviensi,
1607 1716 1644 1783 et
1661 1711 1760 1784 valor
1777 1711 1851 1782 eius
1871 1708 2053 1782 aestimatur

454 1832 458 1841 '
519 1832 564 1904 ad
591 1888 598 1903 .
626 1887 634 1903 .
662 1830 784 1903 ‚Item
811 1830 861 1904 ibi
887 1852 956 1903 non
983 1836 1037 1902 est
1064 1828 1253 1921 praedium.

623 1952 753 2025 Suana
779 1958 938 2045 utraque,
964 1948 1127 2025 videlicet
1152 1953 1301 2025 maior
1327 1957 1364 2024 et
1391 1952 1558 2044 minor,
1585 1954 1649 2025 sub
1675 1952 1843 2045 parochia
1870 1946 2053 2025 delirae
2126 2023 2127 2026 r

491 2075 803 2167 ,gorzouicze
839 2074 925 2164 sita,
962 2092 1107 2164 quarum
1142 2072 1267 2145 haeres
1301 2072 1482 2147 lohannes
1515 2072 1864 2167 R'ythwyensky
1900 2073 2053 2164 palatinus

520 2195 760 2268 Oracoriensis
787 2194 830 2265 de
856 2194 962 2265 armis
990 2192 1051 2265 Ac
1064 2193 1296 2285 cipitrum.
1337 2192 1379 2265 In
1415 2194 1541 2285 quibus
1577 2200 1658 2267 suut
1685 2194 1753 2267 duo
1779 2181 1926 2286 praedia
1950 2199 1984 2265 ei
2005 2214 2053 2265 ser
2098 2171 2127 2234 Γ

519 2318 612 2389 lanei
638 2314 880 2407 emetbonales,
907 2316 990 2386 item
1016 2316 1194 2407 tabernae,
1221 2316 1305 2387 item
1331 2315 1567 2407 hortulaniae,
1594 2315 1638 2388 de
1665 2316 1790 2408 quibus
1817 2314 1977 2388 omnibus
1999 2315 2054 2386 sol-

520 2580 604 2651 cze,
632 2564 669 2631 et
694 2558 793 2631 valor
819 2558 895 2629 eius
922 2557 1127 2629 aestimatur
1153 2557 1199 2629 ad
1226 2613 1234 2629 .
1261 2613 1270 2628 .
1297 2613 1305 2629 .
1414 2620 1421 2627 .

622 2673 810 2771 Wnocrru,
845 2678 931 2751 villa
964 2680 1028 2751 sub
1064 2678 1231 2771 parocbia
1263 2679 1306 2751 de
1342 2681 1546 2772 antiqua
1578 2678 1701 2771 Slup
1716 2680 1803 2770 sita,
1830 2680 1934 2752 cuins·
1953 2678 2054 2750 haema

519 2802 679 2875 Andreas
705 2800 976 2893 Misszopad
1004 2800 1047 2872 de
1075 2801 1182 2872 armis
1209 2806 1246 2872 et
1271 2800 1403 2873 familia
1429 2800 1695 2893 cygnorum.
1720 2800 1762 2873 In
1789 2818 1858 2892 qua
1884 2798 2054 2873 suntlanei

519 2922 760 3016 emethonales,
787 2924 872 2995 item
897 2922 1073 3014 tabernae,
1099 2923 1183 2994 item
1209 2922 1440 3015 boriulauiae,
1467 2924 1552 2995 item
1577 2944 1685 2995 unum
1711 2921 1895 3014 praedium
1912 2922 2054 3009 militare,

386 3070 388 3078 ⁴
519 3046 562 3117 de
589 3044 714 3137 quibus
750 3045 908 3117 omnibus
944 3043 1092 3116 soluitur
1127 3049 1170 3115 et·
1191 3044 1396 3116 conducitur
1421 3044 1555 3116 decima
1580 3044 1808 3135 manipularis
1835 3048 1879 3115 et·
1900 3040 2054 3134 canapolls

519 3188 583 3257 pro
610 3166 755 3239 ecclesia
781 3166 816 3237 in
844 3162 1072 3257 G'ozlicze,
1099 3170 1135 3237 et
1160 3165 1260 3237 valor
1285 3167 1360 3238 eius
1387 3166 1593 3239 aestimatur
1618 3166 1663 3237 ad
1691 3221 1699 3237 .
1726 3221 1734 3237 .
1763 3220 1770 3236 .

623 3288 737 3362 Villae
771 3287 1007 3378 parochiales:
1043 3283 1281 3381 Gozlicze,
1318 3286 1557 3380 Zakrzou,
1593 3284 1835 3379 Panchow,
1866 3282 2052 3359 Pancho

521 3429 678 3503 wyecz,
705 3409 956 3502 Krobycze,
983 3407 1234 3502 Snyelrozy,
1260 3409 1653 3502 Adamezowycze,
1678 3407 2056 3499 Praibislawicze,

518 3531 770 3624 D'zywkow,
797 3528 1008 3624 Ossolyn,
1034 3529 1360 3624 Wangyercze‚
1386 3528 1795 3622 Krzeczkowyeze,
1820 3527 2055 3602 Naczl'awi·

520 3675 614 3747 eze,
656 3649 1000 3746 Krobyelycze,
1040 3651 1333 3744 Ililrouicze,
1372 3651 1555 3744 Zulrow,
1590 3651 1908 3743 St'rnadlicre,
1944 3647 2055 3739 lugo

520 3777 679 3868 schow,
708 3773 1009 3869 il'olumhyou,
1036 3771 1485 3867 Z'dano‘u,Vrz'azou,
1504 3772 1684 3866 hi'pnpli
1710 3771 2055 3865 maiembhalryn,

520 3898 799 3992 Slyepthow,
825 3898 1110 3990 Lowinycza,
1136 3895 1454 3989 Ilowyniczlra¹
1473 3893 1643 3987 Wolya.

1137 3995 1140 4004 ’
1177 4015 1422 4090 Gnrczanoru

624 4134 720 4220 Villa
754 4139 889 4212 habens
921 4139 958 4210 in
993 4155 1031 4210 se
1065 4140 1301 4231 parochialem
1335 4137 1516 4212 ecclesiam
1552 4135 1723 4228 ligneam,
1750 4133 1900 4209 dicatam
1927 4135 2056 4210 Sanctae

463 4287 467 4308 ·
519 4261 727 4337 catherinae
755 4267 792 4334 et
817 4259 943 4334 Sancto
970 4259 1154 4353 Stanislao,
1182 4261 1280 4333 cuius
1306 4265 1422 4334 rector
1448 4265 1485 4332 et
1510 4259 1680 4351 plebanus
1706 4263 1764 4330 est
1785 4257 1903 4330 Simon
1929 4257 2054 4350 preshy-

518 4390 592 4477 ter,
619 4384 716 4456 cuius
752 4382 950 4475 proprietas
977 4402 1054 4453 cnm
1082 4381 1175 4454 omni
1201 4382 1297 4473 iure,
1324 4367 1378 4453 ad¹
1395 4380 1645 4453 monasterium
1671 4380 1707 4450 in
1734 4377 1912 4451 Buszko
1940 4376 2054 4450 ordinis

518 4504 909 4598 praemonstratensium
945 4505 1107 4594 pertinet.
1148 4503 1197 4575 Et
1231 4503 1314 4575 lieet
1348 4501 1432 4575 villa
1465 4501 1647 4594 praedicta
1678 4500 1723 4572 ad
1758 4497 2054 4572 monasterinmin

518 4627 914 4721 Grzyzanowycze
955 4607 1109 4697 eiusdem
1150 4625 1301 4716 ordinis,
1336 4644 1385 4696 ex·
1415 4623 1582 4715 primaria
1617 4621 1820 4694 fundatione
1855 4617 2054 4712 pertinuerit

519 4751 612 4822 circa
638 4749 903 4822 translationem
938 4752 1054 4818 tamen
1082 4747 1415 4836 sanctimonialium,
1441 4745 1542 4816 unita
1567 4750 1603 4816 et
1629 4745 1851 4836 incorporata
1877 4748 1932 4814 est
1956 4757 2056 4812 mons·

519 4873 626 4946 sterio
661 4873 697 4943 in
733 4858 939 4943 B‘nszlro
964 4868 1005 4940 In
1041 4887 1110 4961 qua
1146 4875 1229 4940 sunt
1263 4867 1444 4939 duodecim
1479 4866 1572 4937 lanei
1599 4865 1851 4955 emetbonales,
1878 4863 1921 4935 de
1949 4861 2054 4955 qnibm

517 4995 676 5067 omnibus
703 4993 849 5065 solvitur
876 4997 912 5063 et
938 4991 1143 5064 conducitur
1169 4990 1304 5062 decima
1328 4988 1556 5080 manipularis
1582 4990 1619 5059 et
1645 4985 1822 5079 canapalis
1847 5005 1912 5077 pro
1939 4984 2054 5075 episco-

519 5121 602 5208 patu
629 5113 859 5205 Gracomensi,
887 5119 927 5184 et'
950 5112 1049 5184 valor
1075 5113 1150 5184 eius
1177 5111 1384 5182 aestimatur
1410 5109 1465 5181 ad·
1482 5107 1662 5180 duodecim
1689 5127 1833 5180 marcas.
1858 5101 2054 5200 ltemest‘in

518 5238 639 5310 eadem
665 5237 748 5310 villa
773 5235 952 5327 praedium
981 5233 1191 5323 coenobiale,
1217 5232 1261 5304 de
1288 5232 1386 5304 cuius
1413 5231 1507 5323 agrb
1534 5229 1690 5303 soluitur·
1700 5229 1833 5302 decima
1848 5223 2053 5319 manipularis

518 5379 583 5450 pro
610 5359 755 5430 ecclesia
781 5363 825 5429 et·
844 5355 992 5448 plebano
1019 5357 1054 5425 in
1081 5353 1366 5446 Clyczanow.
1396 5353 1486 5425 Item
1513 5358 1569 5424 est
1594 5351 1645 5424 ibi
1671 5367 1748 5422 una·
1767 5351 1915 5422 taberna
1940 5348 2054 5419 habens

520 5499 640 5571 agros,
666 5479 710 5552 de
743 5481 841 5552 cuins
877 5479 971 5570 agris
1007 5476 1165 5548 soluitur·
1193 5477 1327 5547 decima
1352 5473 1579 5566 manipularis
1606 5472 1773 5544 ecclesiae
1799 5478 1839 5543 et
1860 5471 2003 5562 plebano
2025 5465 2061 5534 in·

521 5599 802 5690 Ol'yczanow.
828 5599 917 5672 Item
944 5599 1112 5691 plebanus
1139 5598 1247 5671 habet
1272 5598 1433 5688 proprios
1461 5614 1574 5688 agros,
1601 5595 1739 5666 intres
1767 5611 1905 5684 campos
1932 5590 2053 5673 uriam

521 5721 673 5792 iacentes
700 5741 799 5794 secus
816 5721 945 5792 limites
963 5719 1123 5793 villarum
1142 5717 1438 5807 Tillrowicne,
1457 5715 1789 5806 bhyedzigorze
1816 5709 2055 5786 ethuadon·

385 2478 388 2487 ·
519 2437 614 2510 vitun
640 2442 676 2509 et
701 2436 906 2508 conducitur
932 2434 1065 2507 decima
1091 2436 1316 2528 manipularis
1343 2442 1379 2509 et
1404 2436 1581 2529 canapalls
1607 2457 1673 2528 pro
1699 2436 1845 2509 ecclesia
1867 2436 1906 2508 in
1925 2429 2054 2508 Goali-
2126 2435 2127 2444 ’
