4550 6600
1757 750 1828 823 149

275 956 372 1031 lanei
399 956 649 1048 cmethonales,
684 958 768 1029 item
795 976 866 1028 una
890 955 1036 1029 taberna
1069 956 1203 1028 habens
1229 975 1349 1046 agros,
1385 955 1471 1027 item
1505 955 1685 1047 praedium
1711 976 1831 1050 unum,

276 1079 322 1151 de
349 1078 475 1170 quibus
502 1078 659 1150 omnibus
686 1077 877 1151 decimatur
902 1099 967 1169 pro
993 1078 1193 1168 praebenda
1218 1076 1440 1150 Oracoriensi
1467 1074 1674 1150 Goreczska.
1754 1090 1759 1110 ¹

918 1198 1195 1270 Pnzuunuuorr.
1780 1178 1785 1185 ’

384 1320 480 1392 Villa
505 1320 604 1391 iuxta
624 1318 765 1391 fluvium
792 1319 928 1391 Visla
954 1320 1032 1411 sita,
1060 1320 1158 1391 cuius
1175 1319 1371 1410 proprietas
1389 1320 1435 1391 ad
1452 1321 1709 1395 serenissimum
1726 1322 1829 1410 Polo-

279 1444 360 1517 niae
388 1460 507 1531 regem
541 1441 710 1531 pertinet,
737 1460 758 1511 a
785 1460 853 1531 qua
879 1440 982 1513 etiam
1018 1461 1088 1511 non
1122 1445 1255 1512 remote
1272 1455 1274 1458 ·
1290 1442 1400 1512 currit
1434 1441 1558 1513 fluvius
1584 1442 1829 1534 Nidzicza,

278 1564 340 1655 qui
365 1568 496 1635 terram
523 1559 788 1633 Gracoviensem
814 1582 835 1633 a
862 1559 1144 1651 Sandomiriensi,
1170 1567 1207 1632 et
1232 1562 1551 1633 archidiaconatum
1572 1550 1847 1635 Sandomirien-'

279 1706 354 1756 sem
381 1705 403 1755 a
428 1683 670 1774 praepositura
687 1682 887 1755 Visliciensi
914 1681 1144 1771 disterminat,
1171 1686 1292 1773 estque
1319 1683 1419 1753 limes
1437 1688 1473 1753 11
1490 1683 1697 1773 principium
1715 1685 1828 1755 archi-

278 1805 482 1879 diaconatus
509 1802 757 1877 cracoviensis.
783 1804 824 1875 In
852 1823 921 1893 qua
940 1808 993 1873 est
1011 1802 1156 1873 ecclesia
1182 1804 1400 1893 parochialis,
1426 1824 1490 1893 per
1517 1802 1726 1877 Stanislaum
1744 1804 1829 1897 Rey

277 1928 323 1999 de
352 1925 616 2017 Gobilnyky
651 1924 853 1997 canonicum
880 1921 1144 1995 Gracoriensem
1178 1924 1289 1995 latere
1324 1925 1410 1996 satis
1445 1925 1646 1997 notabiliter
1680 1932 1831 2017 murata,

278 2053 317 2119 et
343 2048 379 2133 in
405 2048 573 2119 bonorem
599 2044 747 2117 Sanctae
774 2044 981 2117 Gatberinae
1008 2044 1134 2135 dicata;
1162 2031 1259 2119 cuius
1286 2046 1483 2135 proprietas
1509 2050 1547 2117 et
1573 2044 1761 2117 dominium
1783 2046 1829 2117 ad

216 2214 224 2219 -
278 2168 538 2241 serenissimum
564 2166 730 2239 Poloniae
758 2186 875 2256 regem
901 2166 1062 2257 pertinet.
1089 2166 1130 2237 11
1158 2188 1226 2257 qua
1253 2171 1334 2238 sunt
1359 2166 1451 2237 lanei
1477 2167 1720 2257 cmethonales,
1747 2168 1831 2239 item

276 2289 460 2381 praedium
486 2288 621 2378 regium
647 2308 763 2378 unum,
789 2288 874 2359 item
891 2287 1068 2378 tabernae,
1095 2288 1178 2359 item
1204 2288 1431 2377 hortulaniae,
1459 2288 1646 2379 dequibus
1672 2289 1831 2360 omnibus
1890 2293 1894 2298 '

278 2411 429 2497 solvitur
460 2414 496 2481 et
521 2408 725 2481 conducitur
760 2408 893 2480 decima
919 2408 1145 2499 manipularis
1172 2413 1208 2479 11
1234 2408 1428 2499 canapalis,
1465 2429 1529 2499 pro
1556 2408 1702 2491 ecclesia
1726 2429 1830 2499 paro·

278 2531 386 2603 chiali
419 2530 556 2602 eteius
590 2530 738 2620 plebano
769 2529 811 2601 Ὶ111
848 2528 1193 2620 Przemankow,
1229 2534 1265 2601 et
1299 2529 1398 2601 valor
1433 2529 1508 2601 eins
1544 2529 1748 2601 aestimatur
1784 2530 1830 2601 ad

279 2652 406 2743 viginti
431 2670 575 2723 marcas.
602 2646 691 2721 Item
717 2650 825 2721 habet
851 2649 900 2721 ibi
926 2650 1094 2741 plebanus
1120 2672 1227 2722 unum
1252 2650 1390 2722 laneum
1416 2670 1588 2741 agrorum,
1616 2671 1718 2744 quem
1744 2650 1830 2729 Vle-

279 2774 411 2845 dislaus
439 2770 608 2845 secundus
634 2771 799 2861 Poloniae
827 2790 889 2843 rex
916 2770 1106 2843 donaverat
1132 2771 1307 2863 ecclesiae,
1334 2771 1378 2843 ad
1404 2772 1608 2862 petitionem
1634 2777 1672 2845 et
1696 2772 1830 2843 instan-

281 2896 369 2967 tiam
395 2893 555 2985 magistri
590 2892 814 2982 Sczekne,
851 2896 935 2963 tunc
970 2892 1124 2965 eiusdem
1159 2893 1325 2965 ecclesiae
1361 2893 1519 2983 plebani,
1554 2893 1686 2965 subeo
1713 2898 1830 2965 tamen

279 3036 397 3106 onere,
424 3018 464 3087 ut
489 3034 593 3085 unam
619 3014 761 3085 missam
791 3032 855 3104 pro
883 3012 998 3083 anima
1024 3011 1173 3103 praefati
1198 3013 1369 3085 Vladislai
1395 3013 1489 3103 regis
1515 3017 1552 3085 11
1577 3014 1719 3105 reginae
1745 3034 1829 3087 suae

282 3135 472 3226 Hedwigis,
497 3130 665 3225 plebanus
691 3154 756 3225 pro
782 3138 938 3225 tempore
965 3134 1110 3225 singulis
1137 3134 1339 3224 septimanis
1365 3134 1468 3224 legat.
1687 3216 1691 3227 Ι

228 3355 233 3363 ι
387 3255 535 3329 Wonrs
561 3254 912 3348 Pazumnuuowsun,
938 3254 1023 3328 villa
1048 3255 1112 3328 sub
1140 3255 1306 3347 parochia
1331 3254 1497 3328 ecclesiae
1524 3254 1568 3328 de
1593 3254 1830 3328 Przeman-

279 3381 377 3452 kow
404 3378 490 3469 sita,
526 3378 623 3451 cuius
650 3378 846 3469 proprietas
873 3377 919 3449 ad
946 3377 1203 3450 serenissimum
1229 3376 1394 3448 Poloniae
1430 3397 1548 3467 regem
1583 3378 1744 3468 pertinet
1789 3377 1831 3449 111

279 3521 350 3592 qua
377 3504 460 3572 sunt
487 3503 618 3589 septem
644 3499 736 3570 lanei
763 3499 1006 3589 cmethonales,
1034 3499 1077 3570 de
1105 3499 1230 3589 quibus
1258 3498 1405 3570 11111111
1422 3502 1460 3570 11
1477 3498 1681 3572 conducitur
1699 3498 1832 3569 decima

280 3619 510 3711 manipularis
545 3625 581 3692 et
617 3620 791 3710 cenapolis
812 3641 890 3710 ,pro
918 3620 1064 3692 ecclesia
1098 3620 1134 3690 in
1169 3619 1514 3709 Przemankow,
1552 3624 1589 3691 et
1623 3620 1723 3692 valor
1758 3620 1832 3692 eius

280 3744 486 3818 aestimatur
513 3741 557 3814 ad
584 3746 716 3832 septem
741 3743 886 3814 marcas.

385 3863 530 3954 111111,
565 3863 649 3936 villa
675 3864 739 3936 sub
765 3863 931 3953 parocbia
957 3861 1000 3934 de
1026 3861 1353 3932 Przemankow
1388 3862 1475 3952 sita,
1511 3881 1600 3951 quae
1626 3865 1681 3932 est
1704 3860 1831 3934 fundus

280 3985 448 4058 ecclesiae
483 3983 669 4076 praefatae.
713 3984 754 4056 In
781 4005 852 4074 qua
887 3989 969 4055 sunt
1004 4003 1064 4054 111
1100 3983 1193 4054 lanei
1220 3982 1473 4072 cmethonales,
1507 3982 1552 4053 ad
1578 3983 1830 4072 proprietatem

281 4107 448 4180 ecclesiae
475 4105 701 4197 pertinentes,
728 4109 764 4176 et
791 4104 833 4176 de
860 4105 1016 4196 quolibet
1042 4104 1143 4176 laneo
1166 4104 1313 4176 solvitur
1339 4103 1505 4174 ecclesiae
1531 4102 1569 4174 111
1594 4101 1832 4173 Przeman-

281 4229 379 4300 kow
405 4247 469 4318 per
495 4227 581 4298 duos
609 4226 733 4298 choros
759 4225 868 4297 tritici
895 4231 932 4298 et
957 4245 1021 4317 per
1047 4246 1109 4296 111
1136 4245 1276 4327 avenae,
1303 4229 1340 4296 et
1357 4224 1444 4296 duos
1471 4224 1546 4296 dies
1576 4224 1613 4294 in
1639 4223 1833 4313 septimana
1919 4276 1926 4290 .

281 4348 456 4448 laborant
482 4347 567 4420 item
593 4369 662 4419 non
689 4353 771 4419 sunt
796 4347 847 4418 ibi
872 4347 1048 4436 tabernae,
1075 4367 1145 4418 non
1172 4350 1226 4418 est
1250 4345 1444 4436 praedium,
1471 4366 1542 4416 nou
1568 4349 1652 4416 sunt
1677 4343 1832 4416 hortula-

235 4495 243 4512 ·
281 4472 370 4540 niae.
397 4468 485 4540 Item
512 4473 602 4540 sunt·
618 4469 667 4541 ibi
694 4468 872 4540 11111111
899 4468 960 4538 alii
987 4467 1221 4538 cmethonales
1247 4468 1294 4543 ad
1319 4467 1569 4558 proprietatem
1587 4519 1698 4536 .....
1724 4465 1833 4554 perti-

283 4597 427 4682 nentes,
462 4590 658 4681 dequibus
694 4589 841 4662 solvitur
867 4594 903 4660 et
929 4588 1132 4660 conducitur
1169 4587 1302 4689 decima
1336 4588 1561 4679 manipularis
1596 4592 1633 4660 et
1658 4585 1833 4676 canapalis

282 4735 347 4805 pro
376 4711 521 4784 ecclesia
546 4712 583 4784 111
609 4710 941 4784 Przemankow.
968 4711 1056 4782 Item
1075 4716 1136 4783 -est
1155 4711 1191 4781 in
1209 4710 1330 4781 eadem
1355 4710 1441 4782 villa
1465 4707 1646 4800 praedium
1671 4707 1832 4797 militare,

282 4835 329 4908 de
356 4835 454 4906 cuius
481 4833 576 4923 agris
603 4832 795 4904 decimatur
820 4832 986 4904 ecclesiae
1012 4831 1045 4903 S.
1072 4830 1197 4904 Jacobi
1222 4831 1259 4902 111
1287 4829 1544 4903 (1111111111.
1744 4903 1750 4910 ,

390 4954 717 5044 8111111111111,
743 4953 828 5025 villa
846 4953 909 5026 sub
928 4953 1093 5044 parochia
1111 4953 1154 5024 de
1180 4951 1504 5023 Przemankou
1530 4951 1608 5040 sita,
1636 4950 1735 5021 cuius
1750 4950 1834 5020 bae-

281 5076 423 5149 redes...
450 5074 583 5147 nobiles
610 5073 653 5146 de
680 5074 782 5148 domo
808 5073 991 5164 Prussy.
1017 5073 1058 5144 ln
1077 5093 1147 5164 qua
1163 5078 1246 5144 sunt
1262 5072 1355 5144 lanei
1372 5072 1615 5161 cmethonales,
1642 5071 1834 5160 dequibus

280 5197 432 5269 solvitur
459 5199 496 5267 et
523 5195 726 5267 conducitur
753 5194 886 5267 decima
912 5194 1138 5285 manipularis
1165 5200 1203 5266 et
1228 5193 1403 5284 canapalis
1430 5193 1596 5264 ecclesiae
1624 5198 1660 5264 et
1686 5192 1833 5283 plebano

281 5319 319 5390 111
346 5315 694 5407 Przemaukou,
723 5321 759 5388 et
784 5317 883 5388 valor
909 5316 984 5392 eius
1012 5315 1217 5386 aestimatur
1243 5315 1289 5386 ad
1307 5367 1471 5385 .......

350 5482 356 5492 -
386 5436 683 5528 Mnmuourczu,
710 5437 794 5508 villa
821 5437 885 5510 sub
912 5437 1077 5528 parochia
1104 5435 1147 5507 de
1166 5491 1173 5505 .
1192 5491 1200 5506 .
1219 5491 1227 5505 .
1245 5490 1253 5506 .
1272 5437 1353 5527 sita,
1381 5436 1478 5506 cuius
1504 5433 1673 5506 haeredes
1699 5434 1834 5508 nobiles

209 5603 213 5608 -
281 5557 327 5636 de
354 5556 458 5634 domo
486 5554 659 5655 Strepe.
703 5557 744 5630 In
772 5577 840 5653 qua
865 5562 948 5638 suut
973 5557 1066 5636 lanei
1092 5556 1342 5654 cmethonales,
1369 5556 1453 5628 item
1478 5555 1716 5652 hortulaniae,
1751 5555 1849 5629 item·
