4550 6600
1771 772 1792 847 9

239 1003 297 1058 cnr
332 978 537 1060 Sanctorum
572 983 609 1058 in
645 981 892 1076 Graecula,
924 979 966 1057 de
993 981 1093 1057 laneo
1121 1001 1184 1077 per
1211 1002 1271 1057 sex
1297 1000 1437 1075 grossos
1465 1000 1681 1072 communem
1701 984 1794 1076 jtem
1852 1027 1859 1041 ›

239 1109 417 1200 praedium
446 1115 606 1182 nonest.
1630 1092 1633 1100 ’

242 1353 444 1436 Decimae
478 1354 723 1458 pecuniales
755 1354 969 1434 ecclesiae
1003 1353 1197 1434 Omnium
1220 1353 1472 1433 Sanctorum
1505 1351 1558 1434 dc
1582 1350 1791 1434 Oracovia

733 1491 899 1572 mediae
933 1493 1064 1596 partis
1097 1497 1299 1572 muratae.
1382 1576 1385 1584 ί

345 1712 518 1784 Praesens
544 1711 699 1802 Manus,
727 1712 818 1801 villa,
846 1711 978 1784 habens
1005 1712 1041 1784 in
1069 1733 1107 1786 se
1125 1712 1358 1803 parochialem
1377 1712 1566 1802 ecclesiam,
1585 1712 1663 1803 albo
1680 1712 1795 1804 lapide

241 1855 303 1924 per
330 1833 638 1924 Spiczmerum
667 1833 889 1904 castellanum
919 1830 1183 1904 cracoviensem
1210 1834 1253 1903 de
1272 1835 1378 1904 armis
1404 1833 1589 1925 Lelywa
1615 1843 1798 1948 muratam,

239 1960 275 2026 et
301 1954 335 2026 S.
362 1953 571 2026 Catherinae
599 1954 758 2044 dicatam,
786 1954 883 2025 cuius
910 1954 1034 2025 haeres
1062 1952 1263 2043 Spithko
1291 1954 1334 2025 de
1360 1953 1592 2040 Melsthin
1621 1958 1663 2028 de
1691 1961 1797 2033 armis

239 2075 431 2164 Leliwa,
459 2075 496 2145 in
533 2095 601 2164 qua
628 2081 710 2146 sunt
735 2074 827 2145 lanei
855 2075 1108 2164 cmethonales,
1136 2073 1332 2164 dequibus
1360 2074 1508 2146 solvitur
1534 2075 1668 2149 decima
1694 2100 1798 2171 pecu-

240 2195 342 2266 nialis
378 2195 543 2266 ecclesiae
570 2193 732 2266 Omnium
759 2194 964 2266 Sanctorum
991 2195 1030 2266 in
1054 2193 1305 2284 Graecula,
1331 2195 1465 2266 mediae
1492 2198 1603 2285 partis
1630 2175 1823 2292 muratae‘
1906 2171 1918 2183 ’

240 2316 283 2388 de
310 2316 464 2406 quolibet
495 2316 595 2388 laneo
631 2337 694 2405 per
722 2321 799 2386 octo
826 2336 986 2406 grossos3
1023 2317 1105 2387 item
1134 2322 1189 2386 est
1216 2316 1264 2386 ibi
1291 2316 1472 2405 praedium
1504 2307 1609 2388 unum
1635 2320 1797 2411 militare,

241 2438 283 2508 de
311 2439 410 2508 cuius
438 2437 532 2526 agris
559 2437 708 2508 solvitur
735 2437 867 2508 decima
893 2437 1120 2527 manipularis
1147 2437 1312 2508 ecclesiae
1339 2438 1375 2508 in
1401 2435 1618 2530 Pyasselr,
1646 2445 1682 2512 et
1699 2442 1798 2513 valor

221 2558 316 2629 'eius
344 2559 550 2629 aestimatur
577 2557 622 2628 ad
648 2562 720 2628 tres
746 2578 889 2628 marcas.
1411 2631 1414 2634 ⁴

348 2677 551 2767 chnrow‚
579 2677 662 2749 villa
689 2678 752 2749 sub
779 2678 945 2767 parochia
972 2678 1015 2748 de
1040 2677 1206 2768 Magna
1230 2678 1437 2770 Pyassek
1463 2681 1541 2770 sita,
1560 2681 1656 2752 cuim
1673 2683 1797 2756 haeres

243 2798 442 2889 Spithko
470 2799 513 2868 de
539 2797 777 2888 Melsthin,
804 2799 840 2868 in
868 2819 936 2888 qua
963 2805 1045 2870 sunt
1070 2785 1164 2870 lanei
1191 2799 1433 2889 cmethonales
1452 2801 1536 2872 item
1554 2803 1700 2873 taberna
1717 2824 1796 2895 una,

241 2920 374 2994 habens
411 2941 533 3009 agros,
561 2925 596 2989 et
623 2919 665 2990 de
693 2919 849 3009 quolibet
876 2919 1023 2992 solvitur
1050 2921 1215 2991 ecclesiae
1242 2918 1401 2990 Omnium
1428 2920 1636 2993 Sanctorum
1663 2924 1797 2995 mediae

241 3041 353 3130 partis
390 3041 425 3110 in
463 3030 692 3110 ¹(lracovia
728 3061 791 3130 per
826 3045 904 3110 octo
940 3061 1100 3130 grossos3
1128 3041 1210 3111 item
1237 3045 1293 3110 est
1318 3042 1368 3112 ibi
1395 3043 1542 3113 taberna
1567 3065 1647 3133 una,
1665 3045 1797 3117 habens

240 3181 354 3251 agros,
382 3154 489 3232 etad
517 3161 766 3250 proprietatem
794 3160 932 3250 plebani
960 3155 1002 3232 de
1029 3160 1195 3251 Magna
1221 3160 1430 3253 Pyassek
1457 3164 1645 3255 pertinens,
1665 3165 1708 3236 de
1729 3187 1797 3257 qua
1884 3220 1892 3232 .

164 3296 166 3309 '
239 3282 307 3353 sibi
336 3281 519 3353 solvuntur
545 3303 609 3371 pro
638 3263 741 3354 censui
768 3287 841 3355 tres
867 3279 1032 3353 marcae.¹
1176 3273 1189 3301 ⁸

345 3402 476 3475 Domus
503 3402 615 3493 prima
641 3409 788 3493 murata,
815 3404 1023 3497 coemeterio
1050 3402 1084 3473 S.
1110 3402 1288 3475 Francisci
1314 3404 1488 3495 contigua
1514 3406 1550 3477 in
1570 3407 1645 3477 acie
1663 3408 1741 3497 sita,
1761 3414 1797 3479 et

240 3545 305 3615 per
338 3524 533 3596 Jobannem
571 3525 771 3595 canonicum
800 3524 1092 3595 Tharnoviensem
1119 3524 1230 3596 latere
1256 3524 1445 3616 fabricata,
1472 3527 1508 3597 in
1535 3548 1605 3617 qua
1630 3529 1798 3617 plebanus

238 3644 416 3736 praelatae
442 3646 553 3735 partis
580 3651 737 3717 muratae
764 3665 841 3717 cum
868 3646 939 3717 suis
968 3646 1105 3716 vicariis
1133 3651 1169 3715 et
1203 3646 1442 3719 sacerdotibus
1460 3648 1566 3719 habet
1583 3648 1795 3720 domicilium

240 3774 279 3837 et
307 3766 528 3838 mansionem.

350 3886 507 3959 Secunda
534 3887 666 3976 domus,
694 3887 858 3976 contigua
885 3886 996 3957 eidem
1025 3885 1127 3957 aciali
1154 3885 1282 3975 domui,
1308 3885 1344 3955 in
1371 3886 1485 3957 medio
1512 3887 1657 3976 plateae,
1684 3889 1797 3961 eundo

242 4030 367 4101 persus
394 4008 572 4087 ecclesiam
600 4006 760 4079 Omnium
779 4007 993 4096 Sanctorum,
1012 4007 1090 4096 sita,
1109 4007 1213 4077 etiam
1231 4027 1295 4096 per
1318 4007 1462 4079 eundem
1482 4006 1678 4081 Johannem
1697 4030 1799 4081 cano-

240 4132 357 4202 nicum
385 4130 679 4203 Tharnoviensem
707 4134 853 4219 murata,
882 4150 971 4220 quae
998 4128 1168 4199 arendata
1194 4128 1298 4199 solvit
1325 4146 1390 4218 pro
1416 4149 1521 4201 censo
1541 4136 1689 4220 quatuor
1706 4152 1798 4203 mar·
1903 4193 1908 4213 ,

240 4272 301 4323 cas
328 4272 404 4323 cum
431 4248 555 4322 media.

346 4372 465 4444 Tertia
491 4372 621 4462 domus,
649 4372 760 4443 eidem
787 4370 957 4443 secundae
985 4371 1100 4443 domui
1124 4372 1288 4461 contigua
1305 4377 1341 4443 et
1358 4393 1421 4463 per
1439 4373 1585 4445 eundem
1603 4374 1797 4447 Johannem

242 4495 445 4565 canonicum
465 4492 766 4565 ·Tharnouieusem
793 4498 931 4566 murata
953 4499 989 4564 et
1008 4495 1215 4565 coemeterio
1234 4494 1431 4567 immediate
1450 4494 1572 4585 vicina,
1590 4517 1679 4586 quae
1697 4516 1798 4567 aren-

242 4615 326 4687 data
352 4616 457 4687 solvit
485 4621 633 4705 quatuor
661 4636 804 4687 marcas,

346 4735 463 4809 Habet
490 4738 633 4827 insuper
659 4736 778 4807 eadem
806 4737 952 4807 ecclesia
977 4738 1112 4811 mediae
1138 4738 1251 4826 partis
1277 4741 1435 4807 muratae
1471 4737 1591 4808 domos
1618 4738 1653 4807 in
1680 4736 1799 4826 platea
1917 4713 1923 4726 ¹

241 4857 332 4946 lata,
360 4856 554 4947 incipiendo
591 4858 740 4928 adomo
776 4857 876 4927 aciali
903 4864 984 4929 ante
1011 4858 1259 4930 monasterium
1287 4856 1433 4927 Sanctae
1461 4856 1661 4946 Trinitatis,
1688 4867 1798 4957 nsque

241 4978 287 5049 ad
313 4978 451 5069 plateae
478 4980 665 5049 castrensis
692 4978 815 5068 longae
842 4978 963 5067 finem;
991 4985 1027 5050 et
1053 4986 1135 5051 suut
1161 4998 1280 5049 omnes
1307 4977 1429 5049 domus
1448 4983 1605 5049 muratae
1623 4978 1743 5068 latere,
1763 4985 1800 5049 et

242 5098 382 5171 solvunt
416 5106 620 5171 terrestrem
656 5105 794 5171 corisum
832 5100 997 5171 ecclesiae
1033 5098 1194 5169 Omnium
1231 5097 1436 5172 Sanctorum
1463 5097 1638 5187 praefatae
1665 5100 1799 5171 mediae

242 5220 354 5310 partis
380 5226 546 5311 muratae,
573 5221 672 5292 annis
700 5220 844 5309 siugulis
871 5221 973 5292 modo
1000 5219 1241 5309 infrascripto:
1268 5220 1415 5308 prima.
1443 5272 1450 5291 .
1478 5273 1504 5308 .,
1532 5220 1709 5291 secunda.
1736 5275 1743 5290 .
1771 5274 1799 5310 .‚

242 5342 419 5413 tertia
447 5396 473 5431 .‚
501 5347 659 5433 quarta.
688 5394 747 5430 .,.,
776 5342 931 5430 quinta.
960 5395 967 5410 .
995 5394 1020 5429 .‚
1048 5346 1181 5411 sexta.
1210 5394 1253 5410 ..

347 5460 569 5535 Offertorium
598 5469 634 5533 et
661 5461 869 5532 columbatio
898 5462 1043 5551 singulis
1070 5462 1171 5532 annis
1198 5462 1389 5550 important
1417 5462 1507 5533 citra
1534 5462 1589 5535 vel
1607 5463 1701 5535 ultra
1719 5468 1798 5535 octo
1830 5488 1833 5499 ·

242 5602 389 5655 marcas,

348 5870 396 5915 Lib.
409 5870 507 5916 Bcneflo.
520 5871 550 5913 Π.
