4550 6600
519 746 590 817 136

515 939 685 1023 decanatui
712 948 941 1039 cracoviensi,
967 952 1005 1020 et
1029 947 1128 1021 valor
1155 946 1229 1018 eius
1255 902 1462 1017 aestimatur
1489 998 1497 1013 .
1525 998 1533 1013 .
1560 998 1568 1014 .
1594 942 1682 1015 item
1709 964 1780 1015 non
1806 947 1861 1015 est
1885 942 2050 1033 praedium

514 1072 572 1163 ihi,
599 1071 662 1143 sed
687 1071 856 1143 tabernae
882 1075 919 1141 et
945 1068 1013 1141 duo
1039 1068 1226 1157 hortulani,
1254 1066 1316 1157 qui
1342 1087 1414 1143 nou
1439 1065 1571 1137 habent
1597 1085 1711 1156 agros.

619 1190 847 1282 Srmnnvucz,
874 1190 959 1262 villa
986 1189 1049 1261 sub
1075 1189 1242 1279 parochia
1259 1187 1302 1259 de
1319 1186 1344 1259 J
1352 1187 1510 1259 urhovv
1536 1188 1613 1278 sita,
1632 1188 1730 1258 cuius
1746 1184 1915 1258 haeredes
1932 1184 2050 1258 Johau·

397 1380 404 1396 ,
513 1333 575 1385 nes
601 1311 935 1402 Drocheczshy
961 1311 1005 1382 de
1031 1310 1132 1382 domo
1159 1309 1361 1399 Zahavva,
1388 1314 1425 1380 et
1450 1307 1594 1380 Pelha
1619 1308 1792 1379 dedomo
1820 1362 1828 1377 .
1855 1362 1864 1377 .
1891 1362 1899 1377 .
1924 1306 1966 1390 Iu
1991 1328 2050 1397 qua

513 1440 569 1506 est
594 1454 684 1505 unus
711 1453 787 1504 cum
813 1431 927 1504 medio
954 1432 1075 1502 laneus
1103 1430 1340 1520 cmethoualis,
1367 1428 1410 1501 de
1437 1430 1563 1520 quibus
1590 1428 1738 1501 solvitur
1756 1419 1890 1514 decima
1906 1428 2050 1517 manipu-

512 1554 597 1627 laris
624 1559 661 1626 et
688 1553 863 1644 canapahs
889 1573 954 1643 pro
981 1552 1151 1624 decanatu
1178 1550 1415 1641 Gracoviensi,
1443 1555 1478 1622 et
1503 1550 1601 1623 valor
1627 1551 1702 1651 eius
1728 1550 1932 1655 aestimatur
1957 1548 2051 1619 ad..
2145 1593 2146 1598 =

514 1730 522 1747 .
549 1730 557 1745 .
583 1675 673 1746 Item
698 1680 780 1747 sunt
806 1672 856 1745 ibi
882 1673 951 1746 duo
977 1672 1122 1764 praedia
1148 1672 1326 1762 militaria,
1353 1671 1396 1743 de
1423 1671 1548 1763 quibus
1574 1671 1722 1743 solvitur
1748 1670 1882 1742 decima
1906 1670 2050 1758 manipu-

513 1796 598 1868 laris
625 1795 790 1868 ecclesiae
816 1795 853 1865 iu
868 1792 903 1865 ,J
912 1780 1077 1865 urkovv.

625 1916 901 2005 Numnomuczm,
936 1914 1021 1985 villa
1057 1914 1121 1985 sub
1156 1908 1331 2004 parochia
1356 1913 1521 2002 ecclesiae
1556 1913 1599 1986 de
1633 1913 1657 1986 J
1666 1912 1823 1985 urkovv
1853 1912 1940 2000 sita,
1966 1911 2051 1981 cuius

512 2038 636 2109 haeres
662 2036 856 2109 Stanislaus
882 2033 1198 2125 Marsnovvsky
1223 2034 1350 2105 nobilis
1366 2034 1420 2105 de
1446 2034 1548 2106 domo
1566 2034 1812 2105 Polukoza
1836 2032 1880 2103 In
1898 2038 2052 2122 quasuut

515 2158 633 2257 decern
658 2158 751 2229 lanei
778 2155 1028 2245 emethonales,
1056 2154 1099 2225 de
1116 2156 1264 2255 'quihus
1279 2155 1438 2227 omnihus
1465 2156 1614 2227 solvitur
1639 2162 1676 2227 et
1702 2154 1908 2227 conducitur
1933 2152 2053 2224 decima

514 2252 738 2369 manipularis
765 2282 801 2349 et
828 2276 1003 2367 canapalis
1029 2296 1094 2366 pro
1121 2275 1292 2349 decanatu
1318 2275 1549 2366 Gracoviensi,
1575 2280 1612 2347 et
1636 2275 1735 2349 valor
1761 2276 1836 2346 eius
1862 2330 1871 2345 .
1899 2330 1907 2344 .
1934 2328 1942 2344 .
1974 2274 2053 2343 Item

512 2388 583 2472 mou
610 2404 665 2471 est
690 2399 740 2471 ibi
766 2398 964 2489 praedium,
990 2416 1101 2487 neque
1132 2397 1319 2487 tabernae,
1345 2418 1457 2488 neque
1483 2398 1721 2486 hortulaniae3
1747 2396 1810 2469 sed
1836 2402 1891 2468 est
1919 2396 1968 2466 ihi
1988 2396 2075 2495 qui3

514 2520 594 2592 dam
630 2540 714 2611 ager
750 2517 942 2610 appellatus
968 2539 1071 2613 myrto
1096 2518 1309 2609 plebanalis,
1336 2539 1439 2609 quem
1465 2518 1549 2591 colit
1575 2518 1721 2609 emetha,
1748 2517 1793 2589 de
1820 2538 1887 2609 quo
1915 2516 2053 2607 percipit

514 2640 682 2713 decimam
710 2638 855 2712 ecclesia
881 2640 918 2711 in
945 2637 968 2711 J
976 2638 1133 2711 urkow
1159 2643 1197 2710 et
1222 2659 1370 2711 censum.

1200 2759 1381 2832 Ranuovv.

616 2882 712 2956 Villa
746 2882 878 2955 habens
914 2882 951 2953 iu
984 2902 1021 2953 se
1056 2880 1290 2972 parochialem
1327 2880 1506 2952 ecclesiam
1541 2879 1667 2958 Sancto
1702 2878 1855 2953 Johauni
1881 2880 2052 2971 Baptistae

513 2966 672 3094 dicaam,
686 3009 737 3095 ,et
761 3024 825 3094 per
846 3002 1042 3074 iohannem
1060 2998 1311 3073 Grottonis
1338 3002 1536 3093 episcopum
1554 3000 1819 3074 Oracoviensem
1834 3002 1949 3073 latere
1966 3007 2052 3073 cocto

513 3146 604 3196 anno
630 3124 771 3195 Domini
800 3123 898 3193 1408
926 3126 1116 3211 muratam3
1144 3123 1241 3193 cuius
1267 3124 1464 3213 proprietas
1481 3122 1527 3194 ad
1544 3124 1780 3215 episcopatum
1798 3122 2052 3195 Gracoviensem

513 3245 675 3336 pertinet.
711 3244 752 3316 In
782 3264 851 3334 qua
878 3248 960 3316 sunt
987 3242 1170 3316 duodecim
1194 3243 1286 3315 lanei
1312 3244 1563 3337 emethonales,
1590 3245 1674 3317 item
1700 3244 1818 3317 decem
1844 3243 2052 3317 hortulaniae

511 3367 681 3439 habentes
716 3383 837 3455 agros,
865 3365 950 3436 item
984 3365 1166 3456 praedium
1200 3387 1307 3437 unum
1341 3366 1536 3457 episcopale
1561 3367 1694 3456 amplos
1719 3367 1851 3437 habeus
1878 3386 1991 3456 agros,
2014 3365 2051 3435 de

512 3487 636 3578 quibus
663 3485 831 3577 omnibus,
858 3485 1005 3558 solvitur
1031 3491 1067 3557 et
1093 3486 1297 3558 conducitur
1323 3487 1455 3558 decima
1480 3487 1706 3578 manipularis
1733 3492 1769 3558 et
1795 3488 1970 3578 cauapalis
1994 3505 2050 3576 pro

511 3607 658 3681 eeclesia
692 3612 728 3679 et
753 3605 901 3698 plebano
928 3607 965 3678 in
990 3606 1195 3699 Radlouv,
1221 3612 1257 3679 et
1282 3608 1381 3681 valor
1407 3609 1481 3681 eius
1509 3608 1713 3680 aestimatur
1740 3607 1785 3679 ad
1815 3609 1940 3698 viginti
1957 3627 2051 3713 ¹mar·

513 3749 580 3803 cas.
606 3727 719 3802 Huius
747 3729 912 3802 ecclesiae
939 3729 975 3800 im
1001 3728 1190 3802 Radlovv
1220 3731 1343 3802 unicus
1370 3735 1424 3803 est
1449 3735 1619 3821 patronus
1645 3735 1681 3800 et
1706 3729 1852 3802 collator
1878 3731 2051 3821 episcopus

511 3849 761 3923 cracoviensis.
795 3851 884 3952 ltem
919 3851 956 3923 iu
992 3851 1112 3924 eadem
1147 3851 1231 3924 villa
1266 3857 1348 3924 suut
1373 3857 1524 3944 quatuor
1550 3850 1786 3941 hortulaniae,
1814 3850 1877 3922 sed
1902 3872 1972 3923 uon
1996 3850 2051 3920 ha·
2145 3938 2146 3943 Ν

375 3963 376 3966 '
510 3972 595 4044 bent
621 3993 733 4062 agros.

614 4091 848 4183 B1snuruczn,
874 4091 958 4164 villa
985 4093 1049 4164 snb
1076 4092 1243 4182 parochia
1268 4092 1312 4164 de
1338 4091 1526 4166 Radlouv
1552 4095 1637 4184 sita,
1665 4094 1762 4166 cuius
1793 4095 1988 4185 proprietas
2012 4089 2052 4162 ad

354 4281 361 4298 ,
510 4211 748 4303 episcopatum
783 4209 1046 4283 Oracoviensem
1081 4213 1245 4302 pertinet.
1283 4212 1325 4284 In
1365 4234 1434 4304 qua
1468 4220 1550 4286 suut
1584 4214 1702 4286 decem
1735 4219 1772 4287 et
1805 4221 1938 4307 septem
1970 4213 2053 4285 lanei

510 4333 755 4423 emethonales,
782 4332 864 4404 item
890 4337 963 4404 tres
989 4333 1157 4406 tabernae
1182 4334 1352 4407 hahentes
1371 4356 1483 4427 agros,
1501 4337 1584 4408 item
1603 4341 1676 4408 tres
1693 4337 1912 4409 hortulaniae
1928 4337 2050 4408 habeu-

509 4461 564 4528 tes
598 4474 720 4546 agros,
745 4453 830 4524 item
866 4459 920 4525 est
954 4454 1004 4525 ihi
1037 4453 1219 4545 praedium
1245 4457 1412 4546 optimum
1438 4457 1651 4548 episcopale,
1678 4457 1721 4529 de
1748 4459 1874 4549 quihus
1901 4458 2050 4529 omuibus

510 4575 658 4648 solvitur
684 4579 721 4647 et
747 4573 950 4646 conducitur
976 4573 1109 4648 decima
1134 4577 1360 4667 manipularis
1386 4585 1423 4650 et
1450 4577 1625 4668 canapalis
1651 4599 1715 4669 pro
1743 4579 1915 4651 decanatu
1933 4577 2050 4650 Croco-

509 4697 640 4788 riensi,
666 4700 702 4768 et
726 4695 826 4770 valor
861 4697 936 4769 eius
971 4697 1177 4769 aestimatur
1202 4699 1248 4770 ad
1272 4700 1420 4790 triginta
1445 4720 1590 4771 marcas.
1615 4699 1703 4771 Item
1730 4701 1929 4772 emethones
1954 4699 2050 4772 villae

511 4818 651 4893 solvunt
677 4817 842 4891 ecelesiae
868 4817 906 4890 in
931 4816 1119 4890 Radlovv
1146 4819 1434 4892 columbationem
1460 4826 1497 4891 et
1523 4820 1642 4892 Sancti
1667 4798 1979 4893 Petri'denarium

613 4939 937 5032 Pmoszmvovvuczn,
963 4938 1047 5013 villa
1073 4940 1136 5012 sub
1162 4941 1330 5030 parochia
1355 4941 1398 5013 de
1424 4941 1610 5014 Radlov
1636 4943 1713 5032 sita
1740 4943 1837 5014 cuius
1862 4942 2050 5034 proprietas
2132 5033 2135 5037 V

509 5063 555 5135 nd
589 5063 827 5154 episcopatum
861 5059 1123 5135 Oracoviensem
1157 5062 1323 5153 pertinet,
1359 5083 1463 5153 quam
1498 5060 1667 5153 Shigueus
1703 5069 1843 5136 sanetae
1870 5063 2048 5135 memoriae

508 5183 695 5258 cardinalis
721 5188 758 5255 et
784 5183 966 5274 episcopus
994 5180 1233 5255 cracoviensis
1260 5183 1303 5255 de
1328 5184 1404 5256 loco
1430 5184 1578 5273 palustri
1604 5190 1641 5255 et
1665 5184 1788 5257 limoso
1815 5186 1933 5276 movit,
1959 5190 1995 5256 et
2010 5201 2048 5253 eu

507 5305 606 5376 tristi
641 5304 806 5396 optimam
839 5302 970 5394 effecit,
997 5301 1238 5376 transferendo
1273 5325 1377 5394 agros
1412 5305 1486 5376 eius
1521 5325 1642 5376 versus
1667 5305 1808 5378 borram
1834 5309 1870 5377 et
1895 5307 2048 5395 antiquos

510 5445 632 5515 agros,
657 5425 758 5498 novis
789 5425 826 5495 in
852 5424 970 5496 radice
997 5423 1105 5495 cruda
1138 5424 1324 5514 extirpatis
1350 5422 1586 5514 adiungendo:
1614 5430 1715 5497 eraut
1740 5431 1855 5500 autem
1882 5428 1918 5498 in
1944 5423 2048 5499 veteri

508 5545 591 5616 villa
618 5563 678 5614 sex
704 5544 797 5616 lanei
823 5545 1072 5636 emethonales,
1099 5543 1143 5615 de
1170 5564 1316 5634 quorum
1343 5544 1477 5618 duobus
1504 5545 1705 5618 solvebatur
1730 5552 1768 5618 et
1792 5568 1883 5619 nunc
1908 5547 2048 5620 solvitur

509 5665 642 5738 decima
681 5664 905 5758 manipularis
945 5667 995 5738 et'
1020 5664 1196 5756 canapalis
1235 5665 1453 5755 praebendae
1489 5665 1703 5758 Vislieiensi,
1739 5689 1827 5760 qnae
1861 5667 2048 5760 appellatur
2122 5764 2132 5784 .
