4550 6600
473 766 544 837 128

469 970 556 1040 Item
583 970 688 1040 habet
714 969 892 1058 pelliceam
919 968 1094 1057 vulpinam
1114 970 1318 1059 ventrinam,
1336 970 1420 1040 item
1439 969 1617 1043 duodecim
1634 965 1734 1040 ulnas
1752 970 1859 1059 panni
1876 968 2021 1039 Floren-

467 1090 533 1159 tini
559 1088 801 1165 etduodccim
828 1088 1071 1179 Zythaviensis
1099 1090 1299 1179 annuatim3
1325 1090 1409 1161 item
1435 1089 1542 1161 habet
1569 1089 1749 1161 duodecim
1776 1094 1919 1181 quartas
1946 1110 2022 1160 cer-

467 1210 575 1280 visiae
603 1210 758 1300 quolibet
785 1208 859 1299 die,
887 1210 971 1279 item
999 1210 1261 1299 quatuordecim
1289 1210 1450 1280 candelas
1478 1210 1754 1301 septimanatim,
1781 1211 1865 1281 item
1892 1216 2021 1281 metsc-

468 1330 599 1401 cundus
635 1330 679 1401 ad
715 1350 867 1401 mensam
904 1351 980 1401 cum
1016 1330 1205 1421 servitore,
1239 1333 1298 1421 qui
1334 1332 1485 1402 servitor
1521 1336 1660 1402 tenetur
1695 1336 1836 1422 portare
1872 1332 2021 1420 primam

468 1451 647 1521 scutellam
684 1457 763 1521 aute
799 1452 1018 1541 zupparium,
1055 1452 1109 1522 vel
1146 1473 1245 1523 suum
1280 1453 1570 1543 vicesgerentem,
1606 1452 1755 1542 prandet
1790 1458 1906 1524 autern
1944 1472 2021 1522 cum

469 1571 607 1641 ultimis.

976 1905 1193 2009 Hospitale
1228 1908 1267 1985 in
1302 1906 1513 2011 Bocbnya.

571 2176 729 2247 Ecclesia
764 2177 879 2266 lignea
914 2176 1018 2249 Sanct
1054 2232 1257 2267 .......
1285 2179 1382 2250 cuius
1417 2179 1558 2270 patroni
1584 2184 1621 2250 et
1647 2178 1832 2276 collatores
1859 2179 2018 2250 consules
2063 2242 2070 2259 ,

468 2296 707 2387 Bochuenses,
735 2296 827 2387 quod
854 2297 991 2387 quidem
1027 2299 1200 2388 hospitale
1226 2300 1291 2369 hos
1318 2300 1424 2370 habet
1450 2306 1642 2389 proventus
1669 2303 1706 2369 et
1730 2300 1921 2370 utilitates:
1947 2300 2020 2389 pri-

469 2438 561 2487 mum
597 2419 703 2489 habet
739 2439 799 2488 sex
835 2410 954 2489 laneos
990 2439 1153 2508 agrorum
1189 2440 1265 2490 cum
1300 2421 1412 2510 pratis
1448 2420 1676 2512 sufficientes,
1705 2421 1748 2491 dc
1775 2421 1900 2511 quibus
1927 2420 2023 2491 ultra

470 2539 574 2609 etiam
602 2540 842 2610 necessitatem
869 2561 966 2611 suam
993 2545 1108 2629 potest
1134 2540 1284 2611 vendere
1301 2540 1449 2631 foenum,
1468 2542 1514 2612 ad
1531 2543 1644 2613 minus
1661 2563 1726 2632 pro
1744 2540 1863 2612 decem
1880 2544 2021 2628 marcis;

469 2659 553 2729 item
579 2660 687 2730 habet
713 2666 828 2731 certos
854 2661 1075 2753 hortulanus,
1104 2662 1163 2752 qui
1191 2662 1330 2734 solvunt
1356 2664 1423 2734 sibi
1449 2684 1513 2753 pro
1541 2684 1646 2734 censu
1671 2664 1796 2753 viginti
1823 2683 1959 2739 marcas
1985 2668 2021 2733 et

469 2778 633 2850 laborem.
660 2780 748 2851 Item
774 2782 882 2852 habet
908 2782 1088 2853 duodecim
1115 2789 1318 2855 montaneos
1344 2782 1500 2874 famulos,
1528 2791 1564 2855 et
1591 2785 1621 2855 si
1647 2789 1781 2855 montes
1807 2784 2020 2873 ampliantur
2133 2800 2144 2809 ·

468 2900 504 2970 in
532 2901 603 2971 suis
638 2899 825 2992 fructibus,
853 2907 971 2992 potest
1004 2904 1133 2975 babere
1169 2904 1263 2974 ultra
1297 2905 1361 2976 hos
1397 2904 1596 2994 duodecim,
1623 2905 1719 2976 duos‘
1736 2904 1892 2975 famulos.
1932 2905 2019 2974 Item

468 3020 598 3092 dictum
633 3021 805 3111 hospitale
833 3028 948 3111 potest
973 3024 1103 3095 habere
1129 3025 1333 3114 magistrum
1361 3025 1565 3097 directionis
1592 3026 1804 3119 saecularem
1832 3000 2018 3096 secundum

470 3141 683 3213 dotationem
720 3142 911 3232 privilegii,
939 3149 974 3214 et
1011 3144 1041 3214 si
1075 3144 1181 3215 fuerit
1215 3145 1343 3235 laicus,
1369 3146 1497 3217 babeat
1527 3146 1693 3217 vicarium
1720 3153 1939 3238 perpetuum,
1967 3148 2021 3217 eui

470 3261 574 3333 debet
601 3261 683 3333 dare
711 3261 827 3332 decem
854 3283 997 3339 marcas.
1024 3264 1060 3336 Si
1087 3264 1192 3338 luerit
1219 3267 1399 3358 sacerdos,
1426 3273 1566 3340 tenetur
1593 3267 1810 3360 adtemptare
1836 3272 2020 3358 utmmque

470 3403 557 3453 onus
592 3387 662 3454 tarn
699 3383 897 3475 spirituale,
925 3406 1026 3474 quam
1064 3388 1240 3460 saeculare
1275 3410 1336 3460 seu
1371 3390 1580 3480 temporale,
1608 3397 1644 3461 et
1678 3397 1818 3462 tenetur
1849 3410 2020 3480 pauperes

469 3502 653 3592 providere
680 3503 715 3572 in
742 3505 835 3575 victu
863 3509 899 3575 et
926 3499 1061 3596 amictu,
1089 3507 1187 3578 iuxta
1213 3530 1333 3580 eorum
1359 3510 1568 3600 exigentiam
1586 3515 1623 3580 et
1638 3511 1915 3601 possibilitatem.
1933 3510 2019 3581 Item

470 3623 507 3692 in
535 3622 654 3694 eodem
682 3625 847 3714 hospitali
874 3625 962 3700 fiunt
988 3647 1051 3717 pro
1079 3629 1185 3700 certis
1211 3628 1458 3703 festivitatibus
1486 3632 1655 3704 stationes
1683 3631 1890 3722 deputatae,
1918 3637 1954 3702 et
1980 3651 2020 3702 ca

471 3765 559 3834 quae
587 3744 777 3817 offeruntur
804 3748 853 3819 ibi
879 3748 915 3819 in
943 3754 1015 3820 tres
1034 3755 1154 3840 partes
1173 3751 1386 3843 dividuntur,
1407 3773 1555 3843 quarum
1573 3752 1662 3823 duae
1679 3773 1744 3843 pro
1762 3752 1894 3824 fabrica
1912 3752 2019 3823 ecole-

469 3865 541 3936 siae
569 3873 763 3958 servantur,
790 3871 931 3941 tertiam
957 3870 1124 3960 plebanus
1152 3893 1215 3962 pro
1244 3894 1281 3945 se
1308 3874 1410 3946 tollit.
1854 3967 1858 3971 ι

573 3987 661 4057 Item
697 3990 734 4058 in
769 3991 890 4062 eodem
926 3991 1089 4082 hospitali
1124 3998 1206 4064 sunt
1242 3994 1309 4065 duo
1337 3987 1492 4066 altariaz'
1507 3995 1657 4085 primum
1684 3995 1795 4066 altare
1822 3999 1876 4067 est
1903 3993 2020 4066 Sancti

469 4105 625 4196 Antonii,
653 4107 697 4177 ad
725 4109 815 4198 quod
842 4111 1009 4200 magister
1036 4113 1218 4202 hospitalis
1244 4119 1385 4187 tenetur
1411 4117 1534 4190 missas
1561 4116 1760 4207 adimplere,
1787 4122 1824 4187 et
1849 4137 2019 4207 pauperes

468 4247 674 4317 procurare,
701 4228 756 4297 vel
793 4250 875 4300 suus
902 4231 1051 4302 vicarius
1088 4234 1147 4323 qui
1173 4233 1279 4307 fuerit
1306 4256 1370 4325 pro
1397 4241 1573 4328 ternpore,
1600 4237 1659 4328 qui
1686 4237 1790 4307 etiam
1817 4237 1921 4308 debet
1947 4257 2020 4307 esse

469 4349 672 4438 investitus,
700 4349 755 4420 cui
782 4371 844 4438 per
871 4353 1077 4441 magistrum
1104 4355 1287 4450 hospitalis
1315 4356 1441 4428 dantur
1468 4358 1585 4428 decem
1611 4379 1767 4448 marcae,
1794 4363 1834 4428 ut
1861 4358 2019 4447 superius

470 4470 597 4541 dictum
626 4477 689 4540 est.
716 4469 838 4541 Altare
866 4473 1052 4544 secundum
1080 4475 1174 4546 tituli
1201 4474 1348 4549 Sanctae
1375 4477 1505 4569 Crucis,
1533 4479 1631 4549 cuius
1657 4478 1796 4548 collatio
1824 4476 1868 4548 ad
1894 4477 2018 4549 frater-

323 4591 325 4596 '
468 4593 614 4662 nitatem
641 4592 873 4682 tragariorum
902 4599 1036 4683 spectat
1062 4601 1098 4666 et
1124 4597 1286 4690 pertinet,
1314 4621 1401 4691 quae
1427 4599 1630 4671 fraternitas
1658 4599 1873 4670 sacerdotem
1900 4620 2017 4670 mauu·

469 4713 558 4782 alem
594 4718 728 4804 servat,
756 4713 811 4785 cui
847 4735 910 4806 pro
949 4716 1161 4806 quibuslibet
1197 4725 1346 4811 quatuor
1376 4722 1590 4812 temporibus
1617 4720 1722 4792 solvit
1747 4740 1811 4811 per
1836 4742 1940 4794 unam
1967 4741 2018 4792 se·

469 4853 647 4924 sagenam.
1161 4830 1169 4843 '
1371 4815 1376 4823 ’

1090 4958 1404 5036 Pazvanovvvcza.

573 5072 667 5146 Villa
693 5076 829 5150 habens
856 5077 893 5150 in
920 5099 957 5151 se
984 5081 1164 5153 ecclesiam
1200 5085 1433 5174 parochialem
1459 5084 1610 5175 ligneam
1637 5083 1755 5155 Sancti
1783 5140 1790 5155 .
1818 5138 1825 5154 .
1853 5139 1861 5154 .
1888 5139 1896 5155 .
1923 5082 2018 5155 cuius

469 5193 594 5268 haeres
612 5197 796 5270 lanussius
823 5199 1168 5294 Przybkowsky
1194 5204 1237 5275 de
1256 5205 1357 5277 domo
1376 5205 1657 5296 Streparum.
1683 5204 1725 5274 In
1745 5226 1812 5296 qua
1830 5211 1913 5276 sunt
1930 5204 2017 5275 lanei

470 5319 721 5410 emethonaleS,
750 5322 833 5392 item
869 5323 1054 5416 tabernae,
1081 5323 1166 5396 item
1201 5326 1437 5417 hortulaniae,
1464 5327 1508 5397 de
1535 5327 1659 5416 quibus
1687 5327 1845 5397 omnibus
1873 5327 2034 5398 solvitur·

469 5436 635 5510 decima.
663 5494 671 5510 .
699 5495 706 5510 .
733 5442 821 5512 Item
849 5449 902 5514 est
928 5445 977 5516 ibi
1003 5466 1108 5517 unum
1135 5447 1315 5536 praedium
1341 5449 1502 5538 militare,
1530 5447 1574 5519 de
1601 5447 1697 5518 cuius
1716 5448 1810 5536 agris
1828 5448 2018 5518 decimatur

468 5556 632 5626 ecclesiae
668 5561 703 5629 in
730 5561 1112 5656 Przybkowycze.
1147 5567 1236 5637 Item
1262 5567 1370 5639 habet
1396 5569 1445 5640 ibi
1469 5569 1636 5658 plebanus
1663 5569 1824 5658 proprios
1851 5590 1955 5657 agros
1982 5574 2015 5638 et

469 5681 573 5792 prata
596 5697 659 5768 pro
686 5701 748 5751 suo
776 5704 850 5774 usu,
877 5687 1019 5774 praedio
1048 5692 1083 5758 et
1110 5687 1325 5758 necessitate.
