4550 6600
1698 777 1769 849 135
1915 726 1919 733 ¹

214 974 413 1067 proprietas
439 975 483 1049 ad
510 974 758 1049 monasterium
785 974 1009 1069 Thynczense
1034 978 1197 1071 pertinet.
1228 978 1269 1052 In
1297 1002 1366 1073 qua
1392 986 1473 1054 sunt
1498 980 1592 1055 lanei
1619 985 1770 1057 emetho-

213 1100 321 1188 nales,
348 1098 391 1170 de
418 1099 542 1188 quibus
571 1098 718 1169 solvitur
744 1098 877 1171 decima
903 1101 1092 1190 pecunialis
1120 1101 1208 1173 duae
1234 1122 1428 1194 sexagenas
1455 1104 1605 1175 latorum
1631 1126 1772 1194 grosso·

212 1240 290 1289 mm
318 1240 383 1309 pro
410 1219 629 1309 manipulari,
644 1220 875 1309 praebendae
902 1219 1133 1313 Gracoviensi,
1153 1244 1241 1314 quae
1259 1229 1404 1297 vocatur
1421 1224 1663 1299 Zakrzovvslra
1681 1226 1771 1296 Item

213 1340 306 1409 dicta
332 1340 418 1411 villa
444 1340 729 1412 Brunaczovv
756 1341 791 1411 in
818 1346 894 1413 toto
922 1349 976 1414 est
1002 1343 1149 1433 deserta,
1176 1344 1238 1416 sed
1264 1366 1368 1436 agros
1395 1345 1469 1416 eius
1495 1346 1613 1417 colunt
1638 1346 1771 1417 incolae

213 1466 248 1531 et
275 1461 477 1533 cmethones
504 1460 546 1532 de
573 1459 891 1554 Radzeschovv,
918 1468 954 1535 et
981 1464 1105 1555 sylvas,
1131 1469 1235 1556 prata
1261 1472 1298 1538 et
1324 1466 1449 1537 rubeta
1473 1466 1578 1539 villae
1596 1466 1770 1537 Bruna-
1868 1519 1875 1534 ,

212 1602 340 1654 czow
368 1583 435 1654 sibi
462 1582 784 1672 appropriaverunt.

552 1703 890 1775 Rnnzssosovvsnn
917 1726 978 1776 seu
1002 1704 1250 1778 Bsumnvvsrrs
1276 1706 1435 1779 Wourn.

324 1824 422 1896 Villa
455 1824 587 1896 habens
623 1826 659 1894 in
696 1845 733 1895 se
768 1825 1001 1915 parochialem
1038 1826 1216 1897 ecclesiam
1251 1827 1421 1917 ligneam,
1448 1826 1595 1899 Sanctae
1632 1827 1768 1900 Mariae
1910 1897 1915 1909 „

212 1946 402 2018 Nativitati
438 1946 604 2035 dicatam,
633 1946 733 2017 cuius
760 1946 957 2037 proprietas
985 1945 1029 2017 ad
1055 1948 1302 2018 monasterium
1329 1947 1571 2039 Thynczceuse
1597 1950 1770 2039 pertinet:

212 2070 246 2138 in
273 2088 345 2159 qua
372 2069 454 2139 sunt
481 2067 750 2158 quatuordecem
775 2067 869 2139 lanei
896 2068 1141 2159 emethonaleS,
1156 2068 1211 2139 de
1239 2070 1363 2159 quibus
1383 2070 1531 2142 solvitur
1548 2069 1682 2141 decima

872 2188 1120 2261 Posvvrzuovv.
1832 2270 1836 2275 .

313 2309 413 2381 Villa
449 2308 679 2400 coenobialis,
707 2330 750 2381 ex
785 2310 929 2401 antiquo
964 2311 1097 2381 habens
1132 2310 1367 2402 parochialem
1404 2311 1584 2382 ecclesiam
1609 2311 1769 2401 ligneam,

213 2427 338 2506 Sancto
368 2486 376 2501 .
404 2485 412 2501 .
440 2485 447 2501 .
476 2430 634 2521 dicatam,
662 2432 758 2502 cuius
785 2431 986 2504 haereditas
1013 2431 1057 2502 ad
1083 2432 1331 2503 monasterium
1360 2432 1584 2524 Thynezense
1610 2433 1770 2523 pertinet

211 2553 249 2623 In
276 2574 349 2643 qua
376 2557 457 2623 sunt
484 2552 601 2645 decem
626 2552 728 2642 lanei,
755 2552 810 2623 vel
836 2553 953 2643 potius
980 2553 1057 2643 agri
1084 2553 1316 2625 emethonales
1342 2553 1545 2643 indistincti,
1573 2553 1767 2643 dequibus

212 2675 361 2771 solvitur
388 2673 520 2745 decima
546 2673 769 2763 manipularis
798 2679 834 2744 et
861 2674 1038 2763 canapalis
1064 2694 1128 2763 pro
1156 2674 1260 2745 altari
1278 2672 1483 2746 Sanctorum
1501 2673 1598 2744 Petri
1615 2676 1653 2744 et
1668 2672 1769 2743 Pauli

213 2798 245 2866 in
272 2795 421 2866 ecclesia
448 2794 676 2883 cracoviensi,
705 2799 740 2865 et
766 2794 865 2866 valor
891 2795 966 2865 eius
993 2795 1198 2867 aestimatur
1223 2794 1270 2865 ad
1296 2799 1370 2866 tres
1392 2815 1535 2865 marcas.
1549 2794 1649 2895 Item
1667 2813 1769 2884 prae-

213 2916 302 2987 dium
331 2922 388 2987 est
415 2916 474 3007 ibi,
501 2915 544 2987 de
571 2934 639 3005 quo
667 2916 860 2986 decimatur
878 2916 1042 2987 ecclesiae
1057 2916 1095 2986 in
1114 2914 1421 3005 Pogrvisdovv3
1446 2916 1531 2986 item
1548 2916 1767 3010 hortulaniae

214 3044 246 3107 et
270 3038 440 3108 tabernae
467 3056 536 3107 non
563 3042 653 3107 sunt.
680 3036 768 3107 Item
795 3036 940 3107 ecclesia
967 3041 1003 3110 et
1029 3036 1196 3125 plebanus
1221 3036 1329 3108 habet
1354 3036 1404 3107 ibi
1431 3056 1534 3126 agros
1552 3037 1714 3126 proprios
1732 3040 1769 3106 et

213 3164 320 3248 prata,
351 3178 416 3247 pro
444 3178 505 3228 suo
532 3178 599 3228 usu
626 3162 661 3227 et
687 3157 904 3228 necessitate.
930 3157 1018 3228 Item
1037 3157 1073 3226 in
1097 3156 1226 3228 Wola
1251 3157 1657 3229 Nieszlrovrskade
1675 3157 1768 3246 agris

213 3280 447 3370 praedialibus
474 3284 510 3349 et
536 3268 579 3350 de
606 3278 699 3369 agris
726 3278 872 3370 scolteti,
900 3278 1088 3370 inquibus
1115 3300 1207 3350 nunc
1232 3278 1346 3350 coloni
1376 3278 1550 3368 resident,
1577 3276 1770 3349 decimatur

215 3402 320 3472 eidem
352 3385 517 3472 ecclesiae
544 3401 579 3471 in
607 3399 901 3490 Pogvvizdovv,
929 3404 965 3470 et
989 3401 1087 3471 valor
1114 3399 1267 3472 decimae
1294 3398 1473 3491 praefatae
1500 3400 1706 3484 aestimatur
1722 3399 1768 3470 ad

216 3523 365 3613 quinque
392 3541 536 3592 marcas
568 3547 570 3552 ·

904 3641 1074 3714 Juunovr.

312 3764 412 3836 Villa
437 3763 569 3836 habens
597 3764 632 3835 in
660 3784 697 3835 se
723 3764 957 3854 parochialem
984 3765 1162 3835 ecclesiam
1189 3764 1348 3854 ligneam,
1376 3763 1509 3836 Sanot.
1535 3817 1543 3834 .
1571 3817 1580 3834 .
1605 3763 1767 3855 dicatam

219 3885 309 3957 cuius
326 3885 472 3957 haeres.
491 3940 499 3955 .
518 3939 526 3954 .
544 3884 717 3955 Slanlra
744 3885 786 3956 de
806 3885 911 3956 armis
930 3883 1250 3976 Kopaschyna.
1267 3885 1308 3956 In
1327 3889 1489 3976 quaeunt
1504 3885 1597 3955 lanei
1615 3886 1768 3957 emetho-

217 4009 315 4098 nales,
342 4009 429 4078 item
455 4007 636 4096 tabernae,
664 4007 747 4077 item
773 4005 1024 4092 hortulaniae,
1041 4005 1084 4077 de
1112 4006 1235 4096 quibus
1263 4005 1421 4078 omnibus
1450 4005 1598 4076 solvitur
1624 4011 1660 4077 et
1687 4026 1767 4077 con-

217 4129 349 4200 ducitur
387 4128 520 4199 decima
552 4127 781 4216 manipularis
817 4147 881 4217 pro
917 4127 1162 4218 praepositura
1195 4128 1232 4198 in
1267 4127 1523 4218 Ruszyecz:
1549 4128 1632 4198 item
1659 4127 1768 4198 habet

218 4250 355 4320 ecclesia
382 4255 418 4319 et
444 4249 612 4338 plebanus
638 4249 799 4338 proprios
827 4269 930 4338 agros
956 4249 1086 4320 liberos
1108 4254 1151 4319 et
1177 4253 1287 4339 prata,
1313 4269 1377 4339 pro
1405 4269 1468 4320 suo
1495 4271 1561 4320 usu
1587 4254 1624 4319 et
1649 4270 1767 4321 neces-

219 4371 325 4442 sitate.
350 4369 443 4442 Item
469 4370 552 4441 villa
577 4368 735 4460 praelata
761 4371 860 4441 iuxta
885 4370 1025 4441 fluvium
1052 4369 1300 4462 Dunayecz
1327 4372 1396 4441 sita
1422 4375 1484 4460 est,
1511 4375 1547 4440 et
1567 4369 1767 4459 frequenter

218 4491 307 4563 illam
333 4513 399 4582 per
434 4491 642 4563 alluvionem
677 4490 801 4563 fluvius
828 4491 1073 4582 Dunayecz
1101 4492 1238 4562 eteius
1266 4513 1369 4582 agros
1395 4491 1560 4580 devorat;
1587 4491 1767 4562 eochsiam

122 4699 123 4704 Ἰ
219 4614 316 4686 etiam
343 4612 578 4704 parochialem
604 4613 755 4703 ligneam
782 4613 967 4703 aliquoties
994 4613 1063 4683 iam
1091 4612 1281 4703 devoravit,
1308 4619 1346 4685 et
1372 4613 1540 4703 compulsi
1566 4618 1647 4683 sunt
1664 4633 1767 4703 paro-

219 4733 326 4805 chiani
353 4755 430 4806 eam
456 4732 647 4805 transferre
673 4735 710 4804 in
736 4733 859 4824 locum,
886 4755 907 4804 a
933 4733 1036 4805 fluvio
1064 4734 1309 4825 Dunayecz
1335 4734 1568 4805 remotiorem.

314 4857 560 4946 Inrxovvrczu
574 4854 657 4926 villa
673 4855 737 4926 sub
751 4856 917 4946 parochia
933 4856 1099 4926 echesIae
1114 4856 1157 4926 de
1175 4854 1198 4925 J
1207 4855 1291 4926 urk
1301 4876 1321 4926 o
1331 4875 1363 4927 vr
1381 4855 1456 4945 sita
1473 4856 1569 4925 cuius
1586 4855 1766 4925 haeres...

221 4973 459 5068 Jezovvsky
485 4976 528 5046 de
557 4977 658 5047 domo
686 4975 969 5066 Streparum.
997 4975 1037 5047 In
1065 4997 1133 5066 qua
1152 4980 1232 5047 sunt
1250 4981 1399 5066 quatuor
1415 4975 1507 5046 lanei
1526 4975 1767 5066 emethonales,

221 5096 409 5189 dequibus
446 5097 604 5170 omnibus
641 5097 789 5169 solvitur
826 5097 959 5168 decima
984 5098 1210 5187 manipularis
1237 5103 1273 5168 et
1300 5097 1477 5188 canapaiis
1502 5116 1568 5187 pro
1596 5095 1766 5166 decanatu

222 5215 444 5309 Oraooviensi,
471 5225 508 5290 et
533 5219 631 5290 valor
658 5219 733 5289 eius
761 5219 965 5290 aestimatur
992 5218 1036 5289 ad
1055 5219 1207 5309 quinque
1228 5237 1373 5290 marcas.
1399 5217 1487 5289 Item
1505 5237 1575 5289 non
1594 5221 1649 5287 est
1664 5236 1766 5306 prue-

221 5338 308 5410 diom
334 5341 392 5431 ibi,
421 5359 532 5431 neque
558 5341 735 5431 tabernae,
761 5361 874 5430 neque
901 5339 1128 5411 hortulaniae.

316 5461 582 5552 Rosuswrcau,
608 5461 693 5531 villa
728 5461 792 5532 sub
827 5460 993 5550 parochia
1019 5459 1062 5530 de
1089 5459 1112 5531 J
1121 5459 1282 5557 urhow
1307 5458 1393 5549 sita,
1422 5458 1519 5530 cuius
1545 5459 1674 5554 haeres
1696 5455 1720 5530 J
1729 5480 1766 5530 e·
1838 5556 1841 5561 ¹

222 5583 394 5672 zovsky
431 5582 474 5652 de
502 5581 602 5653 domo
630 5580 911 5672 Streparum.
950 5579 991 5650 ln
1019 5599 1087 5670 qua
1118 5584 1199 5650 sunt
1224 5585 1297 5650 tres
1322 5579 1417 5649 lanei
1442 5579 1695 5668 emethonales,
1722 5579 1766 5650 de

144 5785 156 5816 ι
224 5703 339 5796 quibus
367 5703 524 5777 omnibus
557 5703 705 5776 solvitur
731 5709 768 5774 et
795 5701 999 5776 conducitur
1024 5701 1158 5772 decima
1183 5699 1409 5794 manipularis
1435 5702 1473 5773 et
1492 5700 1675 5796 cuuupalis
1701 5721 1765 5794 pro
