4550 6600
480 727 553 797 222
572 766 578 783 =

581 932 730 1003 Fabriea
755 931 839 1003 ferri
865 932 902 1003 in
928 933 1204 1024 Blyeschno.

581 1172 727 1243 Fabrica
761 1172 845 1243 ferri
880 1174 916 1244 iu
950 1172 1223 1263 Gwaschyu‚
1259 1175 1356 1245 cuius
1392 1176 1589 1264 proprietas
1624 1175 1669 1246 ad
1701 1156 1948 1246 'monasterium
1982 1177 2016 1245 iu
2115 1176 2118 1190 '

408 1278 412 1287 ²
478 1290 877 1367 Ozansthoohowa
903 1295 1065 1389 pertinet3
1093 1295 1149 1365 cui
1175 1295 1279 1366 solvit
1304 1316 1368 1389 per
1394 1315 1455 1365 sex
1481 1316 1660 1385 grossos...

1148 1540 1351 1611 Duuszucz.

582 1658 676 1730 Villa
711 1659 842 1729 habeus
879 1660 915 1729 in
942 1678 983 1751 sew
1008 1660 1240 1748 parochialem
1277 1659 1457 1730 ecclesiam
1491 1663 1681 1747 muratam,
1717 1657 1845 1729 Sancto
1880 1657 2018 1729 Nicolao

477 1778 665 1849 confessori
693 1779 850 1869 dicatam,
878 1778 975 1849 cuius
1001 1781 1199 1869 proprietas
1225 1778 1270 1849 ad
1288 1778 1575 1868 Christopherum
1602 1784 1639 1849 et
1665 1777 1791 1849 fratres
1818 1778 1903 1881 eius!
1919 1779 2019 1867 perti·

478 1904 546 1969 net.
581 1900 621 1969 In
649 1920 717 1988 qua
744 1905 825 1970 sunt
851 1900 942 1969 lanei
970 1900 1221 1989 emethonales,
1257 1900 1341 1970 item
1366 1901 1552 1988 tabernae,
1588 1899 1673 1969 item
1708 1899 1945 1987 hortulanum,
1980 1898 2019 1968 de

477 2020 601 2109 quibus
629 2021 786 2091 omuibus
814 2021 960 2091 solvitur
987 2024 1022 2091 et
1048 2020 1252 2091 conducitur
1279 2019 1412 2091 decima
1438 2020 1663 2109 manipularis
1690 2025 1727 2090 et
1753 2019 1929 2109 canapalis
1955 2036 2014 2108 pro

479 2194 617 2209 ......
636 2141 724 2211 Item
751 2141 895 2211 ecclesia
921 2140 1026 2211 habat
1052 2141 1101 2211 ibi
1128 2161 1231 2229 agros
1257 2141 1418 2230 proprios
1445 2146 1481 2211 et
1507 2146 1627 2230 prata,
1653 2161 1718 2231 pro
1745 2161 1807 2211 suo
1834 2160 1901 2210 usu
1926 2160 2020 2229 prae-

434 2346 435 2351 *
478 2262 534 2331 dio
563 2265 598 2331 et
624 2262 839 2351 necessitato;
867 2260 1028 2331 videlicet
1053 2262 1203 2350 primum
1229 2282 1351 2351 agrum
1378 2261 1469 2333 lanei
1495 2262 1607 2351 unius,
1634 2262 1727 2332 cirea
1745 2261 1883 2332 domum
1909 2261 2021 2351 pleba-

478 2381 591 2453 ualem
618 2382 653 2451 in
681 2382 820 2471 longum
847 2388 883 2452 et
909 2382 1019 2452 latum
1045 2387 1262 2471 protensum,
1298 2382 1403 2452 alium
1429 2402 1551 2472 agrum
1588 2382 1717 2453 dictum
1753 2378 1929 2451 dormieret
1963 2378 2022 2450 lrzi

449 2492 527 2573 ‘ao
552 2500 763 2593 racdzioocb,
790 2504 933 2573 tertium
961 2524 1082 2593 agrum
1110 2524 1186 2573 cum
1205 2509 1306 2593 prato
1326 2527 1418 2598 przy
1444 2499 1535 2594 lerze
1562 2503 1665 2592 dicto,
1692 2504 1785 2574 iuter
1810 2508 1913 2591 prata
1938 2522 2021 2572 cme·

478 2624 623 2694 thanum
641 2630 677 2694 et
695 2645 798 2713 agros
816 2623 1013 2713 eorundem,
1041 2645 1163 2695 versus
1183 2624 1266 2693 villa
1292 2622 1561 2713 Strzegowa
1586 2629 1798 2713 protensum,
1825 2624 1885 2714 qui
1903 2642 2022 2712 coguo-

388 2776 393 2787 =
476 2745 627 2827 minatur
653 2741 836 2814 domiaccb.
880 2744 967 2814 Item
1003 2744 1148 2815 ecclesia
1182 2742 1340 2833 praefata
1366 2750 1405 2815 et
1429 2744 1599 2834 plebanus
1625 2745 1662 2814 iu
1696 2744 1925 2819 Dluszecz
1962 2764 2021 2833 pro

478 2870 632 2953 tempore
661 2865 830 2954 existens·
861 2864 967 2936 habet
993 2865 1174 2935 tabernam
1201 2869 1237 2934 et
1263 2864 1467 2936 hortulauos
1499 2884 1542 2934 ex
1569 2865 1712 2954 antiquo
1740 2863 1785 2934 ad
1811 2862 1930 2935 dotem
1956 2862 2022 2967 ple·

476 2986 635 3056 banalem
662 2986 885 3075 pertinentes.
921 2985 1009 3055 Item
1036 2984 1142 3055 habet
1169 2984 1335 3055 decimam
1362 2985 1612 3074 manipularem
1638 2985 1675 3055 iu
1702 2984 1785 3055 villa
1810 2983 1833 3055 J
1845 2984 2022 3055 ezowka

477 3105 521 3177 de
548 3106 642 3194 agris
669 3104 912 3194 praedialibus3
939 3105 1021 3175 item
1048 3106 1203 3177 missalia
1228 3105 1264 3174 iu
1291 3096 1374 3176 villa
1399 3106 1646 3194 Dluszeoz‚
1673 3105 1716 3177 de
1745 3105 1899 3195 quolibet
1925 3105 2021 3175 laneo

478 3246 542 3316 per
568 3230 641 3295 tres
669 3231 805 3297 coretos
834 3224 980 3316 siliginis
1007 3231 1043 3295 et
1069 3247 1132 3317 per
1159 3230 1232 3297 tres
1259 3230 1410 3316 avenae;
1445 3226 1553 3297 habet
1587 3227 1694 3296 etiam
1726 3226 1891 3296 decimam
1919 3226 2022 3297 maui-

478 3347 634 3438 pularem
661 3347 697 3416 in
722 3346 968 3436 Dluszecz‚
996 3346 1038 3417 de
1066 3348 1159 3437 agris
1187 3348 1420 3438 praedialibus
1447 3370 1496 3417 aa
1521 3345 1785 3419 racdzinoch-de
1803 3349 1915 3438 primo
1934 3347 2022 3418 vide

477 3469 560 3538 licet
586 3487 680 3558 agro,
708 3468 767 3557 qui
793 3468 1055 3556 cognominatur
1082 3465 1269 3559 dorat'oralc,
1309 3469 1437 3540 iacenti
1463 3490 1569 3558 penes
1596 3469 1688 3539 viam
1715 3470 1899 3558 publicam,
1927 3467 2023 3540 Cra-

426 3661 429 3668 ,
478 3589 654 3660 coriam
681 3607 802 3659 versus
830 3610 851 3658 a
877 3586 1038 3660 Pilcza
1065 3591 1198 3676 eundo;
1225 3590 1308 3660 item
1335 3589 1440 3660 etiam
1467 3588 1510 3660 de
1529 3589 1597 3661 alio
1624 3609 1709 3679 agro
1733 3586 1909 3660 dormieret
1927 3589 2022 3676 dicto,

477 3709 604 3781 iacenti
630 3730 735 3799 penes
762 3711 931 3799 rubctum,
959 3710 1051 3800 quod
1078 3716 1221 3782 vocatur
1246 3712 1270 3783 J
1280 3711 1595 3800 askowkierz,
1633 3710 1780 3782 similem
1806 3711 1913 3783 habet
1938 3709 2022 3780 deei—
2138 3736 2139 3753 1

477 3850 586 3945 mam;
613 3831 695 3901 item
722 3831 759 3901 iu
786 3830 869 3903 villa
895 3830 1094 3921 Kapielo
1121 3836 1157 3902 et
1183 3833 1219 3902 in
1245 3832 1446 3921 Lgotha‚
1483 3831 1591 3902 habet
1616 3831 1796 3920 praedicta
1821 3830 2024 3902 ecclesiast

374 4015 377 4023 ,
477 3951 645 4040 plebanus
672 3952 708 4020 in
734 3951 820 4021 Dlu
838 3971 968 4022 szecz
1004 3952 1158 4024 missalia
1184 3952 1394 4042 pecuniaria,
1429 3953 1520 4023 sicut
1546 3958 1582 4023 et
1608 3953 1644 4022 iu
1671 3951 1756 4022 villa
1780 3952 2023 4037 Dluszecz;

428 4117 432 4125 -
477 4071 563 4140 item
590 4071 626 4140 iu
653 4070 832 4159 praedicta
857 4071 1065 4162 Kapyele
1092 4073 1200 4145 habet
1218 4073 1386 4144 decimam
1412 4073 1648 4161 pecuniariam
1675 4073 1832 4162 quolibet
1858 4093 1948 4157 anno
1967 4091 2024 4161 per

479 4210 540 4261 sex
567 4211 718 4282 grossos²
746 4190 789 4262 dc
808 4212 892 4282 agro
910 4193 1085 4284 tabernac,
1104 4198 1141 4265 et
1158 4194 1385 4266 tabernatore
1404 4193 1569 4283 quolibet,
1596 4214 1660 4283 pro
1679 4199 1836 4282 tempore
1859 4192 2023 4278 existenti.

1119 4434 1392 4507 Snsznumrezu.

582 4551 677 4624 Villa
703 4553 834 4625 habens
869 4555 905 4624 in
933 4576 970 4625 se
996 4539 1231 4644 parochialem
1268 4557 1461 4646 ecclesiam,
1498 4555 1635 4627 Sanctis
1669 4553 1837 4625 Omnibus
1874 4555 2022 4642 dicatam,

478 4676 575 4746 cuius
602 4675 799 4764 proprietas
826 4675 871 4746 ad
898 4676 1156 4748 serenissimum
1174 4661 1339 4748 Poloniae
1362 4698 1481 4767 regem
1507 4677 1669 4766 pertinet.
1695 4676 1737 4746 Iu
1756 4695 1824 4764 qua
1842 4680 1924 4746 suut
1940 4674 2023 4744 lanei

478 4795 731 4888 omethonales,
769 4796 852 4866 itam
879 4797 1025 4868 taberna
1051 4819 1121 4868 una
1147 4799 1262 4887 regia,
1297 4799 1381 4870 item
1407 4797 1604 4887 hortulani,
1640 4796 1836 4886 dequibus
1872 4795 2021 4866 omuibus

480 4916 627 4988 solvitur
654 4921 690 4988 ct
718 4916 921 4988 conducitur
948 4917 1080 4989 decima
1106 4918 1333 5008 manipularis
1360 4923 1396 4989 et
1422 4918 1598 5012 canapalis
1625 4937 1690 5006 pro
1717 4916 1881 5006 episcopo
1908 4914 2023 4988 Croco-

423 5087 430 5098 .
479 5037 608 5126 riensi,
644 5041 681 5108 et
708 5037 782 5107 cius
809 5038 908 5108 valor
935 5038 1137 5110 aestimatur
1164 5039 1209 5109 ad
1235 5026 1382 5128 triginta
1418 5059 1562 5110 marcas.
1607 5037 1696 5108 Item
1728 5037 1836 5107 habet
1863 5035 2021 5126 plebanus

473 5178 544 5247 pro
572 5156 653 5228 dote
680 5178 743 5229 sua
769 5179 872 5248 agros
899 5159 1059 5249 proprios
1087 5164 1123 5230 et
1150 5165 1252 5249 prata
1278 5165 1315 5231 et
1341 5179 1443 5230 uuam
1470 5159 1670 5247 tabernam,
1697 5157 1742 5228 de
1770 5177 1838 5247 qua
1864 5155 2022 5246 plebanus

477 5277 586 5350 habet
612 5299 716 5348 unam
743 5299 894 5351 marcam
920 5301 984 5370 pro
1012 5301 1116 5352 censu
1143 5301 1276 5370 anuuo;
1312 5280 1396 5352 item
1422 5279 1530 5352 habet
1556 5278 1724 5370 plebanus
1756 5277 1925 5349 decimam
1951 5278 2024 5367 post

478 5399 619 5488 curiam,
647 5400 776 5472 valoris
804 5401 950 5472 duarum
978 5421 1193 5489 marcarum3
1229 5403 1313 5472 item
1339 5401 1446 5472 habet
1473 5401 1577 5471 aliam
1604 5399 1771 5470 decimam
1798 5402 1881 5488 post
1906 5395 2022 5470 scolte-

478 5523 552 5598 tum
579 5520 615 5590 in
643 5521 746 5612 villa,
782 5523 909 5594 valoris
936 5523 1039 5601 unius
1066 5540 1223 5611 marcae3
1258 5523 1342 5593 item
1377 5522 1516 5597 tertiam
1552 5521 1720 5598 decimam
1752 5520 1861 5597 habet
1888 5517 2022 5596 invilla
