4550 6600
1704 769 1779 841 aas
1857 870 1866 881 1

238 932 378 1066 praefati
404 923 763 1064 Szhedzenszcy.
789 968 830 1043 ln
858 988 926 1063 qua
953 976 1070 1045 sunt...
1097 971 1198 1062 lanei,
1226 972 1269 1044 dc
1296 972 1420 1063 quibus
1447 972 1605 1045 omnibus
1632 974 1809 1047 solvitur'

238 1088 364 1166 decima
389 1112 453 1185 per
479 1114 584 1165 unum
611 1093 851 1175 tantummodo
878 1093 987 1176 latum
1013 1114 1183 1184 grossum,
1210 1098 1246 1165 et
1262 1113 1326 1183 per
1343 1116 1448 1165 unum
1471 1095 1614 1166 chorum
1641 1116 1781 1187 avenae,

237 1215 430 1308 praeposito
458 1213 786 1323 Oszwanczymensi.
830 1214 918 1287 Item
944 1215 994 1286 ibi
1021 1222 1076 1287 est
1102 1214 1298 1306 praedium,
1329 1216 1373 1287 de
1400 1237 1468 1307 qno
1495 1215 1607 1288 eidem
1633 1236 1781 1309 praepo-

237 1338 300 1413 sito
326 1336 527 1409 decimatur.

333 1457 671 1548 Wrucznowrczs,
707 1458 791 1531 villa
826 1458 890 1531 sub
926 1460 1092 1550 parochia
1125 1461 1169 1531 de
1209 1457 1523 1531 Oszwanczim
1559 1459 1646 1550 sita,
1682 1460 1779 1533 cuins
1901 1523 1905 1535 .

236 1580 355 1653 haeres
380 1579 534 1651 Michael
560 1578 753 1670 Raysky.
780 1579 822 1651 In
850 1600 918 1671 qua
943 1585 1024 1652 sunt
1051 1580 1145 1653 lanei
1171 1580 1414 1671 emethonales,
1441 1581 1638 1654 emethones
1665 1586 1780 1653 autem

236 1722 301 1774 non
325 1704 417 1792 sunt,
444 1700 505 1773 sed
531 1702 657 1773 haeres
683 1700 822 1775 eosdem
849 1700 942 1793 colit,
969 1706 1005 1774 et
1027 1724 1091 1793 pro
1119 1702 1253 1774 decima
1279 1702 1384 1775 solvit
1409 1706 1482 1774 tres
1509 1699 1662 1775 fertones
1680 1722 1781 1793 prae-

235 1822 345 1913 posito
372 1820 708 1895 Oszwianczimensi.

334 1942 511 2034 Rnrsn0,
546 1942 630 2015 villa
665 1944 729 2016 snb
765 1943 929 2035 parochia
965 1943 1007 2016 d'e
1043 1942 1353 2017 0szwanozim
1394 1944 1479 2036 sita,
1520 1945 1618 2017 cuius
1657 1944 1780 2016 haeres
1890 2030 1894 2037 .

235 2064 381 2136 Michael
409 2064 713 2156 Skedzensky
740 2064 783 2137 de
810 2065 915 2137 armis
935 2121 1048 2137 .....
1079 2066 1120 2136 In
1148 2088 1217 2157 qna
1243 2073 1325 2137 sunt
1351 2066 1443 2138 lanei
1469 2066 1712 2157 cmethonales,
1739 2064 1783 2135 de

236 2186 355 2277 quibus
383 2186 542 2259 omnibus
570 2186 718 2259 solvitur
744 2187 877 2258 decima
902 2187 1128 2278 manipularis
1154 2193 1218 2278 pro
1245 2187 1488 2259 mansionariis
1515 2187 1551 2258 in
1578 2185 1782 2259 0szwan·
1895 2264 1899 2270 ἡ
1936 2202 1939 2210 ·

235 2307 361 2399 ezim,
388 2308 486 2382 cuius
513 2306 611 2381 valor
637 2307 681 2379 ad
709 2312 785 2380 octo
812 2328 947 2381 marcas
974 2310 1189 2380 aestimatur.

333 2427 608 2520 Mourowmzn,
643 2428 725 2500 villa
752 2430 816 2502 sub
843 2430 1008 2521 parochia
1035 2429 1078 2501 de
1104 2428 1417 2502 Oszwanczim
1454 2429 1540 2521 sita,
1576 2428 1673 2500 cuius
1704 2448 1781 2520 pro·

234 2549 361 2641 pristas
388 2550 433 2622 ad
460 2550 719 2643 serenissimum
745 2550 910 2623 Poloniao
937 2572 1055 2643 regem
1091 2552 1251 2641 pertinet.
1294 2550 1335 2621 In
1363 2572 1432 2642 qua
1458 2554 1539 2622 sunt
1573 2548 1666 2622 lanei
1692 2569 1782 2621 eme-

236 2671 412 2763 thonalcs,
447 2672 491 2744 de
518 2673 644 2768 quibus
671 2672 819 2746 solvitur
853 2672 986 2745 decima
1020 2672 1210 2765 pecunialis
1247 2672 1455 2747 scholastico
1481 2670 1714 2763 cracoviensi,
1741 2670 1785 2742 de

236 2793 389 2883 quolibet
415 2794 516 2867 laneo
542 2815 632 2886 per.
652 2832 686 2866 .·.
705 2850 712 2865 .
731 2850 739 2865 .

336 2914 514 3006 Bnnrczn,
541 2916 625 2988 uilla
651 2916 715 2988 snb
741 2915 908 3007 parochia
934 2914 977 2987 de
1003 2914 1316 2989 Oszwanczim
1343 2916 1425 3006 sita,
1462 2914 1560 2987 cuius
1586 2915 1783 3005 proprietas

235 3034 277 3105 ad
302 3055 421 3127 regem
448 3035 613 3107 Poloniae
639 3036 801 3127 pertinet.
827 3036 878 3107 In
896 3056 967 3127 qua
994 3042 1075 3109 sunt
1101 3037 1194 3108 lanei
1221 3036 1465 3126 cmethonales,
1491 3036 1535 3107 de
1562 3036 1688 3127 quibus
1714 3033 1785 3105 sol·

234 3155 325 3227 uitur
352 3156 489 3229 decima
514 3157 705 3248 pecunialis
732 3157 938 3229 scholastico
967 3155 1209 3247 Gracoviensi,
1236 3157 1279 3228 de
1306 3156 1462 3247 quolibet
1487 3156 1588 3228 laneo
1614 3176 1679 3256 per
1696 3210 1703 3226 .
1722 3209 1730 3225 .

333 3276 699 3371 Znaoscnnowrczn,
735 3278 819 3352 villa
854 3278 918 3352 sub
945 3279 1112 3370 parochia
1138 3278 1182 3351 de
1216 3276 1530 3352 Oszwanczim
1567 3276 1651 3368 sita,
1687 3275 1785 3348 cuius

236 3399 431 3490 proprietas
459 3399 503 3472 ud
529 3400 777 3473 monasterium
813 3401 848 3471 in
875 3397 1186 3474 Oszwanczim
1212 3401 1376 3492 pertinet.
1419 3400 1461 3471 In
1493 3419 1561 3491 qua
1587 3403 1668 3471 sunt
1693 3397 1785 3473 lanei
1901 3440 1904 3445 >
1936 3479 1945 3486 ,

235 3521 488 3612 cmethonales,
524 3522 567 3594 de
595 3523 719 3614 quibus
746 3521 904 3595 omnibns
940 3523 1089 3595 solvitur
1115 3523 1249 3595 decima
1274 3521 1501 3614 manipularis
1527 3519 1639 3595 eidem
1665 3538 1785 3591 mona-

236 3641 339 3715 sterio
367 3643 405 3714 in
433 3640 752 3716 Oszuanczim.

336 3763 717 3854 Fanncrsc'nowrczn,
757 3763 840 3836 villa
874 3764 940 3836 sub
966 3763 1131 3855 parochia
1157 3763 1201 3835 de
1227 3761 1541 3836 Oszwanczim
1566 3763 1653 3853 sita,
1688 3761 1787 3834 cuins

235 3881 355 3957 haeres
384 3883 551 3958 Nicotaus
576 3885 776 3976 Plassky
803 3884 846 3957 de
873 3885 979 3956 armis
998 3939 1112 3955 .....
1156 3885 1198 3955 In
1224 3905 1293 3976 qua
1318 3883 1519 3957 suntlauei
1545 3881 1787 3970 cmethonales,

237 4004 433 4096 dequibus
461 4007 620 4079 omnibus
655 4006 803 4079 solvitur
829 4011 865 4078 et
892 4005 1096 4079 conducitur
1130 4005 1266 4110 decima
1290 4005 1517 4097 manipularis
1548 4009 1587 4076 et
1612 4001 1787 4094 canapalis

237 4128 434 4218 praeposito
461 4126 900 4218 Oszwanczimensi,
928 4128 1025 4199 ouius
1052 4127 1152 4200 valor
1177 4127 1223 4199 ad
1250 4147 1311 4200 sex
1336 4147 1472 4199 marcas
1499 4125 1714 4199 aestimatur.

337 4248 642 4340 Scnrnaowmzs,
669 4249 753 4321 silla
779 4249 843 4321 sub
870 4249 1036 4339 parochia
1063 4249 1106 4320 de
1133 4247 1448 4321 Os‘zwanczim
1475 4247 1553 4340 sita
1580 4247 1678 4320 cuius
1704 4264 1786 4336 prc-

237 4369 366 4458 prietas
394 4369 439 4442 ad
465 4371 700 4462 praepositum
727 4369 1079 4443 Oszwanozimensem
1105 4371 1266 4462 pertinet.
1305 4369 1346 4440 In
1374 4390 1442 4461 qua
1468 4367 1707 4441 tantummodo
1736 4373 1789 4438 est

238 4491 418 4579 praedium
444 4492 634 4583 praepositi
653 4498 688 4564 et
706 4491 937 4564 molendinum
965 4513 1039 4565 cunr
1068 4493 1163 4584 agris
1190 4491 1457 4582 abundantibus,
1484 4490 1527 4562 de
1546 4489 1671 4580 quibus
1688 4508 1789 4579 prae-

240 4612 375 4701 positus
403 4613 497 4685 solus
524 4613 617 4685 tollit
643 4613 811 4686 decimam
837 4634 901 4705 pro
929 4633 975 4686 se.

341 4732 495 4825 Lnunr,
531 4733 616 4806 villa
641 4735 705 4806 sub
733 4735 899 4825 parochia
925 4734 967 4806 de
994 4732 1304 4807 Oszwanczim
1339 4733 1425 4824 sita,
1463 4733 1561 4804 cuins
1592 4729 1789 4823 proprietas

239 4850 281 4923 ad
307 4873 427 4944 regem
453 4855 614 4946 pertinet.
658 4854 698 4925 In
726 4875 795 4946 qua
822 4859 903 4927 sunt
937 4855 1029 4926 lanei
1065 4855 1318 4945 emethonaleS,
1354 4853 1397 4925 de
1425 4853 1550 4944 quibus
1576 4850 1726 4923 solvitur
1753 4855 1790 4921 et

240 4973 444 5048 conducitur
470 4975 604 5048 decima
629 4975 855 5067 manipularis
883 4981 919 5047 et
946 4976 1122 5067 canapalis
1155 4995 1220 5067 pro
1245 4975 1445 5066 praeposito
1471 4969 1790 5060 Oszuanczimensi,
1903 4981 1909 4988 ·

240 5099 274 5166 ct
299 5095 400 5169 valor
426 5097 501 5169 eins
527 5097 730 5169 aestimatur
755 5096 798 5168 ad
826 5116 887 5170 sex
914 5117 1057 5168 marcas.

341 5217 545 5309 Brnunur,
575 5217 659 5288 villa
684 5217 816 5290 habens
843 5219 879 5288 in
906 5239 944 5291 se
972 5217 1158 5308 oraculum,
1184 5216 1250 5289 suh
1276 5237 1361 5290 cura
1385 5215 1524 5308 plebani
1550 5214 1595 5287 de
1620 5212 1786 5303 Kanthy

240 5341 275 5407 et
300 5337 385 5410 villa
410 5339 564 5430 pertinet
590 5339 634 5410 ad
660 5339 910 5429 proprietatem
938 5339 1032 5431 regis
1058 5339 1274 5411 Poloniae.....

341 5458 630 5552 Korczowrczn,
658 5461 742 5532 villa
768 5462 832 5533 sub
859 5461 1024 5551 parochia
1051 5461 1094 5531 de
1121 5458 1433 5532 Oszwanczim
1459 5458 1548 5548 sita,
1584 5457 1682 5529 cuius
1708 5457 1791 5528 hae·

242 5577 340 5652 redes
369 5587 450 5652 sunt
477 5586 626 5671 quatuor
653 5581 697 5652 de
723 5583 828 5652 armis
849 5637 989 5651 ......
1017 5582 1057 5652 In
1085 5602 1154 5672 qua
1181 5602 1249 5653 non
1276 5585 1359 5653 sunt
1385 5579 1599 5669 cmethones,
1627 5578 1793 5649 decimam

344 5863 394 5910 hlt.
405 5867 503 5912 amado.
516 5867 549 5914 Π.
926 5877 934 5887 ·
1587 5851 1626 5904 29
