4550 6600
527 744 602 821 430

525 953 778 1045 cmcthoualera,
805 953 887 1025 item
914 952 1100 1046 tabernae,
1126 953 1211 1029 item
1229 953 1469 1048 hortulaniae,
1496 956 1684 1049 dequibus
1711 957 1860 1031 solvitur
1884 963 1922 1031 et
1947 956 2068 1033 coodu-

524 1076 616 1147 citur
651 1075 783 1147 decima
817 1074 1044 1166 manipularis
1072 1080 1108 1148 et
1134 1078 1310 1168 canapalis
1345 1098 1410 1168 pro
1442 1080 1604 1169 episcopo
1641 1078 1881 1171 Gracorienai,
1916 1086 1954 1153 et
1980 1082 2069 1153 valor

525 1198 599 1269 eiua
626 1198 832 1270 aestimatur
850 1198 896 1270 ad
915 1203 1064 1289 quatuor
1090 1219 1235 1271 marcas.
1261 1199 1350 1290 Item
1376 1204 1431 1271 est
1457 1201 1507 1272 ihi
1533 1202 1714 1291 praedium
1741 1202 1912 1292 militare,
1939 1202 1986 1273 de
2009 1224 2069 1292 quo

526 1318 719 1391 decimatur
746 1319 911 1391 ecclesiae
938 1320 975 1391 in
1002 1318 1251 1411 Sczuczin,
1287 1327 1324 1392 et
1348 1321 1448 1397 valor
1473 1322 1549 1403 eius
1575 1322 1620 1395 ad
1646 1328 1721 1395 tres
1747 1344 1891 1395 marcae.
1925 1323 2017 1394 Item
2039 1325 2069 1395 in

526 1440 646 1511 eadem
665 1440 749 1513 villa
775 1440 1102 1532 Szmogorzou,
1128 1442 1236 1513 hahet
1253 1442 1399 1517 ecclesia
1416 1444 1452 1513 in
1475 1442 1699 1515 Sczucain
1726 1466 1830 1516 unum
1850 1446 2070 1533 cmethoncn,

527 1562 712 1637 habentem
748 1560 904 1653 laneum,
941 1563 1000 1653 qui
1027 1568 1172 1635 consuat
1206 1563 1370 1635 ecclesiae
1396 1564 1433 1636 in
1469 1564 1695 1638 Scauczin
1738 1572 1812 1637 tres
1842 1566 2017 1655 fertones,
2041 1574 2070 1637 et

527 1682 675 1754 decimat
693 1682 736 1755 de
756 1684 914 1755 omnihus
942 1670 1036 1774 agria
1063 1684 1230 1757 ecclesiae
1256 1684 1293 1755 in
1320 1683 1563 1778 Sczuczin,
1589 1691 1626 1758 et
1642 1687 1777 1759 decima
1803 1688 2011 1759 aestimatur
2034 1688 2071 1758 ad

526 1824 630 1875 unam
657 1825 818 1877 marcam.
845 1804 934 1877 Item
961 1810 1101 1877 tenetur
1128 1806 1241 1878 eidem
1268 1807 1447 1899 laborare,
1474 1813 1510 1880 et
1526 1830 1607 1905 aycp
1634 1809 1787 1900 solvere,
1813 1815 1887 1880 tres
1914 1808 2071 1879 videlicet

527 1927 651 2007 choros
677 1946 860 1999 mensurae
887 1924 1062 1999 confertae
1088 1928 1216 2019 tritici,
1242 1933 1279 2001 ot
1304 1934 1377 2001 tres
1403 1950 1553 2021 avenae,
1580 1951 1642 2003 sen
1668 1930 1836 2022 siliginis,
1862 1932 1974 2003 etiam
1999 1951 2071 2001 con·

526 2046 645 2119 fertue.
671 2047 758 2119 Item
786 2048 872 2121 duos
900 2068 1057 2140 capones,
1084 2055 1235 2140 quatuor
1261 2070 1390 2142 caseos,
1416 2052 1563 2142 triginta
1589 2073 1664 2126 ova.

632 2168 828 2259 Toronrn,
859 2170 944 2241 villa
971 2170 1035 2242 snb
1062 2171 1229 2260 parochia
1263 2172 1307 2243 de
1326 2227 1467 2244 ......
1494 2174 1571 2245 sita
1597 2174 1638 2245 In
1666 2179 1842 2265 quaeunt
1866 2174 1963 2246 lanei
1990 2192 2071 2245 cme

527 2290 704 2382 thonales,
731 2292 815 2363 item
841 2292 1025 2383 tabernae,
1053 2293 1135 2364 item
1162 2292 1402 2385 hortolaniae,
1429 2294 1625 2386 dequibus
1644 2350 1814 2367 .......
1831 2296 1921 2367 Item
1948 2301 2006 2366 est
2029 2296 2071 2367 ibi

383 2506 386 2509 .
527 2411 706 2502 praedium
733 2412 903 2503 militare,
939 2412 982 2485 de
1009 2413 1105 2486 cuius
1132 2414 1227 2504 agris
1253 2415 1402 2487 solvitur
1427 2414 1561 2489 decima
1585 2416 1752 2488 ecclcsiae
1778 2418 1815 2487 in
1842 2415 2071 2503 Sczuczin,

528 2534 625 2605 cuius
661 2532 759 2606 valor
786 2532 831 2605 ad
857 2538 930 2606 tros
965 2554 1109 2607 marcas.
1145 2535 1233 2608 Item
1261 2535 1368 2609 habet
1395 2538 1431 2608 iu
1457 2538 1579 2610 eadem
1606 2539 1689 2611 villa
1724 2537 1933 2629 Topolya
1967 2560 2072 2628 agros,

528 2674 589 2727 eeu
615 2674 703 2727 arva
729 2660 823 2727 certa
850 2656 914 2727 sub
941 2656 1073 2747 piscina
1108 2657 1250 2749 curiali,
1286 2679 1329 2730 ex
1354 2663 1503 2750 utraque
1530 2664 1629 2751 parte
1655 2660 1750 2732 duvii
1777 2660 1928 2731 iacentia
1956 2679 2071 2731 versus

528 2774 834 2851 Stobniczam.

631 2896 946 2989 Dnnosuownoza,
983 2898 1066 2971 villa
1101 2900 1166 2971 suh
1196 2900 1363 2991 parochia
1379 2954 1569 2973 ........
1595 2902 1673 2973 sita.
1707 2901 1748 2973 In
1774 2923 1844 2993 qna
1870 2907 1955 2974 sunt
1989 2903 2072 2973 lanei

528 3018 780 3108 enethonales,
797 3018 850 3089 -de
877 3018 1003 3109 quihus
1029 3020 1178 3093 solvitur
1195 3026 1232 3093 ct
1249 3022 1473 3114 conducitur,
1500 3023 1634 3097 decima
1660 3024 1886 3115 manipularis
1912 3029 1951 3093 et
1976 3046 2072 3095 cana-

507 3142 616 3227 ,palis
642 3160 706 3230 pro
734 3139 879 3211 ecclesia
906 3140 941 3211 iu
968 3140 1208 3234 Sczuczin,
1236 3148 1273 3215 et
1299 3144 1397 3215 valor
1423 3145 1497 3215 eius
1523 3145 1569 3217 ad
1595 3167 1699 3217 uuam
1726 3167 1888 3218 marcam.

605 3236 854 3353 'Lunensem
889 3262 973 3336 villa
999 3264 1063 3335 sub
1098 3265 1265 3355 parochia
1302 3265 1347 3338 de
1364 3321 1561 3338 ........
1588 3268 1667 3340 situ.
1702 3269 1742 3340 In
1769 3290 1839 3359 qua
1874 3272 1959 3340 sunt
1987 3268 2072 3338 lanei

529 3383 779 3473 emethonalcs,
805 3361 849 3455 de
868 3384 993 3474 quihus
1011 3386 1160 3458 solvitur
1178 3387 1311 3460 decima
1328 3389 1364 3459 in
1382 3387 1605 3461 Sczuczin
1615 3444 1624 3481 ,
1642 3391 1740 3461 cuius
1759 3390 1857 3462 valor
1875 3390 2072 3462 aestimator

302 3589 306 3597 ι
402 3517 409 3522 ·
530 3505 573 3576 ad
601 3525 707 3577 unum
733 3503 912 3578 fertonem.

504 3677 506 3683 s
632 3626 884 3719 SranmemA,
911 3627 995 3701 villa
1013 3629 1077 3703 suh
1096 3631 1262 3720 parochia
1287 3630 1332 3702 de
1350 3686 1465 3704 .....
1492 3633 1570 3705 sita.
1597 3633 1638 3705 In
1666 3655 1736 3725 qua
1762 3638 1845 3705 eunt
1869 3633 1963 3704 lanei
1989 3651 2071 3704 cmo

527 3748 707 3848 thonalm,
733 3749 777 3821 de
803 3750 928 3840 quibus
964 3751 1156 3824 decimatur
1182 3753 1218 3822 in
1244 3751 1488 3845 Scauczin,
1524 3760 1560 3826 et
1586 3755 1685 3829 valor
1720 3756 1875 3827 decimae
1902 3754 1947 3828 ad
1974 3775 2070 3826 uuum

527 3870 696 3942 fertonem
724 3872 936 3944 aestimatur.

629 3993 861 4084 Rarunoru,
889 3993 971 4066 villa
996 3995 1060 4066 suh
1087 3973 1254 4086 parochia
1280 3995 1324 4068 de
1344 4050 1481 4068 ......
1507 3999 1584 4070 sita
1611 3997 1651 4070 Iu
1679 4003 1830 4088 quaest
1856 4019 1999 4089 campus
2023 3997 2069 4068 di·

528 4119 605 4185 ctus
631 4114 824 4205 Blonye,
850 4113 894 4186 de
920 4116 1018 4188 cuius
1045 4117 1139 4207 agria
1158 4117 1351 4190 decimatur
1367 4139 1430 4210 pro
1449 4119 1595 4192 ecclesia
1612 4121 1648 4191 in
1666 4119 1908 4211 Sczuczin,
1924 4126 1963 4192 et
1980 4119 2070 4193 valor

529 4235 604 4306 eius
630 4235 675 4306 ad
701 4257 808 4308 unum
834 4235 1004 4315 fertonem
1030 4238 1246 4312 aestimatur.
1350 4243 1355 4258 '
1574 4241 1579 4248 '

627 4356 841 4451 ‘Snununcm
878 4358 960 4430 villa
987 4361 1051 4456 aab
1079 4361 1245 4452 parochia
1277 4362 1322 4434 de
1347 4361 1571 4434 Sczuczin
1597 4364 1674 4435 sita
1694 4363 1749 4446 ¹In
1777 4383 1847 4454 qua
1872 4369 1958 4436 snut
1986 4364 2070 4435 lanei

529 4479 780 4571 cmethonales,
816 4480 900 4552 item
926 4481 1110 4574 tabernac,
1146 4483 1230 4554 item
1261 4483 1500 4575 hortulaniae,
1535 4475 1578 4556 de
1605 4485 1730 4576 quihus
1757 4485 1907 4557 solvitur
1933 4491 1971 4556 et
1996 4505 2069 4556 oon·

528 4602 667 4675 ducitur
693 4601 826 4674 decima
852 4603 1075 4696 manipularis
1103 4609 1139 4676 et
1165 4605 1340 4695 canapalis
1366 4627 1430 4695 pro
1458 4606 1619 4697 episcopo
1653 4604 1892 4696 (lemoviensi,
1918 4612 1956 4678 et
1983 4607 2071 4679 valor

528 4725 603 4796 eius
630 4723 674 4795 ad
701 4723 786 4796 duas
813 4744 958 4797 marcas.
993 4725 1080 4798 Item
1107 4732 1165 4798 est
1190 4725 1240 4798 ihi
1266 4725 1446 4816 praedium
1482 4722 1651 4818 militare,
1687 4734 1723 4800 et
1749 4729 1950 4800 cmethonea
1976 4733 2070 4818 atquc

529 4847 604 4936 agri
632 4866 674 4917 ex
702 4845 814 4918 altera
849 4851 949 4937 parte
985 4846 1148 4920 Vislaa
1183 4848 1356 4938 iuuentae,
1392 4848 1436 4920 de
1463 4850 1602 4940 quibua
1622 4848 1814 4921 decimatur
1848 4849 2069 4922 ecclesiaeiu

528 4967 769 5059 Sczuczin,
796 4973 832 5040 et
857 4969 955 5042 valor
981 4968 1134 5041 decimae
1161 4969 1206 5040 ad
1232 4991 1338 5042 unum
1363 4968 1534 5042 fertonem
1560 4951 1774 5043 aestimatur.

632 5087 852 5161 Kusscnrnn
886 5088 1053 5181 'Wourn,
1096 5089 1180 5163 villa
1215 5091 1280 5162 snb
1307 5092 1475 5181 parochia
1507 5092 1551 5163 dc
1570 5147 1687 5164 .....
1722 5094 1799 5178 sita
1834 5093 1876 5164 In
1903 5096 2069 5185 quaeunt

529 5208 621 5281 lanei
648 5210 899 5302 cnethonales,
935 5210 979 5282 de
1006 5209 1130 5301 quibus
1157 5211 1306 5284 soluitur
1331 5217 1367 5284 et
1393 5212 1596 5285 conducitur
1622 5215 1757 5286 decima
1782 5215 1818 5286 in
1845 5213 2068 5298 Sczucziu,

529 5337 565 5402 et
590 5332 688 5405 valor
714 5333 789 5404 eins
816 5331 860 5404 ad
887 5353 989 5404 unam
1015 5353 1178 5404 marcam.

633 5452 748 5526 Villae
774 5453 1008 5544 parochiales:
1036 5453 1259 5527 Sczuczin
1261 5509 1410 5528 .....

1190 5574 1425 5649 Oaruscuuo.

634 5693 729 5766 Villa
754 5693 888 5766 hahens
913 5695 950 5766 in
976 5716 1014 5768 ue
1041 5696 1223 5770 ecclesiam
1248 5698 1503 5788 parochialem,
1529 5699 1566 5770 in
1583 5699 1752 5772 honorem
1778 5697 1928 5772 Sanctae
1953 5699 2068 5773 Gathe
