4550 6600
468 776 473 791 ⁸
499 762 569 833 152

495 972 531 1038 et
562 968 637 1058 agri
674 967 818 1039 duarum
849 968 1125 1040 hortulaniarum
1162 969 1302 1042 solvunt
1337 968 1505 1041 decimam
1535 969 1785 1060 manipularem
1816 990 1881 1062 pro
1910 970 2045 1042 vicaria

494 1088 713 1178 praebendae
739 1088 993 1181 cracoviensis,
1025 1110 1118 1181 qnae
1145 1090 1321 1180 Topolslra
1347 1090 1560 1181 appellatur,
1597 1090 1693 1162 aliud
1720 1097 1836 1164 autem
1861 1090 2045 1183 praedium

493 1209 643 1281 militare
668 1208 904 1300 praelatorum
929 1210 1105 1301 Zegothae
1132 1218 1170 1284 et
1194 1212 1403 1304 Rapbaelis,
1439 1213 1483 1284 de
1510 1213 1607 1285 cuius
1638 1214 1735 1303 agris
1760 1213 1954 1285 decimatur
1979 1233 2047 1304 pro

493 1330 638 1403 ecclesia
664 1330 700 1401 in
728 1330 1025 1422 Nyegardow,
1053 1339 1088 1404 et
1114 1335 1214 1405 valor
1239 1335 1314 1406 eius
1341 1334 1548 1407 aestimatur
1573 1334 1618 1405 ad
1645 1340 1794 1425 quatuor
1820 1354 1965 1405 marcas
2010 1372 2017 1381 ·

595 1452 922 1545 Prounnownczu,
949 1455 1033 1526 villa
1050 1455 1114 1526 sub
1132 1455 1299 1545 parochia
1315 1455 1359 1527 de
1382 1454 1672 1545 Nyegardow
1689 1456 1777 1546 sita,
1803 1456 1901 1526 cuius
1918 1456 2045 1527 haeres

492 1574 637 1663 Spitbek
664 1574 982 1666 Melstbinsky
1013 1575 1177 1677 dedomo
1205 1575 1397 1667 Lelywa
1436 1560 1478 1646 In
1497 1597 1565 1667 qua
1581 1581 1664 1647 sunt
1679 1576 1772 1648 lanei
1795 1576 2041 1666 cmetbonales,

491 1695 686 1785 dequibus
719 1697 867 1768 solvitur
900 1702 936 1767 et
963 1696 1167 1769 conducitur
1203 1697 1336 1768 decima
1361 1698 1588 1787 manipularis
1623 1702 1661 1768 et
1686 1697 1862 1788 canapalis
1892 1697 2043 1787 plebano

491 1816 527 1886 in
554 1816 842 1907 Nyegardow
878 1838 941 1909 pro
972 1823 1128 1908 tempore
1164 1818 1338 1890 existenti.
1378 1819 1466 1890 Item
1500 1824 1555 1890 est
1590 1819 1638 1890 ibi
1673 1818 1853 1909 praedium
1887 1818 2040 1889 militare

492 1937 583 2026 quod
611 1938 760 2011 decimat
786 1994 883 2010 .....
883 1984 885 1989 ,
894 1994 901 2009 .
1927 1925 1932 1936 ⁶

596 2057 761 2152 qucur,
797 2060 880 2132 villa
906 2062 971 2133 sub
1002 2062 1169 2152 parocbia
1198 2062 1241 2133 de
1274 2062 1564 2152 Nyegardow
1591 2061 1677 2152 sita,
1712 2058 1818 2132 cuins
1843 2060 2043 2151 proprietas

490 2200 553 2271 pro
580 2202 650 2252 una
676 2187 776 2273 parte
804 2184 849 2253 ad
875 2182 1108 2272 praebendam
1135 2182 1412 2275 Oracoviensem,
1449 2204 1538 2275 qnae
1564 2181 1871 2255 Ozecbowslra
1896 2186 2043 2253 vocatur

490 2303 655 2393 pertinet,
684 2304 720 2373 in
739 2324 807 2394 qua
833 2310 915 2375 sunt
941 2309 1014 2375 tres
1032 2304 1123 2374 lanei
1150 2304 1399 2396 cmetbcnales,
1426 2304 1613 2394 dequibus
1639 2324 1704 2394 pro
1722 2324 1827 2374 ceusu
1853 2308 1891 2374 et
1907 2303 2044 2373 decima

490 2430 526 2494 et
548 2425 707 2498 omnibus
734 2424 842 2495 deciis
869 2424 1008 2497 solvunt
1024 2424 1244 2514 praebendae
1262 2424 1501 2515 Gracoviensi,
1528 2424 1677 2497 sedecim
1704 2444 1782 2496 cum
1808 2422 1924 2495 medin
1949 2443 2042 2493 mar·

490 2566 567 2635 cas;
595 2546 740 2617 alteram
759 2551 873 2617 autem
901 2552 1037 2635 partem
1055 2546 1158 2618 villae
1184 2548 1314 2618 habent
1331 2546 1484 2618 Iacobus
1511 2545 1786 2636 Slupowsky
1812 2551 1849 2616 et
1866 2545 2040 2616 Falislaus

490 2665 652 2739 dedomo
679 2667 873 2758 Lelyua,
902 2654 1059 2758 quaeda
1086 2668 1221 2740 duobus
1243 2668 1395 2758 praediis
1422 2668 1495 2739 suls
1522 2667 1671 2738 decimat
1696 2667 1860 2738 ecclesiae
1878 2664 2041 2737 Omnium

489 2787 713 2879 Sanctorum,
748 2789 882 2861 mediae
917 2790 1028 2880 partis
1054 2790 1190 2879 ligneae
1215 2790 1252 2859 in
1279 2788 1528 2878 Gracovia3
1553 2793 1590 2859 et
1616 2793 1698 2860 sunt
1724 2788 1760 2858 in
1786 2787 1908 2858 eadem
1934 2792 2040 2877 parte

489 2908 631 2979 militari
658 2916 808 3000 quatuor
833 2910 927 2982 lanei
954 2911 1206 3002 cmetbonales,
1233 2892 1382 3002 'quatuor
1409 2910 1628 2982 hortulaniae
1654 2915 1691 2980 et
1716 2928 1787 2979 una
1811 2909 1969 2998 taberna,
1996 2907 2042 2977 de

491 3031 614 3119 quibus
642 3030 834 3103 decimatur
861 3032 1026 3103 ecclesiae
1052 3032 1088 3102 in
1106 3031 1403 3123 Nyegardow,
1431 3028 1528 3102 cuiu's
1554 3030 1653 3102 valor
1679 3028 1724 3101 ad
1750 3029 1868 3101 decern
1893 3048 2041 3099 marcas.

485 3182 487 3193 ·
526 3208 529 3221 .
592 3152 898 3243 Buunrnowrczn,
925 3152 1008 3223 villa
1034 3155 1097 3225 sub
1115 3154 1282 3243 parocbia
1307 3153 1351 3224 de
1370 3152 1403 3223 N
1411 3152 1657 3244 yagardow
1680 3152 1758 3241 situ,
1786 3150 1884 3222 cuius
1910 3151 2038 3221 haeres

488 3268 635 3362 Spithlro
662 3270 889 3345 Melsthin
902 3273 993 3366 sky.
1028 3273 1068 3344 In
1087 3295 1156 3367 qua
1182 3279 1264 3347 snut
1291 3278 1441 3366 quatuor
1466 3273 1559 3345 lanei
1584 3272 1830 3363 cmetbcnales,
1857 3271 1942 3344 item
1967 3290 2041 3342 nna

486 3394 655 3484 taberna,
687 3394 730 3465 de
758 3395 881 3486 quibus
917 3397 1075 3468 omnibus
1103 3397 1250 3468 solvitur
1285 3401 1322 3468 ot
1348 3396 1552 3468 conducitur
1587 3395 1722 3466 decima
1744 3393 1974 3483 manipularis
2000 3398 2039 3463 et

488 3515 662 3605 canapalis
688 3516 907 3606 praebendae
934 3516 1172 3609 Oracoviensi,
1208 3537 1295 3608 quae
1321 3521 1466 3590 vocatur
1491 3517 1741 3605 Zakrzowska,
1775 3520 1811 3586 et
1836 3514 1937 3586 ralur
1962 3515 2039 3585 eius

486 3637 691 3710 aestimatur
717 3638 762 3709 ad
780 3643 911 3729 septem
938 3659 1081 3711 marcas.
1121 3640 1210 3711 Item
1236 3645 1325 3713 sunt
1344 3640 1394 3712 ibi
1412 3639 1473 3710 alii
1500 3645 1648 3730 quatuor
1673 3637 1765 3708 lanei
1791 3635 2039 3725 cmetbcnales,

487 3756 529 3827 de
548 3759 671 3849 quibus
699 3760 846 3832 solvitur
863 3760 996 3833 decima
1017 3761 1245 3852 manipularis
1271 3762 1308 3832 in
1326 3761 1633 3853 Nyegardow‚
1660 3765 1697 3831 ct
1713 3758 1813 3830 valor
1829 3757 1905 3828 eins
1930 3757 2038 3828 aesti-

487 3885 601 3952 matur
628 3881 672 3952 ad
699 3888 830 3973 septem
857 3895 1000 3955 marcas.
1040 3885 1127 3955 Item
1154 3905 1223 3954 non
1250 3889 1305 3956 cst
1330 3865 1519 3974 praedium.
1766 3879 1775 3890 ’

593 4001 849 4095 nnuuwrczu,
881 4005 965 4075 villa
991 4005 1055 4076 sub
1081 4004 1249 4096 parocbia
1284 4006 1327 4076 de
1354 4003 1643 4095 Nyegardow
1668 4002 1754 4092 sita,
1789 4001 1825 4071 in
1852 4019 1922 4091 qua
1954 4005 2040 4071 snut

485 4121 578 4193 lanei
605 4125 847 4216 cmethonaleS,
874 4126 957 4197 item
984 4127 1164 4216 tabernae,
1192 4127 1277 4197 item
1302 4125 1540 4216 hortulaniae,
1568 4123 1754 4215 dequibus
1781 4123 1950 4214 omnibus,
1966 4121 2037 4192 sol-

486 4243 581 4315 uitur
607 4251 644 4316 et
662 4245 864 4318 conducitur
882 4247 1014 4318 decima
1031 4247 1257 4338 manipularis
1276 4301 1350 4318 ....
1376 4247 1465 4318 Item
1481 4247 1650 4337 plebanus
1677 4247 1721 4317 de
1746 4243 2038 4336 Nyegardow

486 4365 573 4436 nihil
600 4367 649 4437 ibi
675 4367 792 4452 habet,
818 4374 960 4459 praeter
987 4370 1284 4442 columbationem.

588 4486 961 4581 Monnncznownczn,
997 4491 1079 4563 villa
1114 4492 1179 4562 snb
1205 4490 1371 4581 parochia
1404 4489 1448 4562 de
1474 4489 1508 4561 N
1515 4488 1760 4581 yagardow
1785 4487 1867 4578 sita,
1902 4487 1939 4557 in
1966 4505 2038 4576 qua

486 4615 571 4681 sunt
593 4611 686 4682 lanei
713 4587 964 4702 cmethonaIeS,
1001 4612 1043 4683 de
1071 4613 1196 4703 quibus
1222 4613 1368 4684 solvitur
1403 4613 1536 4683 decima
1565 4610 1790 4700 manipularis
1816 4607 2036 4699 praebendae

485 4731 603 4802 Sancti
630 4731 814 4804 Adalbcrti
839 4735 875 4805 in
894 4731 1139 4824 Oretania,
1167 4739 1203 4805 et
1220 4733 1319 4806 valor
1345 4735 1420 4804 eius
1447 4733 1652 4804 aestimatur
1677 4731 1722 4803 ad
1862 4730 1951 4801 Item
1978 4733 2036 4799 est

487 4852 535 4922 ibi
562 4853 742 4944 praedium
769 4855 928 4946 militare,
956 4854 998 4961 de
1026 4875 1093 4946 quo
1120 4856 1312 4926 decimatur
1336 4857 1372 4926 in
1399 4853 1696 4947 Nyegardow.

1122 4976 1394 5049 Lrunonmczn.

588 5095 683 5170 Villa
709 5097 842 5172 habens
879 5098 1057 5172 eeclesiam
1083 5097 1316 5189 parochialem
1351 5097 1498 5170 Sanctae
1525 5095 1629 5168 Cruci
1655 5095 1819 5185 dicatam,
1855 5098 1893 5165 et
1918 5090 2036 5165 coctili
2073 5105 2080 5117 '

485 5217 595 5291 latere
621 5241 684 5310 per
710 5221 913 5311 magistrum
940 5220 1120 5292 Nicolaum
1151 5219 1441 5296 ltinczumicz
1463 5219 1678 5290 canonicum
1705 5215 1970 5288 cracoviensem
1996 5220 2034 5284 et

484 5342 668 5430 plebanum
703 5347 785 5414 tunc
811 5343 847 5413 in
874 5341 904 5413 L
913 5340 1197 5433 yuborzicua
1221 5347 1408 5430 muratam,
1436 5341 1532 5411 cuius
1558 5340 1756 5431 proprietas
1783 5338 1829 5409 ad
1854 5335 2033 5426 episcopa-

483 5469 556 5532 tum
585 5462 845 5536 Gracoviensem
880 5465 1045 5554 pertinet,
1081 5463 1135 5562 ius
1162 5484 1246 5535 vero
1281 5466 1486 5552 patronatus
1519 5468 1556 5532 ut
1582 5461 1739 5550 collatio,
1775 5459 1821 5531 ad
1850 5463 2032 5545 rectorem,

484 5583 641 5655 doctores
669 5590 706 5655 et
731 5587 916 5674 magistros
951 5557 1190 5656 universitatis
1225 5583 1482 5674 cracoviensis
1518 5583 1637 5672 vigore
1664 5580 1955 5672 incorporationis
1981 5579 2031 5648 eis

483 5723 547 5799 per
572 5705 688 5778 sedem
715 5707 939 5800 apostolicam
965 5705 1085 5779 laetae.
1125 5706 1165 5777 In
1185 5725 1253 5797 qna
1279 5711 1361 5778 sunt
1387 5705 1646 5798 quatuordecim
1671 5704 1764 5776 lanei
1789 5701 2032 5793 cmetbcnales,
