4550 6600
710 896 755 1011 in
790 930 967 1011 Nomine
1002 928 1166 1027 Domini
1199 929 1345 1015 Amen.

352 1154 522 1246 Sbigneus
557 1152 781 1229 miseratione
816 1152 934 1223 divina
968 1150 1062 1223 tituli
1089 1149 1238 1222 Sanctae
1264 1150 1423 1244 Priscae,
1452 1152 1598 1227 Sanctae
1624 1157 1801 1229 Romanae

238 1278 414 1349 ecclesiae
454 1277 638 1367 presbyter
678 1274 863 1372 cardinalis
908 1279 945 1345 et
979 1273 1162 1367 episcopus
1204 1270 1453 1345 Gracoviensis.
1507 1274 1563 1346 Aa
1599 1283 1803 1367 perpetuam
1843 1338 1846 1344 .

238 1402 297 1471 rei
338 1399 547 1471 memoriam.
589 1396 718 1469 Nostra
751 1395 938 1486 pastoralis
974 1416 1059 1466 cura
1096 1393 1217 1494 officii!
1236 1394 1361 1485 erigit,
1388 1398 1429 1466 ut
1463 1414 1505 1467 ea
1540 1416 1627 1486 quae
1662 1397 1708 1468 ad
1742 1418 1803 1488 pa-

240 1541 323 1592 cem
352 1526 389 1592 et
415 1520 632 1595 charitatem¹
651 1516 805 1589 fidelium
841 1515 941 1603 nobis
958 1556 962 1565 .
978 1514 1196 1588 subditorum
1228 1514 1406 1607 divinique
1432 1515 1545 1588 cultus
1572 1520 1802 1609 augmentum,

240 1647 279 1717 in
312 1642 468 1767 ecclesiis
496 1646 636 1713 nostrae
672 1638 821 1711 subditis
857 1636 982 1709 ditioni
1009 1636 1227 1726 ordinamur,
1254 1636 1381 1708 debita·
1396 1635 1695 1709 animadversione
1722 1658 1802 1729 pro-

241 1787 399 1856 movere,
426 1770 463 1835 et
490 1763 690 1887 utqillibata
717 1761 752 1833 in
780 1758 934 1831 futurum
961 1758 1100 1829 valeant
1118 1777 1332 1849 permanere,
1349 1758 1531 1830 literarum
1549 1758 1705 1850 apicibus
1723 1780 1802 1849 per-

240 1888 397 1962 bennari
425 1887 622 1959 debeamus,
662 1881 815 1955 Proinde
842 1880 886 1951 ad
913 1880 1164 1951 uniuersorum·
1189 1900 1335 1970 quorum
1370 1879 1519 1951 interest
1553 1899 1615 1951 seu
1640 1880 1803 1951 intererit

246 2008 513 2103 quomodolibet
540 2005 775 2097 praesentium
803 2008 839 2075 01
865 2000 1060 2073 futurorum
1087 2000 1248 2072 notitiam
1280 1974 1481 2072 deducimus
1508 2005 1545 2071 et
1566 1999 1690 2071 deduci
1706 2000 1804 2087 volu·

243 2155 325 2206 mus
363 2152 427 2223 per
461 2132 672 2221 praesentes.
713 2125 893 2215 Quomodo
928 2123 964 2193 in
1000 2126 1122 2193 nostra
1148 2120 1379 2212 personaliter
1405 2120 1613 2194 constitutus
1638 2140 1802 2212 praesen·
1898 2186 1900 2189 Α

243 2257 317 2346 tia,
348 2251 559 2365 ¹magnificus
595 2254 631 2322 et
657 2247 872 2321 honorabilis
888 2290 893 2305 ·
911 2246 966 2317 vir
1002 2243 1161 2315 dominus
1201 2241 1394 2315 Stanislaus
1433 2241 1487 2315 Li
1495 2262 1640 2333 ganza
1678 2241 1802 2315 haeres

245 2380 290 2455 dc
329 2374 621 2449 Przcczslaw
662 2369 870 2443 castellanus
905 2366 1193 2457 Malogostensis,
1227 2368 1396 2456 patronus
1431 2368 1468 2435 et
1502 2361 1648 2435 collator
1681 2364 1804 2437 unicus

244 2500 417 2573 ecclcsiae
443 2493 651 2588 parochialis
678 2493 714 2563 in
732 2480 1005 2563 'Przoczlaw
1032 2509 1074 2559 ex
1102 2506 1181 2576 una,
1207 2490 1246 2558 et
1271 2483 1385 2557 Adam
1410 2483 1578 2577 plebanus
1596 2484 1803 2558 1110100101

245 2621 407 2703 eiusdem
434 2616 599 2691 ecclesiae
633 2612 793 2705 partibus
821 2613 864 2683 ab
892 2610 1011 2681 altera
1048 2607 1297 2699 Supplicarunt
1322 2606 1422 2677 nobis
1449 2609 1631 2677 eteorum
1658 2598 1805 2695 quilibet

245 2741 461 2835 supplicavit
486 2737 663 2811 humiliter
691 2739 727 2807 et
753 2734 886 2823 1101010,
914 2736 1085 2823 quatenus
1111 2726 1270 2820 praefata
1288 2727 1433 2799 ecclesia
1449 2726 1486 2797 in
1504 2724 1804 2813 Przeczslaw,
1833 2736 1836 2739 ’

247 2885 342 2959 quae
369 2863 456 2935 alias
483 2859 617 2933 duobus
644 2856 801 2948 plebanis
828 2851 1026 2943 regebatur,
1045 2850 1277 2921 conditionem
1294 2847 1472 2919 meliorem
1488 2844 1613 2935 facere,
1632 2828 1803 2915 divinum-

249 3008 318 3080 que
346 2984 477 3059 cultmn
514 2983 549 3053 in
577 2979 697 3054 cadem
733 2974 878 3048 ecclesia
904 2972 1088 3064 ampliare,
1114 2976 1220 3061 atque
1247 2968 1427 3041 ecclesiam
1452 2968 1564 3058 ipsam
1590 2966 1742 3037 extincto
1769 2969 1806 3039 et

143 3114 145 3119 ’
250 3111 423 3199 abrogato
451 3105 562 3177 altero
598 3106 753 3189 rectore,
781 3098 816 3169 in
842 3095 945 3167 unius
971 3092 1118 3165 rectoris
1155 3096 1191 3161 01
1216 3089 1357 3180 plebani
1387 3088 1554 3161 ditionem
1580 3058 1631 3157 et‘
1640 3086 1805 3176 regimen,

251 3254 320 3326 quo
348 3228 485 3303 facilius
512 3224 576 3299 sub
603 3244 672 3295 uno
700 3220 812 3313 capite
840 3221 876 3289 et
902 3214 1080 3288 decentius
1117 3217 1257 3285 caetera
1282 3208 1437 3282 membra
1461 3211 1685 3300 regerentur,
1712 3204 1806 3277 subi·

253 3375 354 3444 cere,
382 3357 418 3424 et
452 3349 686 3438 restringere,
713 3349 753 3415 ut
780 3327 928 3434 quoque'
951 3336 1090 3431 patroni
1121 3356 1184 3408 seu
1211 3333 1413 3423 collatores,
1440 3350 1481 3403 ac
1507 3329 1613 3402 etiam
1638 3301 1806 3420 plebanus

253 3497 330 3549 cum
359 3475 432 3547 suis
459 3469 629 3544 ministris
656 3463 908 3553 ecclesiasticis,
934 3462 970 3532 in
992 3479 1081 3551 vpace
1108 3462 1145 3530 01
1168 3456 1315 3529 caritate
1333 3458 1455 3526 mutua
1471 3469 1695 3545 perseuerare
1713 3448 1806 3522 valea
1918 3469 1925 3478 ·

253 3604 333 3689 ant,
362 3593 616 3670 ordinationem
653 3571 930 3676 infrascriptam,
959 3603 1061 3674 quam
1088 3579 1157 3671 ipsi
1184 3599 1254 3650 non
1281 3575 1466 3666 compulsi,
1492 3593 1563 3645 non
1590 3571 1718 3661 coacti,
1745 3589 1808 3641 nec

228 3723 373 3812 'aliquo
401 3717 480 3790 dolo
507 3693 742 3800 circumventi,
769 3708 831 3780 scd
858 3706 1016 3778 ultronea
1042 3721 1162 3774 eorum
1188 3699 1365 3772 voluntate
1383 3700 1419 3767 01
1436 3698 1533 3765 00110
1550 3692 1695 3764 scientia
1711 3690 1808 3761 binc-

257 3843 338 3915 iude
361 3836 637 3925 accedentibus,
663 3839 736 3905 tam
770 3831 812 3901 de
848 3827 948 3900 bonis
985 3830 1021 3895 01
1047 3822 1291 3914 proventibus,
1319 3837 1419 3907 quam
1447 3814 1553 3885 etiam
1579 3812 1623 3883 de
1649 3811 1808 3902 personis

257 3963 412 4037 eiusdem
440 3959 605 4032 ecclesiae
631 3976 695 4046 pro
722 3958 883 4042 tempore
906 3952 1082 4037 acceptam
1110 3943 1177 4014 sibi
1205 3940 1323 4012 utilem
1350 3919 1386 4008 01
1402 3933 1652 4027 gravissimam,
1679 3937 1716 4002 01
1742 3929 1810 4021 ipsi

257 4085 423 4158 ecclesiae
458 4078 693 4166 accomodam,
728 4073 885 4166 pluribus
922 4053 1274 4142 demonstrationibus
1309 4058 1528 4146 astruebant,
1567 4073 1668 4144 qnam
1704 4052 1810 4121 etiam

259 4205 474 4300 praehabitis
510 4223 573 4294 per
601 4201 694 4291 ipsos
722 4203 757 4268 01
784 4211 1001 4266 successores
1029 4207 1148 4261 corum
1174 4185 1211 4255 in
1238 4186 1341 4254 antea
1375 4175 1590 4268 temporibus
1626 4170 1812 4260 duraturis,

260 4329 407 4419 tirmiter
444 4331 480 4397 et
514 4325 717 4396 inconcusse
754 4315 958 4402 tenendam,
989 4307 1241 4384 observandam
1268 4309 1304 4374 01
1331 4296 1585 4391 adimplendam
1612 4294 1810 4382 obligarunt

261 4451 467 4542 approbare,
494 4445 676 4534 ratificare,
700 4446 735 4512 01
754 4436 951 4510 ordinariae
979 4429 1200 4504 auctoritatis
1227 4423 1433 4514 interposito
1460 4418 1600 4491 decreto
1628 4413 1811 4486 confimare

265 4574 494 4664 dignaremur.
534 4568 581 4639 Et
616 4565 746 4657 primo,
775 4558 866 4651 quod
901 4553 1080 4647 praefatus
1116 4549 1242 4656 Adam·
1255 4545 1423 4639 plebanus
1459 4539 1674 4612 1110100101
1701 4533 1813 4605 dictae

137 4701 141 4708 “
264 4695 428 4768 eeclesiae
464 4693 500 4762 in
535 4683 825 4760 Przeczslaw
860 4685 896 4750 et
931 4678 985 4748 sui
1020 4695 1084 4766 pro
1112 4678 1269 4763 tempore
1296 4681 1533 4750 successores,
1563 4659 1628 4730 bas
1663 4654 1814 4727 decimas
1956 4665 1960 4672 ·

264 4817 494 4908 manipulares
522 4811 566 4883 ad
593 4810 721 4882 dictam
747 4802 926 4876 ecclesiam
954 4798 1088 4870 mediae
1115 4793 1227 4884 partis
1253 4812 1296 4861 ex
1322 4788 1464 4876 antiquo
1482 4786 1522 4854 ut
1538 4781 1700 4852 asserunt
1718 4792 1816 4865 spee-

267 4943 389 5029 tautes,
415 4935 562 5027 primam
590 4933 624 5002 in
644 4927 950 5017 Sclropnycza,
969 4916 1155 4992 secundam
1172 4914 1208 4983 in
1225 4906 1426 4995 Zawada,
1444 4902 1586 4977 tertiam
1603 4895 1816 4987 11811111-

269 5081 364 5151 1011,
391 5063 427 5132 01
454 5061 611 5148 quartam
638 5053 674 5123 in
701 5048 917 5139 Kunycze
944 5041 1045 5133 plene
1071 5043 1108 5109 01
1125 5038 1270 5125 integro,
1296 5048 1429 5102 necnon
1454 5027 1594 5117 pratum
1610 5023 1706 5091 retro
1724 5013 1817 5105 Wy-

269 5181 409 5271 slolra,
433 5180 546 5251 lacum
573 5193 708 5266 quoque
736 5176 772 5242 et
799 5187 920 5260 agrum
939 5162 1066 5236 ibidem
1086 5135 1817 5235 01111111111111011001Ζ111γ111,1101011

270 5303 452 5392 possidere,
479 5305 611 5388 tenere,
637 5295 777 5382 babere,
806 5290 1000 5380 disponere,
1027 5301 1151 5374 regere
1176 5282 1213 5349 et
1239 5275 1283 5346 ad
1310 5291 1393 5343 usus
1420 5286 1501 5340 suos
1528 5263 1626 5334 iuxta
1651 5257 1816 5349 placitam
1930 5259 1937 5278 ⁸

268 5443 365 5500 suam
401 5398 616 5496 voluntatem
653 5420 876 5501 convertere;
912 5406 1071 5500 quodque
1108 5399 1246 5473 eosdem
1282 5412 1385 5484 agros
1419 5393 1456 5461 01
1490 5387 1594 5478 prata
1629 5379 1758 5452 debent
1783 5379 1820 5448 et

272 5547 479 5619 tenebuntur
505 5561 642 5633 semper
668 5537 852 5611 meliorare
879 5537 915 5604 et
941 5551 1011 5602 nou
1037 5523 1270 5608 deteriorare,
1296 5517 1391 5604 ipsos
1427 5501 1686 5600 impinguando,
1713 5497 1820 5570 01111-
1933 5541 1934 5544 η

273 5668 382 5758 pando
418 5673 455 5739 et
480 5663 678 5757 purgando,
705 5655 972 5734 excindendove.
1007 5651 1096 5723 ltem
1128 5641 1221 5736 qaod
1246 5634 1425 5730 praefatus
1451 5628 1564 5703 Adam
1589 5624 1758 5718 plebanus
1783 5623 1821 5690 et

375 5833 580 5879 111111111011.
654 5847 658 5864 ι
1620 5773 1658 5822 88
