4550 6600
1680 720 1755 791 437

200 924 239 993 et
263 918 418 1011 plebano
444 920 480 993 in
507 918 768 1013 Stroziska,
796 924 835 993 et
859 920 957 995 valor
983 922 1059 994 eius
1084 923 1288 996 aestimatur
1312 924 1357 996 ad
1384 980 1392 995 .
1419 980 1428 996 .
1454 980 1462 996 .
1489 924 1611 999 ‚Item
1637 927 1755 999 estin

200 1041 324 1114 eadem
362 1042 445 1116 villa
478 1043 660 1133 praedium
694 1044 864 1136 militare,
891 1044 935 1117 de
971 1065 1039 1135 quo
1066 1044 1199 1117 decima
1225 1045 1374 1119 solvitur
1399 1046 1565 1121 ecclesiae
1591 1048 1628 1119 in
1654 1047 1757 1119 San-

199 1164 444 1237 dzischow.

304 1284 511 1377 Ononnwn,
538 1286 622 1363 uilla
647 1286 712 1359 sub
738 1288 903 1378 parochia
929 1288 972 1359 de
999 1342 1148 1359 .....
1175 1288 1253 1360 sita
1279 1287 1320 1359 In
1347 1307 1415 1378 qua
1441 1292 1523 1360 suut
1547 1288 1640 1361 lanei
1665 1311 1756 1363 cme-

200 1406 382 1497 thonaleS,
410 1406 453 1481 de
481 1408 606 1499 quibus
638 1408 786 1482 solvitur
812 1414 848 1480 et
875 1408 1079 1481 conducitur
1106 1409 1240 1481 decIma
1264 1409 1490 1501 manipularis
1518 1414 1555 1481 et
1580 1412 1756 1502 canapalis

198 1527 367 1599 ecclesiae
394 1533 430 1599 et
455 1528 605 1619 plebano
632 1530 667 1599 in
695 1527 951 1602 Stroziska.
981 1530 1069 1603 Item
1102 1536 1157 1602 est
1181 1532 1232 1604 ibi
1257 1531 1437 1623 praedium
1465 1530 1632 1631 militare,
1661 1532 1753 1623 quod

200 1648 353 1723 decimat
379 1650 547 1749 ecclesiae
574 1651 609 1722 in
635 1651 914 1726 Dambrowa

307 1770 557 1863 Baunzmsssn,
582 1772 667 1847 villa
692 1773 757 1847 sub
784 1773 949 1863 parochia
976 1772 1019 1848 de
1047 1828 1054 1843 .
1082 1827 1090 1844 .
1117 1828 1125 1843 .
1162 1774 1239 1846 sita.
1276 1774 1317 1846 In
1345 1795 1414 1866 qua
1440 1778 1523 1847 sunt
1547 1773 1638 1846 lanei
1665 1794 1755 1847 cme-

198 1890 372 1983 thonales,
398 1892 441 1965 de
468 1894 592 1985 quibus
619 1894 786 1967 medietas
813 1894 917 1967 villae
944 1894 1049 1968 soluit
1074 1895 1222 1985 plebano
1249 1896 1285 1967 in
1312 1893 1562 1967 Stroziska
1587 1895 1755 1968 decimam

136 2026 141 2039 ·
198 2012 461 2105 manipularem,
487 2020 524 2086 et
549 2015 718 2089 medietas
745 2015 968 2107 pecuniolam,
996 2019 1032 2097 et
1057 2016 1100 2089 de
1128 2015 1412 2107 quolibet-laneo
1430 2015 1579 2089 solvitur
1596 2037 1659 2108 per
1678 2020 1755 2088 octo
1899 2087 1906 2096 ,

200 2154 353 2223 grossos.

300 2232 540 2348 Damunomn,
567 2257 680 2329 villa.
708 2312 715 2328 .
743 2314 751 2329 .
778 2314 786 2331 .
813 2257 980 2330 medietas
1007 2256 1111 2329 uillae
1138 2256 1244 2330 solvit
1271 2256 1418 2347 plebano
1444 2246 1490 2329 in'
1508 2256 1757 2332 Stroziska
1798 2342 1807 2365 ἱ

201 2375 371 2449 decimam
406 2377 675 2469 manipularem,
702 2384 739 2450 et
764 2378 932 2450 medietas
959 2378 1192 2470 pecunialem,
1209 2378 1366 2479 ⁸quilibet
1391 2377 1435 2450 de
1460 2378 1561 2449 laneo
1588 2398 1651 2469 per
1677 2383 1755 2449 octo

199 2517 350 2587 grossos.
378 2498 467 2570 Item
495 2504 549 2571 est
575 2500 755 2591 praedium
781 2500 933 2573 militare
960 2500 996 2571 in
1020 2499 1145 2575 eadem
1172 2498 1271 2589 villa,
1298 2498 1391 2590 quod
1417 2497 1566 2596 decimat
1592 2498 1757 2570 ecclesiae

199 2618 335 2691 eteius
371 2619 519 2709 plebano
554 2620 590 2692 in
627 2621 872 2713 Trczyana.

301 2740 527 2832 Tnozrnns,
553 2742 637 2815 villa
672 2742 805 2815 habens
836 2744 872 2814 in
899 2762 936 2815 se
963 2742 1145 2815 ecclesiam
1171 2740 1404 2832 parochialem
1431 2740 1600 2830 ligneam,
1627 2739 1754 2813 Sancto

199 2860 390 2935 Laurentio
416 2864 562 2955 martyri
589 2863 747 2935 dicatam.
773 2864 813 2935 In
842 2885 909 2955 qua
936 2868 1017 2935 sunt
1043 2863 1134 2935 lanei
1162 2860 1404 2953 cmethonales,
1430 2861 1474 2933 de
1501 2862 1626 2952 quibus
1644 2861 1753 2932 omni-

201 2983 263 3055 bus
290 2985 440 3057 solvitur
467 2985 599 3057 decima
625 2986 815 3089 pecunialis
842 2986 1006 3058 ecclesiae
1033 2986 1069 3057 in
1097 2983 1355 3074 Strozisha,
1382 2984 1529 3075 quilibet
1555 2983 1691 3055 cmetho
1711 2983 1754 3055 de

202 3104 299 3177 laneo
326 3127 392 3197 per
418 3113 497 3180 octo
524 3128 676 3198 grossos.
1040 3176 1047 3185 .

300 3228 555 3321 Zwunamoza,
585 3229 668 3302 villa
693 3228 757 3302 sub
784 3228 950 3320 parochia
977 3228 1020 3301 de
1047 3228 1309 3301 Noczkowa
1334 3227 1413 3316 sita,
1439 3225 1537 3297 cuius
1559 3224 1755 3316 proprietas

119 3351 120 3354 ’
202 3349 245 3420 ad
271 3350 536 3423 castellanatum
568 3339 882 3425 Sandomiriensem
917 3351 1078 3440 pertinet
1117 3350 1159 3421 In
1186 3370 1256 3440 qua
1282 3353 1363 3420 sont
1388 3347 1482 3420 lanei
1508 3345 1751 3433 cmethonales,

205 3471 244 3542 de
271 3474 399 3562 quibus
435 3473 582 3546 solvitur
618 3473 750 3546 decima
776 3473 965 3564 pecunialis
992 3472 1158 3544 ecclesiae
1185 3472 1220 3542 in
1247 3469 1514 3560 Strozisha,
1541 3467 1686 3558 quilibet
1712 3465 1755 3536 de

203 3591 299 3666 laneo
326 3616 392 3686 per
417 3594 595 3667 fertonem.

302 3715 538 3788 Wruncznm
574 3715 657 3788 villa
683 3715 746 3788 sub
773 3715 939 3806 parochia
964 3714 1007 3786 de
1034 3713 1292 3786 Noczkowa
1318 3711 1404 3801 sita,
1431 3710 1529 3781 cuius
1555 3707 1752 3798 proprietas

203 3833 244 3906 ad
271 3837 533 3912 castellanatum
570 3836 883 3909 Sandomiriensem
921 3835 1081 3926 pertinet.
1121 3834 1162 3906 In
1189 3853 1259 3924 qua
1285 3837 1367 3902 sunt
1393 3830 1484 3902 lanei
1510 3826 1753 3914 cmethonales,

203 3956 243 4030 de
270 3959 395 4050 quibus
432 3959 580 4032 soletur
615 3957 749 4030 decima
775 3957 965 4049 pecunialis
993 3955 1156 4028 ecclesiae
1183 3955 1220 4024 in
1246 3951 1521 4040 Strozisha,
1539 3947 1685 4039 quilibet
1711 3947 1755 4018 de
1903 4020 1908 4032 ,

203 4077 299 4153 laneo
325 4101 390 4172 per
415 4079 595 4154 fertonem.

303 4202 546 4294 B1srazrozn,
573 4201 657 4273 villa
683 4201 748 4272 sub
775 4199 942 4290 parochia
968 4198 1011 4271 de
1037 4196 1293 4270 Noczhowa
1319 4195 1405 4284 sita,
1432 4192 1529 4264 cuius
1555 4189 1751 4281 proprietas

205 4321 246 4392 ad
272 4324 535 4396 castellanatum
571 4322 884 4395 SandomIriensem
921 4321 1082 4411 pertinet.
1122 4319 1162 4390 In
1191 4298 1261 4408 qua
1285 4321 1367 4388 sunt
1392 4314 1484 4385 lanei
1510 4310 1755 4396 cmethonales,

206 4441 245 4514 de
272 4446 395 4536 quibus
422 4445 570 4518 solvitur
597 4445 730 4517 decima
755 4443 945 4535 pecunialis
970 4462 1035 4533 pro
1063 4440 1209 4512 scelesta
1235 4440 1271 4510 in
1297 4435 1548 4524 Strozisha,
1575 4432 1618 4503 de
1646 4431 1756 4521 quoli-

204 4562 261 4636 bet
285 4565 386 4640 laneo
413 4588 476 4659 per
501 4566 680 4639 fertonem.

362 4757 365 4772 .
537 4681 566 4758 ss
896 4684 1063 4758 Znszow.
1472 4737 1483 4748 .

304 4807 401 4882 Villa
434 4809 567 4887 habens
603 4809 639 4881 in
676 4827 713 4880 se
749 4807 927 4882 ecclesiam
963 4802 1198 4896 parochialem
1234 4800 1401 4889 ligneam,
1428 4794 1553 4866 Sancto
1586 4789 1755 4910 Clementi

207 4925 361 5022 dicatam,
388 4932 484 5003 cuius
511 4931 635 5003 haeres
662 4929 798 5002 ratione
816 4928 936 5001 uxoris
955 4925 1149 4998 Stanislaus
1168 4917 1504 5007 Thanczinsky.
1529 4915 1570 4985 In
1588 4933 1657 5005 qua
1675 4917 1756 4983 sunt

208 5056 351 5138 quatuor
379 5075 456 5125 cum
483 5053 596 5124 medio
623 5052 715 5124 lanei
742 5049 985 5138 cmethonaleS,
1009 5047 1052 5120 de
1072 5044 1196 5136 quihus
1215 5042 1362 5114 soluItur
1380 5038 1514 5110 decima
1531 5035 1756 5126 manipularis
1787 5037 1793 5044 ’

208 5175 241 5240 et
266 5175 437 5266 canapalis
464 5175 594 5247 decano
622 5172 852 5263 cracoviensi,
880 5171 977 5244 cuius
1004 5169 1103 5241 valor
1129 5165 1174 5240 ad
1202 5169 1351 5256 quatuor
1378 5180 1511 5232 marcas
1529 5158 1751 5242 aestimatum

208 5289 287 5364 item
313 5296 356 5369 de
382 5297 460 5368 aliis
487 5297 638 5388 quinque
664 5295 774 5366 laneis
802 5291 1076 5365 cmethonalihus
1103 5287 1257 5359 einsdem
1284 5284 1395 5372 villae,
1423 5281 1555 5354 decima
1572 5277 1754 5349 fertonalis

210 5431 269 5499 pro
295 5416 477 5490 decano...
491 5418 578 5489 Item
606 5422 660 5490 est
685 5417 735 5488 ibi
761 5413 1043 5506 praebendarius,
1069 5411 1202 5482 habens
1229 5428 1335 5478 unum
1361 5404 1508 5492 laneum,
1535 5421 1637 5491 quem
1663 5398 1756 5469 solus

211 5533 295 5625 Colit
321 5539 364 5611 de
391 5561 459 5631 quo
486 5539 603 5612 reddit
630 5539 759 5610 decano
787 5537 963 5610 dealmam.
989 5533 1078 5606 Item
1106 5538 1161 5604 est
1186 5531 1236 5602 ibi
1263 5548 1367 5598 unum
1394 5523 1573 5615 praedium
1596 5521 1757 5608 milltare,

211 5651 250 5726 de
276 5660 370 5732 cuius
396 5663 490 5753 agris
517 5661 708 5736 decimatur
735 5658 898 5734 ecclesiae
925 5655 1053 5730 ibidem
1081 5655 1118 5726 in
1144 5652 1339 5725 Zaszow.
