4550 6600
852 970 1001 1045 Vuunrs
1030 994 1163 1046 srnvn.

442 1701 684 1783 Decanatus
716 1668 1049 1786 Tharnovlensls
1082 1706 1188 1787 alias
1218 1708 1569 1792 Thucboviensle.

325 1938 487 2012 Ecclesia
514 1940 699 2033 collegiata
725 1941 873 2015 Sanctae
899 1942 1035 2017 Mariae
1056 1945 1092 2016 in
1111 1946 1239 2037 oppido
1266 1946 1491 2022 Tharnow
1518 1952 1650 2025 babens
1674 1976 1775 2046 prae·

221 2062 320 2151 latos
352 2063 534 2136 canonicos
561 2069 599 2136 et
625 2064 782 2156 vicarios,
810 2086 912 2157 quam
939 2066 976 2137 in
1004 2066 1264 2158 collegiatarum
1282 2070 1504 2143 ecclesiarum
1530 2082 1689 2165 segestro
1715 2098 1779 2168 per

222 2204 284 2256 nos
311 2181 528 2257 sufficienter
563 2206 640 2258 cum
677 2186 748 2259 suis
776 2188 1003 2278 proventibus
1033 2188 1264 2282 descriptam,
1299 2190 1358 2263 hic
1394 2191 1591 2268 describere
1626 2198 1779 2270 inaniter

223 2305 430 2379 censuimus.

905 2428 1105 2503 Wornrcz.

326 2548 502 2641 Oppidum
527 2550 660 2623 habens
686 2550 722 2623 in
749 2570 787 2623 sc
813 2550 993 2624 ecclesiam
1029 2550 1262 2643 parochialem
1288 2553 1405 2645 lapide
1431 2556 1559 2646 partim
1586 2561 1623 2630 et
1649 2559 1777 2649 partim

221 2673 332 2744 latere
361 2676 460 2745 cocto
480 2678 670 2763 muratam,
697 2652 733 2745 et
759 2672 894 2745 Sanctis
921 2672 1122 2745 Laurentio·
1138 2679 1176 2746 et
1201 2673 1450 2766 Margarctlrac
1475 2677 1615 2769 Virgini
1632 2684 1669 2750 et
1686 2701 1777 2751 mar-

224 2794 362 2884 tyribus
398 2792 567 2884 dicatam,
603 2793 701 2865 cuius
727 2794 923 2885 proprietas
959 2800 995 2867 ct
1022 2794 1210 2867 dominium
1246 2795 1291 2867 ad
1318 2797 1576 2869 serenissimum
1611 2798 1777 2873 Poloniae

222 2935 339 3006 regem
368 2914 529 3006 pertinet.
557 2915 597 2986 ln
624 2936 691 3007 quo
719 2936 787 3011 non
815 2920 897 2989 sunt
922 2914 1014 2988 lanei
1041 2915 1148 3008 aliqui
1175 2918 1263 2989 certi
1289 2922 1327 2989 et
1353 2918 1589 3009 dimensurati‚
1617 2920 1679 3020 sed
1696 2925 1778 2993 suut

224 3035 394 3127 quaedam
420 3040 538 3127 partes
565 3042 601 3108 et
626 3036 740 3128 pecies
767 3056 930 3127 agrorum
956 3036 1144 3111 secundum
1162 3037 1273 3128 magis
1290 3043 1328 3109 et
1344 3038 1457 3109 minus
1470 3038 1656 3111 distinctae
1674 3042 1772 3131 oppi-

223 3156 410 3263 danorum,
447 3156 490 3229 de
518 3158 643 3250 quibus
670 3158 829 3231 omnibus
856 3158 1006 3231 solvitur
1032 3162 1069 3230 et
1095 3156 1300 3230 conducitur
1327 3157 1460 3231 decima
1485 3161 1712 3251 manipularis
1729 3166 1776 3234 ‘et

223 3280 399 3372 canapalis
424 3279 689 3372 praepositurae
724 3280 760 3352 in
786 3280 1010 3372 Woynicz.
1058 3278 1154 3370 Quae
1189 3279 1225 3350 in
1252 3279 1374 3354 eadem
1409 3279 1555 3354 ccclesia
1588 3301 1659 3357 nna
1697 3303 1774 3354 cum

223 3403 429 3476 scholastria
454 3407 491 3474 et
517 3401 676 3475 custodia
701 3401 911 3494 praelaturis
929 3407 966 3475 et
984 3406 1134 3494 quatuor
1161 3402 1405 3475 mansionariis
1428 3405 1606 3495 perpetuis
1632 3384 1777 3477 lnn'data

222 3531 257 3598 ct
282 3529 403 3598 erecta
429 3529 493 3614 est,
520 3527 556 3595 et
582 3521 795 3604 sufficienter
820 3521 951 3615 dotata,
979 3543 1130 3615 curaque
1157 3523 1351 3597 animarum
1378 3524 1521 3597 cuilibet
1547 3547 1610 3615 per
1635 3526 1775 3598 dotato·

221 3668 276 3718 res
302 3650 357 3718 est
385 3645 577 3736 commissa,
605 3665 667 3736 per
685 3644 939 3718 ordinationem
956 3643 1128 3717 Johannis
1155 3643 1412 3737 Pnyowslry
1438 3645 1674 3719 archidiaconi
1691 3645 1776 3719 (lra-

223 3767 402 3858 coviensis,
428 3767 505 3839 eius
531 3766 696 3838 ccclesiae
714 3771 798 3840 tunc
814 3766 962 3858 plebani:
989 3767 1071 3837 item
1089 3765 1197 3838 habet
1214 3765 1434 3856 praepositus
1451 3767 1487 3836 in
1506 3766 1626 3838 codem
1645 3767 1773 3859 oppido

222 3909 323 3979 agros
350 3889 437 3960 satis
464 3887 597 3979 amplos
623 3907 687 3980 pro
715 3887 858 3979 praedio
885 3908 959 3978 suo,
986 3887 1069 3958 item
1096 3887 1204 3959 habet
1229 3886 1279 3958 ibi
1306 3891 1342 3958 et
1367 3885 1601 3958 molendinum
1628 3888 1673 3958 ad
1691 3908 1773 3977 pro-

222 4011 407 4099 prietatem
435 4029 532 4081 suam
545 4004 756 4099 pertinens,
792 4007 835 4080 de
871 4029 939 4100 quo
977 4008 1070 4080 tollit
1104 4007 1247 4080 tertiam
1283 4027 1499 4096 mensuram;
1534 4007 1617 4078 item
1654 4014 1709 4079 est
1734 4009 1771 4078 in

222 4131 340 4203 eodem
370 4129 497 4222 oppido
525 4129 704 4221 praedium
730 4129 875 4222 regium,
902 4130 995 4220 quod
1021 4129 1237 4202 Rathowi
1263 4128 1467 4220 appellatur,
1502 4127 1546 4200 de
1573 4150 1641 4220 quo
1668 4128 1777 4202 solvi·

222 4257 279 4323 tm
304 4252 440 4326 decima
465 4251 692 4343 manipularis
718 4272 782 4343 pro
808 4249 1053 4324 mansionariis
1079 4249 1115 4322 in
1144 4227 1375 4341 Woynicz.

323 4372 571 4446 anoszczrn
599 4378 743 4446 vocatur
760 4372 963 4445 suburbimn
981 4371 1100 4464 oppidi
1126 4370 1365 4464 Woynicz,
1393 4372 1458 4444 sub
1481 4371 1648 4461 parocbia
1665 4370 1774 4442 eccle-

225 4493 293 4566 siae
320 4493 364 4567 de
390 4493 628 4586 Woynicz.
663 4494 703 4565 In
731 4513 799 4585 quo
826 4499 908 4567 sunt
942 4494 1034 4566 lanei
1070 4493 1366 4583 suburbanorum,
1402 4493 1445 4564 de
1472 4492 1598 4583 quibus
1625 4492 1775 4564 solvitur

225 4619 259 4686 et
284 4615 489 4688 conducitur
524 4615 656 4688 decima
690 4615 978 4709 maniprdariset
1005 4615 1181 4707 canapalis
1216 4635 1281 4705 pro
1309 4613 1552 4707 praepositura
1584 4613 1621 4684 in
1649 4612 1774 4705 Wop-

215 4737 342 4829 'nicz,
369 4739 405 4810 et
430 4736 529 4810 valor
555 4737 630 4810 cius
657 4741 733 4810 aest
734 4737 819 4809 imat
820 4759 862 4809 ur
803 4737 933 4810 tad
952 4790 1068 4808 .....

324 4858 522 4949 Znunzow,
562 4857 643 4930 villa
669 4857 734 4930 sub
761 4858 926 4949 parochia
952 4858 995 4930 de
1021 4857 1241 4950 Woynicz
1267 4857 1347 4947 sita,
1374 4855 1472 4928 cuius
1498 4793 1666 4926 haeredes
1693 4853 1772 4926 Sta-

225 4977 351 5052 nislaus
378 4985 416 5051 et
442 4977 633 5070 Gregorius
659 4979 1003 5071 Zakrzowsczy.
1047 4979 1088 5050 In
1116 4999 1185 5071 qua
1211 4982 1293 5052 sunt
1277 4976 1414 5050 tlanei
1441 4975 1692 5064 cmetbonales,
1728 4975 1772 5048 dc

217 5099 345 5190 ,quibus
372 5102 521 5174 solvitur
546 5107 583 5174 et
609 5101 813 5174 conducitur
849 5100 983 5173 decima
1009 5099 1235 5191 manipularis
1261 5105 1299 5171 et
1324 5097 1499 5189 canapalis
1534 5117 1599 5188 pro
1625 5117 1773 5187 praepo-

226 5221 326 5294 sito
316 5244 352 5294 ιι
378 5221 618 5315 Woynicz;
642 5245 656 5294 ι
656 5228 727 5296 ern
746 5226 828 5294 sunt
845 5221 894 5294 ibi
912 5221 981 5296 duo
1007 5221 1153 5315 praedia
1168 5222 1345 5312 militaria,
1371 5219 1558 5313 dequibus
1580 5218 1773 5292 decimatur

226 5343 423 5416 ecclesiae
413 5367 450 5417 ιιι
476 5343 915 5437 Mylrluschowicze.
1551 5367 1555 5372 ’

324 5464 635 5558 Sunocuowrczn,
672 5466 755 5540 villa
791 5465 855 5539 sub
882 5465 1049 5556 parochia
1083 5463 1126 5537 de
1153 5463 1370 5555 Woynicz
1397 5462 1484 5553 sita,
1522 5461 1620 5544 cuius
1646 5461 1771 5533 haeres

226 5583 384 5660 Nicolaus
409 5587 782 5682 Milrolayowslry
816 5586 860 5660 de
886 5587 992 5660 armis
1020 5584 1290 5660 Grilfonum
1334 5585 1375 5656 In
1401 5604 1472 5675 qna
1505 5586 1587 5656 sunt
1611 5581 1765 5674 qumque

227 5703 313 5780 lanei
348 5709 600 5803 cmcthonalcs,
635 5695 829 5802 dequibus
866 5709 1018 5800 decimae
1053 5708 1230 5802 perceptio
1265 5705 1440 5796 variatum
1475 5725 1556 5778 nam
1587 5709 1668 5797 post
1694 5707 1786 5776 tres‘

143 5862 147 5881 ‘
324 5875 373 5918 ιιι.
392 5873 526 5921 sumn.
1565 5853 1602 5904 ³9
