4550 6600
1180 948 1423 1053 ssISKUPYczn.

631 1101 724 1173 Villa
750 1102 881 1173 habens
908 1104 944 1173 in
963 1122 1000 1173 se
1019 1103 1250 1190 parochialem
1279 1102 1458 1193 ecclesiam
1485 1101 1642 1190 ligneam,
1669 1100 1776 1171 Sanct
1914 1096 2063 1185 dicatam,

527 1226 624 1293 cuius
650 1225 848 1312 proprietas
875 1224 918 1293 ad
938 1224 1135 1312 episcopum
1162 1222 1485 1292 wratislaviensem
1513 1222 1673 1309 pertinet.
1712 1221 1753 1288 In
1780 1240 1849 1308 qua
1875 1223 1957 1288 sunt
1981 1218 2064 1287 lanei

526 1344 774 1432 cmcthonales‚
802 1342 844 1413 de
872 1344 996 1432 quibus
1024 1343 1171 1414 solvitur
1198 1397 1310 1412 .....
1345 1342 1432 1411 Item
1459 1342 1564 1411 habet
1590 1340 1639 1409 ibi
1666 1340 1811 1410 ecclesia
1837 1343 1875 1408 et
1901 1338 1976 1408 eius
2001 1337 2064 1426 ple

526 1462 636 1535 banus
663 1464 822 1554 proprios
850 1484 952 1552 agros
979 1463 1108 1534 liberos
1135 1467 1172 1533 et
1198 1467 1312 1553 prata,
1340 1483 1405 1551 pro
1432 1482 1495 1531 suo
1521 1482 1586 1531 usu
1613 1466 1649 1530 et
1675 1459 1891 1529 necessitate.

1212 1582 1386 1653 Kamruu.
1583 1596 1589 1601 ·

631 1703 724 1773 Villa
749 1704 881 1773 habens
909 1704 944 1773 in
972 1724 1008 1773 se
1036 1704 1214 1773 ecclesiam
1241 1703 1473 1792 parochialem
1500 1705 1680 1789 muratam,
1707 1699 1831 1770 Sanct'
1840 1753 1955 1768 .....
1982 1697 2066 1767 dica-

525 1830 612 1912 tam,
638 1824 736 1895 cuius
763 1823 929 1894 haeredes
956 1824 1121 1896 Albertns
1154 1831 1190 1894 et
1216 1824 1392 1895 lohannes
1427 1823 1560 1894 nobiles
1587 1822 1631 1892 de
1658 1820 1758 1892 domo
1787 1874 1901 1889 .....
1940 1819 1980 1887 ln
2007 1840 2066 1907 qm

527 1950 607 2013 sunt
633 1944 725 2015 lanei
752 1944 985 2015 cmcthonales
1022 1946 1064 2016 de
1093 1947 1217 2034 quibus
1254 1944 1402 2015 solvitur
1429 1998 1571 2013 ......
1607 1943 1694 2013 ltem
1721 1942 1828 2012 habet
1854 1941 1905 2011 ibi
1932 1939 2066 2009 ecclesia

526 2068 561 2134 ct
587 2064 753 2154 plebanus
781 2066 940 2155 proprios
967 2086 1070 2155 agros
1097 2066 1235 2154 liberos,
1263 2086 1327 2155 pro
1355 2086 1417 2137 suo
1444 2086 1523 2153 usn,
1550 2063 1692 2153 praedio
1719 2068 1761 2133 et·
1780 2061 1998 2132 necessitate.

1197 2185 1401 2256 Cunarunz.
1651 2163 1660 2176 ’

629 2306 800 2396 Oppidum
837 2308 871 2376 in
898 2312 995 2376 terra
1030 2306 1268 2397 Szevycricnsi
1304 2307 1427 2395 sitnm,
1461 2306 1593 2376 hahens
1629 2304 1808 2375 ecclesiam
1839 2302 2066 2393 parochialem
2163 2385 2164 2390 Ἰ

524 2429 691 2517 ligneam,
727 2428 851 2497 honori
885 2427 1076 2498 beatissimi
1112 2428 1277 2498 Stanislai
1313 2426 1483 2517 pontificis
1519 2433 1555 2497 et
1580 2426 1743 2514 martyris
1770 2424 1941 2511 dicatam,
1977 2422 2064 2491 cuins

525 2550 720 2637 proprietas
748 2548 792 2617 ad
811 2545 1072 2618 Gracoviensem
1100 2549 1297 2638 episcopum
1325 2549 1486 2637 pertinet.
1530 2547 1571 2615 In
1599 2568 1666 2635 quo
1693 2545 1838 2633 triginta
1863 2544 1981 2614 minus
2006 2563 2066 2611 nno
2162 2637 2163 2642 Ἰ

524 2669 614 2737 lanei
641 2668 891 2756 oppidanorum
919 2668 1115 2757 censualeS,
1153 2670 1236 2739 item
1274 2673 1354 2738 sunt
1380 2673 1453 2738 tres
1480 2667 1573 2737 ultra
1600 2666 1678 2736 illos
1705 2664 1796 2734 lanei
1827 2664 1951 2752 liberi,
1986 2682 2064 2731 unus

528 2786 686 2857 advocati
724 2786 766 2857 de
795 2785 1040 2876 Ozelyadz,
1078 2786 1145 2858 duo
1172 2809 1255 2858 vcro
1282 2787 1559 2877 Prelaysky,
1596 2786 1639 2856 dc
1666 2784 1791 2874 quibus
1818 2783 1981 2854 omnibus
2007 2781 2066 2851 sol·
2162 2781 2163 2872 l

392 2914 395 2925 '
524 2908 619 2977 uitur
637 2907 769 2977 decima
787 2908 994 2996 pecunialis,
1022 2904 1065 2978 de
1085 2909 1241 2998 quolibet
1266 2908 1365 2979 laneo
1386 2928 1447 2997 per
1465 2929 1525 2978 sex
1544 2927 1685 2995 grossos
1703 2906 1853 2975 latorum
1872 2923 2065 2993 grossorum
2162 2971 2163 3014 3

523 3027 757 3116 Pragensium.
797 3028 885 3097 Item
912 3028 1079 3115 plebanus
1115 3032 1151 3098 ct
1176 3029 1322 3099 ecclesia
1356 3029 1462 3099 habet
1496 3028 1546 3098 ibi
1571 3026 1732 3117 proprios
1768 3045 1871 3115 agros
1899 3030 1938 3095 et
1964 3028 2065 3114 prata,
2162 3021 2163 3088 l

524 3168 588 3235 pro
615 3168 677 3218 suo
704 3146 846 3236 praedio
874 3153 911 3218 et
938 3148 1155 3219 necessitate.

627 3268 809 3354 Damnum,
836 3268 919 3339 villa
947 3268 1010 3340 sub
1037 3268 1204 3358 parochia
1231 3268 1273 3340 de
1291 3269 1619 3360 Woykouycze
1646 3268 1731 3358 sita,
1759 3268 1856 3340 cuius
1874 3267 2065 3357 proprietas

524 3387 568 3457 ad
595 3387 774 3458 Nicolaum
801 3389 948 3460 indicem
976 3389 1297 3480 Szyevyeriensem,
1328 3391 1425 3460 etad
1443 3389 1630 3460 Matthiam
1657 3389 1786 3459 dictum
1813 3387 1943 3458 Macz
1970 3386 2066 3458 etad

524 3507 703 3598 Byerth
730 3513 765 3578 ot
784 3508 1078 3600 Golpschshy‘
1104 3512 1265 3600 pertinet.
1305 3511 1345 3581 ln
1365 3533 1433 3600 qna
1450 3515 1531 3581 sunt
1549 3531 1610 3580 sex
1628 3510 1720 3580 lanei
1747 3509 2002 3596 cmcthonales‚
2027 3507 2064 3576 de

524 3629 647 3717 quibus
674 3630 849 3718 perceptio
878 3628 1031 3701 decimae
1058 3632 1284 3721 manipularis
1312 3631 1583 3719 diversificatur;
1611 3652 1691 3700 nam
1709 3651 1778 3700 nno
1806 3651 1898 3700 anno
1926 3630 2065 3703 solvitur

490 3754 585 3837 'pro
612 3750 773 3839 episcopo
800 3749 1036 3839 Oracoviensi,
1063 3751 1174 3823 altero
1201 3771 1284 3822 vero
1311 3752 1475 3822 ecclesiae
1502 3757 1538 3821 et
1564 3751 1712 3840 plebano
1739 3751 1775 3819 in
1794 3748 2011 3836 Gzcladz,
2035 3753 2065 3817 et

521 3871 619 3940 valor
655 3871 728 3941 eius
755 3871 958 3942 aestimatur
994 3871 1037 3942 ad
1065 3893 1126 3943 sex
1153 3893 1296 3943 marcas.
1335 3871 1467 3943 Ibidem
1495 3877 1577 3942 sunt
1612 3870 1680 3942 duo
1716 3871 1861 3960 praedia
1898 3869 2064 3956 militaria,

523 4009 611 4078 quae
638 3991 775 4061 solvunt
797 3991 964 4061 decimam
993 3991 1156 4062 ecclesiae
1180 3993 1299 4063 Sancti
1324 3991 1494 4063 Johannis
1521 3992 1700 4081 Baptistae
1727 3991 1763 4061 in
1782 3971 2020 4062 Gracouia.

625 4109 887 4199 Mmuowrczn,
924 4111 1006 4181 villa
1042 4114 1106 4183 sub
1133 4113 1299 4201 parochia
1334 4113 1376 4183 de
1403 4111 1600 4183 Czeladz
1627 4113 1715 4200 sita,
1751 4113 1849 4186 cuius
1877 4111 2065 4201 proprietas

523 4229 567 4299 ad
594 4231 829 4318 praepositum
865 4237 902 4301 ct
928 4212 1176 4303 monasterium
1212 4232 1358 4303 Sanctae
1385 4233 1632 4322 Margarethae
1669 4237 1915 4302 extramuros
1943 4231 2065 4321 Bytho

522 4351 673 4420 mienses
692 4350 852 4438 pertinet.
879 4351 919 4420 In
939 4373 1008 4440 qua
1032 4357 1112 4423 sunt
1129 4353 1295 4424 tredecim
1317 4353 1408 4422 lanei
1426 4351 1659 4422 cmcthonales
1687 4357 1723 4426 et
1742 4351 1830 4422 dnae
1847 4351 2065 4435 hortulaniae,
2160 4416 2161 4447 ἒ

522 4470 564 4540 de
586 4469 710 4558 quibus
730 4471 876 4541 solvitur
904 4471 1043 4542 decima.
1083 4473 1171 4542 Item
1190 4478 1243 4543 est
1262 4473 1311 4543 ibi
1329 4473 1506 4560 scoltetia,
1533 4472 1665 4543 habens
1683 4477 1757 4544 tres
1775 4471 1897 4542 laneos
1915 4477 1951 4542 et
1969 4489 2064 4541 unum
2159 4560 2160 4573 ἵ

522 4589 777 4678 molendinum,
804 4596 840 4660 et
857 4570 960 4661 unam
988 4593 1167 4663 tabernam
1185 4594 1369 4664 habentem
1389 4614 1501 4683 agros,
1528 4598 1565 4662 ct
1583 4593 1687 4666 solvit
1713 4593 1882 4663 decimam
1896 4647 2013 4661 ......

623 4709 816 4801 Zaconzu,
852 4711 934 4782 villa
960 4711 1023 4782 suh
1059 4713 1224 4800 parochia
1260 4714 1303 4783 de
1329 4713 1368 4782 M
1377 4713 1628 4803 yslowiczc
1655 4715 1742 4803 sita,
1779 4713 1877 4784 cuius
1904 4710 2081 4783 haeredes

618 4830 660 4900 de
680 4831 780 4934 domo
807 4829 999 4922 Pylawa.
1039 4833 1078 4902 In
1098 4853 1167 4922 qna
1193 4838 1275 4903 sunt
1300 4833 1391 4903 lanei
1419 4833 1665 4922 cmcthonales‚
1692 4834 1735 4904 dc
1763 4834 1889 4923 quibus
1917 4833 2065 4904 omnibus

520 4951 665 5021 solvitur
692 4956 728 5021 et
745 4953 949 5023 conducitur
976 4951 1108 5022 decima
1126 4953 1351 5043 manipularis
1378 4960 1414 5025 ct
1433 4955 1608 5044 canapalis
1635 4975 1699 5044 pro
1717 4955 1864 5025 ecclesia
1882 4951 2063 5044 parochiali

518 5071 554 5139 in
573 5069 788 5160 Oueladz,
816 5073 911 5143 cuius
930 5071 1028 5143 valor
1046 5072 1089 5143 ad
1109 5094 1171 5144 sex
1189 5094 1322 5144 marcas
1342 5075 1565 5161 aestimatur;
1592 5074 1636 5144 de
1654 5074 1797 5163 praedio
1824 5094 1929 5164 vero,
1956 5073 2063 5144 taber·

517 5191 571 5261 nis
599 5195 635 5261 et
662 5191 855 5262 hortulanis
883 5192 1031 5263 solvitur
1058 5198 1094 5263 et
1121 5193 1225 5264 datur
1253 5195 1297 5264 ad
1324 5194 1636 5286 Myslowicze.
1717 5268 1727 5277 ,

1210 5314 1381 5405 lunuscn,

517 5429 682 5520 oppidum
714 5432 844 5504 habens
874 5433 909 5502 in
934 5454 971 5504 se
994 5433 1229 5522 parochialem
1262 5435 1440 5506 ecclesiam
1466 5440 1656 5526 muratam,
1688 5441 1726 5507 et
1749 5435 1879 5507 Sancto
1907 5437 2060 5508 Andreae

518 5549 686 5636 Apostolo
705 5553 871 5642 dicatam,
898 5555 994 5624 cuius
1022 5555 1218 5643 proprietas
1237 5555 1282 5625 ad
1300 5555 1563 5626 Serenissimnm
1581 5555 1747 5628 Poloniae
1766 5577 1885 5647 regem
1913 5558 2060 5648 pertinet
2148 5616 2150 5620 .

519 5666 559 5742 In
588 5688 654 5762 quo
682 5677 763 5746 suut
793 5672 884 5744 lanei
920 5672 1187 5767 oppidanorum,
1225 5673 1420 5776 dequibus
1456 5675 1603 5748 solvitur
1638 5681 1675 5750 et
1702 5677 1911 5763 conducitur
1942 5677 2062 5758 decimu
