4550 6600
1780 745 1828 820 33

283 953 325 1030 (16
351 954 464 1030 altera
490 955 709 1050 episcopatus
736 951 985 1046 cracoviensis,
1013 951 1055 1026 de
1081 948 1189 1025 tertia
1213 951 1461 1026 monasterinm
1480 950 1517 1025 in
1534 949 1718 1044 Mogila.
1745 955 1834 1026 Item
1946 1024 1953 1033 .

283 1083 347 1148 est·
363 1078 413 1149 ibi
437 1079 618 1169 praedium
646 1077 852 1167 coenobiale,
868 1075 922 1147 (16
950 1076 1046 1146 cuius
1073 1075 1167 1164 agris
1196 1074 1342 1146 solvitur
1369 1074 1501 1146 decima
1527 1075 1752 1164 manipularis
1770 1098 1835 1166 pro

282 1198 428 1270 ecclesia
453 1199 646 1290 parochiali
672 1199 708 1269 in
735 1197 997 1287 Tharnaua,
1023 1216 1131 1287 prope
1159 1194 1419 1285 Ghr'zelow3
1445 1197 1530 1268 item
1548 1196 1748 1268 cmethones
1766 1197 1835 1268 sol-

202 1334 204 1338 ’
283 1324 370 1390 runt
394 1319 545 1410 plebano
572 1317 734 1390 (66661666

388 1439 598 1531 Knczrczra
624 1440 707 1512 villa
733 1439 796 1510 snb
822 1438 987 1529 parochia
1013 1437 1055 1508 de
1081 1437 1383 1528 Prandoczyn
1410 1438 1488 1528 sita,
1515 1438 1612 1509 cuius
1637 1440 1835 1529 proprietas

286 1559 331 1632 ad
356 1562 602 1633 monasterium
638 1561 680 1632 de
697 1648 698 1652 Ἰ
713 1559 888 1649 Mogila
913 1559 1084 1649 pertinet,
1112 1560 1147 1630 in
1185 1580 1254 1650 qua
1280 1560 1452 1650 quondam
1478 1565 1581 1630 erant
1606 1560 1708 1630 mnlti
1733 1561 1835 1650 lanei,

286 1679 348 1752 sed
383 1682 495 1753 maior
528 1701 608 1771 pars
643 1701 761 1751 eorum
795 1681 831 1750 in
865 1680 1047 1770 praedium
1079 1681 1278 1751 coenobiale
1305 1700 1474 1752 conversa
1499 1685 1563 1750 est
1603 1679 1693 1752 Sunt
1719 1686 1837 1752 autem

287 1799 399 1872 adhuc
425 1801 475 1872 ibi
501 1801 647 1871 sedecim
673 1801 765 1872 lanei
792 1800 1025 1872 cmethonales
1053 1804 1088 1872 et
1114 1821 1184 1873 una
1210 1802 1366 1891 taberna,
1393 1801 1525 1871 hahens
1551 1821 1665 1893 agros,
1691 1800 1734 1873 de
1761 1803 1837 1892 qni-

284 1920 348 1990 bus
375 1921 523 1992 solvitur
549 1925 584 1992 et
600 1915 812 1992 ‘conducitur
839 1921 974 1992 decima
999 1943 1063 2013 pro
1090 1923 1302 1994 monasterio
1329 1922 1366 1992 in
1393 1921 1576 2011 Mogila

387 2038 620 2131 szmczn,
647 2041 731 2113 uilla
766 2042 830 2113 sub
866 2043 1033 2133 parochia
1059 2041 1102 2114 (16
1129 2042 1439 2132 Prandoczyn
1476 2043 1562 2133 sita,
1589 2045 1687 2115 cuius
1712 2044 1837 2115 haeres

283 2158 432 2250 Spithko
474 2161 687 2253 Thurshy
726 2163 769 2234 de
812 2162 912 2234 domo
949 2160 1234 2256 Griffonum,
1269 2165 1306 2235 in
1340 2185 1410 2255 qua
1444 2168 1527 2238 snut
1561 2170 1712 2254 quatuor
1744 2165 1838 2237 lanei

283 2282 537 2373 cmethonales,
572 2279 615 2354 (16
652 2285 776 2374 quibus
817 2284 959 2360 decima
989 2284 1216 2376 manipularis
1232 2284 1235 2291 “
1251 2292 1288 2358 61
1322 2285 1498 2376 canapalis
1539 2283 1603 2377 pro
1639 2285 1838 2376 praebenda

284 2400 525 2494 Gracoviensi,
553 2425 641 2495 quae
676 2408 820 2478 vocatur
855 2404 1154 2497 Racyborouska‚
1190 2408 1286 2480 cuius
1321 2407 1422 2479 valor
1455 2409 1662 2480 aestimatur
1696 2407 1741 2478 ad
1775 2427 1838 2478 sex

284 2542 426 2595 marcae.
453 2579 461 2594 .
488 2579 496 2595 .
523 2579 531 2595 .

388 2644 607 2736 anrnow‚
634 2647 718 2718 uilla
754 2646 818 2717 snb
845 2645 1011 2736 parochia
1038 2646 1080 2718 de
1107 2646 1410 2739 Prandoczyn
1437 2648 1519 2739 sita,
1546 2650 1644 2720 cuins
1670 2648 1839 2720 haeredes

285 2766 419 2838 nobiles
454 2767 498 2838 de
533 2768 641 2838 variis
677 2767 801 2857 armis,
836 2767 872 2837 in
909 2787 977 2857 qua
1012 2772 1093 2838 sunt
1127 2767 1221 2839 lanei
1256 2769 1507 2858 cmethonales,
1536 2774 1573 2839 et
1606 2776 1679 2840 tam
1706 2770 1839 2841 nobiles

287 2907 389 2977 quam
424 2889 623 2958 cmethones
660 2889 799 2959 solvunt
835 2887 1001 2959 decimam
1037 2888 1288 2978 manipularem
1324 2893 1361 2959 et
1387 2889 1587 2979 canapalem
1613 2889 1778 2961 ecclesiae
1804 2895 1841 2960 et

287 3008 434 3098 plebano
461 3009 497 3079 in
524 3008 831 3099 Prandoczin,
859 3008 956 3080 cuius
983 3008 1081 3080 valor
1107 3009 1311 3080 aestimetur
1338 3010 1383 3079 ad
1409 3015 1485 3081 tres
1511 3031 1656 3081 marcas.

392 3127 682 3221 Onaszomrczn,
708 3130 792 3202 villa
818 3131 882 3201 sub
908 3130 1074 3220 parochia
1100 3129 1144 3201 de
1170 3130 1462 3201 Prandoczin
1490 3132 1565 3222 sita,
1593 3132 1690 3203 cuius
1717 3132 1840 3203 haeres

289 3249 447 3341 Zegotha
472 3249 692 3323 Necanda
718 3252 760 3323 de
788 3252 894 3325 armis
920 3251 1240 3366 Bippennium
1267 3251 1303 3322 in
1322 3251 1841 3342 qnasuntdecemlaneicme·
1950 3252 1953 3258 '

289 3372 448 3444 thonales
484 3378 521 3443 et
555 3394 624 3443 una
658 3373 822 3464 taberna,
853 3372 985 3445 habens
1022 3394 1141 3465 agros,
1169 3373 1212 3444 (16
1249 3374 1373 3464 qnibns
1400 3374 1548 3445 solvitur
1573 3380 1611 3446 et
1637 3374 1842 3446 conducitur
1949 3452 1951 3456 .

290 3492 424 3565 decima
449 3494 673 3584 manipularis
701 3499 737 3565 et
763 3494 939 3585 canapalis
965 3514 1029 3585 pro
1056 3493 1170 3565 officio
1196 3494 1460 3584 praedicaturae
1487 3495 1524 3565 in
1550 3495 1697 3567 ecclesie
1714 3494 1841 3567 Gracc·

290 3605 434 3705 riensi,'
453 3621 489 3687 et
523 3615 622 3701 valor
656 3616 730 3687 eius
766 3616 811 3686 ad
846 3615 994 3687 sedecim
1028 3634 1174 3686 marcas.
1212 3615 1300 3685 Item
1336 3615 1373 3685 in
1400 3615 1519 3686 eedem
1546 3615 1630 3686 villa
1657 3622 1710 3687 est
1736 3637 1842 3687 unum

290 3736 470 3826 praedium
496 3736 656 3826 militare,
683 3736 766 3807 item
795 3742 943 3827 quatuor
968 3736 1197 3825 hortulaniae‚
1223 3735 1392 3805 habentes
1418 3754 1531 3823 agros,
1559 3756 1603 3805 ex
1629 3736 1772 3824 praedio
1791 3736 1842 3805 eis

289 3856 453 3946 largitos,
480 3855 523 3927 de
555 3857 679 3946 quibus
714 3856 886 3945 aliquibus
913 3855 1105 3925 decimatur
1132 3853 1297 3924 ecclesiae
1324 3854 1360 3923 in
1385 3852 1679 3946 Korzequya‚
1706 3854 1749 3925 de
1775 3855 1841 3924 ali-

292 3978 417 4068 quibus
442 3996 526 4049 rero
554 3976 745 4048 decimatur
772 3976 936 4048 ecclesiae
962 3974 998 4045 in
1025 3973 1328 4047 Prandoczin,

397 4088 675 4188 Tauscnozrnr,
701 4097 900 4187 Pousinon,
927 4095 1183 4183 Ononowrczm
1211 4116 1328 4168 omnes
1355 4095 1443 4167 istae
1469 4100 1543 4166 tres
1570 4095 1673 4166 villae
1700 4099 1781 4166 sunt
1799 4094 1843 4165 de

293 4207 506 4310 proprietate
541 4219 744 4291 monasterii
779 4218 822 4290 de
847 4216 1034 4309 Mogyla
1060 4223 1097 4288 et
1123 4217 1167 4288 (16
1193 4217 1359 4308 parochia
1385 4217 1551 4289 ecclesiae
1578 4218 1614 4287 in
1641 4216 1844 4287 Prando-

295 4342 405 4431 czin,
432 4346 468 4412 et
492 4340 639 4430 perditis
665 4339 841 4430 prioribus
868 4344 905 4409 et
930 4316 1108 4410 veteribus
1134 4339 1349 4428 nominihus
1375 4337 1538 4409 redactae
1570 4344 1651 4409 sunt
1678 4339 1714 4407 in
1740 4358 1843 4407 unam

294 4462 412 4533 villam
438 4460 747 4550 Prandoczin,
775 4465 811 4532 et
846 4460 888 4531 de
924 4460 1081 4531 omnibus
1109 4458 1257 4531 solvitur
1283 4466 1319 4529 et
1344 4459 1549 4531 conducitur
1576 4458 1709 4529 decima
1734 4458 1843 4527 mani-

294 4582 426 4672 prdaris
461 4586 498 4654 et
529 4582 704 4672 cenapolis
730 4602 795 4671 pro
821 4581 1031 4653 monasterio
1059 4582 1094 4651 in
1121 4580 1324 4671 Mogyla‚
1351 4586 1388 4651 61
1413 4580 1512 4651 valor
1537 4579 1612 4649 eius
1639 4578 1845 4675 aestimatur

295 4703 341 4775 ad
367 4704 547 4794 sexaginta
580 4723 734 4791 marcas3
761 4703 862 4775 item⁴
881 4722 998 4774 omnes
1024 4701 1112 4772 istae
1140 4706 1289 4791 quatuor
1314 4700 1418 4771 villae
1445 4699 1586 4770 solvunt
1612 4698 1781 4768 ecclcsiae
1808 4702 1845 4767 et
1903 4760 1909 4768 ,

293 4824 441 4915 plebano
467 4825 541 4897 eius
566 4821 727 4915 masclam,
753 4844 857 4895 unam
882 4822 1044 4895 videlicet
1068 4842 1266 4893 mensuram
1292 4820 1439 4910 siliginis
1465 4826 1503 4890 et
1528 4838 1632 4890 unam
1651 4838 1792 4889 avenae.

398 4999 401 5009 .
981 4942 1159 5015 Moomn.

408 5065 520 5157 Villa,
554 5066 687 5138 habens
722 5039 900 5137 ecclesiam
935 5062 1170 5155 parochialem
1200 5061 1351 5151 ligneam
1385 5060 1422 5131 in
1449 5080 1505 5149 se,
1532 5057 1660 5130 Sancto
1696 5058 1846 5129 Bartho-

296 5186 429 5259 lomaco
464 5188 620 5278 apostolo
656 5187 824 5277 dicatam,
851 5186 950 5257 iuxta
982 5183 1230 5274 monasterium
1265 5180 1431 5251 Glarae
1466 5179 1667 5269 tumbae,
1694 5199 1763 5250 non
1790 5199 1846 5249 re·

298 5314 391 5380 mote
426 5329 448 5379 a
481 5308 585 5379 fluvio
619 5307 831 5397 Dlnbnya
866 5306 952 5395 sita,
979 5305 1077 5375 cuius
1111 5303 1306 5393 proprietas
1333 5299 1378 5371 ed
1403 5300 1653 5371 monasterinm
1679 5298 1846 5371 Clarae

297 5430 482 5501 tumbae
508 5428 668 5519 pertinet
693 5428 730 5497 in
758 5447 826 5516 qna
852 5430 934 5496 sunt
951 5422 1210 5513 quatuordecim
1228 5421 1320 5491 lanei
1338 5420 1583 5511 cmethonales,
1600 5441 1671 5491 nna
1686 5421 1846 5509 tahema,

296 5550 430 5621 habens
465 5570 586 5639 agros,
612 5549 696 5618 item
730 5544 966 5637 hortulaniae‚
993 5542 1036 5613 (16
1072 5543 1197 5633 quibus
1224 5541 1383 5613 omnibns
1409 5541 1555 5613 solvitur
1581 5546 1618 5612 et
1643 5540 1848 5612 conducitur

298 5668 433 5742 decima
466 5666 690 5758 manipularis
725 5670 762 5737 et
796 5663 972 5756 canapalis
1006 5684 1070 5753 pro
1102 5662 1315 5734 monasterio
1340 5660 1557 5753 Mogiliensi,
1584 5666 1621 5733 et
1647 5660 1747 5734 valor
1772 5661 1848 5733 eius

403 5832 600 5881 sammon.
1641 5799 1661 5861 ὅ
