4550 6600
1705 799 1778 876 207

225 996 378 1092 pertinet
405 1001 451 1073 ad
477 995 692 1092 Stephanum
719 998 1193 1094 Suanthopelconem'.
1236 1004 1276 1077 in
1305 1005 1372 1097 ipna
1399 1010 1479 1079 suut
1505 1006 1599 1080 lanei
1626 1010 1780 1080 ematho-

225 1121 341 1211 nales,
369 1122 412 1191 de
440 1124 565 1212 quihus
592 1123 696 1195 solvit
681 1128 740 1194 tur
767 1123 899 1195 decima
925 1146 990 1215 pro
1017 1126 1202 1196 ecclesia
1191 1149 1228 1196 m
1254 1126 1460 1199 Irzandz.
1505 1130 1592 1199 Item
1620 1136 1703 1202 sunt
1687 1131 1781 1201 tihi

224 1241 484 1333 duopreedia
519 1264 624 1315 unum
661 1242 841 1316 Szwant
825 1244 1150 1337 thopelconiS‚
1186 1248 1280 1320 ahud
1306 1247 1476 1319 Johanms
1512 1247 1777 1340 Pukarshy,

224 1361 267 1431 de
295 1363 420 1451 quibus
447 1363 551 1434 etiam
579 1363 712 1436 decima
738 1366 843 1437 solvit
828 1371 886 1437 tur
913 1367 948 1435 in
975 1366 1112 1437 lrzan
1127 1368 1187 1438 dz.

326 1482 673 1575 Mmounuowrczu
700 1485 784 1556 villa
811 1486 874 1557 suh
901 1488 1066 1576 parochia
1092 1487 1135 1558 de
1161 1488 1361 1560 Irzandz
1388 1490 1466 1580 sita,
1493 1490 1589 1561 cuius
1616 1491 1778 1580 proprie-

222 1606 277 1672 tas
303 1602 533 1675 haereditatis
560 1604 605 1675 ad
633 1602 1124 1697 Szwanthdpelconem
1159 1610 1311 1698 pertinet
1338 1610 1380 1680 dc
1409 1609 1509 1682 domo
1547 1609 1776 1700 Vulpium.

222 1722 261 1792 ln
289 1744 359 1812 qua
385 1724 486 1815 lanei,
514 1724 556 1795 de
584 1725 708 1815 quibus
735 1725 883 1799 solvitur
916 1727 1049 1798 decima
1075 1728 1111 1798 in
1138 1728 1383 1819 Irzandze,
1420 1731 1516 1801 cuius
1543 1730 1643 1801 valor
1669 1731 1776 1801 aesti-

221 1848 338 1914 matur
364 1843 436 1915 ad.
455 1898 462 1914 .
482 1898 489 1914 .
508 1868 543 1933 .;
571 1845 654 1915 item
682 1866 749 1916 uon
778 1852 832 1917 est
860 1848 908 1918 ibi
936 1848 1126 1937 praedium.

327 1963 592 2056 Wunooscun,
628 1966 711 2037 villa
737 1967 801 2038 sub
828 1968 993 2057 parochia
1020 1968 1063 2038 de
1089 1968 1287 2043 Irzandz
1323 1971 1409 2060 sita,
1445 1972 1541 2043 cuius
1574 1970 1773 2043 haereditas

223 2085 267 2156 ad
292 2084 491 2157 Johannem
518 2086 864 2178 Pukarzowshy
890 2090 1051 2179 pertinet.
1078 2088 1119 2159 In
1138 2110 1206 2179 qua
1232 2095 1314 2160 sunt
1339 2090 1431 2161 lanei
1459 2092 1703 2182 emethouales‚
1731 2092 1775 2166 de
1894 2096 1901 2107 ‘

224 2205 349 2296 quihus
377 2207 512 2301 decima
537 2207 683 2279 solvitur
701 2228 765 2298 pro
784 2208 929 2280 ecclesia
956 2210 992 2280 in
1017 2208 1261 2301 Irzandze,
1288 2216 1324 2281 et
1350 2211 1449 2284 valor
1475 2212 1550 2284 eins
1573 2213 1777 2283 aestimatur
1897 2294 1901 2299 ,

222 2326 265 2397 u
284 2381 426 2398 ιιιιιι
439 2306 443 2314 .

327 2446 553 2538 Wrounzow,
579 2448 663 2519 villa
689 2450 753 2521 suh
780 2450 945 2541 parochie
972 2451 1014 2521 dc
1040 2419 1240 2523 Irzandz
1267 2454 1348 2543 sita,
1385 2452 1482 2524 cuius
1508 2453 1632 2523 haeres
1659 2451 1804 2524 Shuni-⁸
1892 2439 1899 2521 ’.

222 2567 313 2639 slaus
341 2566 667 2659 Pucarowslry.
711 2570 751 2639 ln
779 2576 964 2661 quaeunt
996 2572 1088 2642 lanei
1120 2574 1374 2663 cmethoualeS‚
1411 2573 1606 2664 dequibus
1643 2574 1777 2643 decima

118 2714 119 2717 ¹
221 2689 423 2778 praeposito
450 2689 486 2759 in
513 2688 752 2781 Mszthow,
780 2698 816 2761 et
843 2692 940 2763 valor
967 2693 1040 2762 eius
1068 2694 1272 2763 aestimatur
1298 2693 1342 2764 ad
1361 2747 1475 2764 .....
1502 2714 1645 2763 marcas.

325 2808 568 2900 Ζιιιιιιιιιιι,
596 2810 680 2882 villa
706 2812 770 2883 sub
797 2812 963 2903 parochia
990 2811 1033 2882 de
1059 2812 1288 2884 Irzandze
1314 2814 1401 2904 sita,
1440 2814 1537 2885 cuius
1564 2814 1689 2885 haeres
1715 2812 1777 2884 Jo·
1807 2794 1814 2839 ³

222 2929 353 3001 hannes
380 2929 696 3023 Pnharowshy
723 2932 766 3001 de
786 2932 886 3003 domo
914 2931 1226 3024 Srzyenyawa
1252 2934 1292 3004 In
1320 2956 1389 3026 qna
1414 2934 1506 3005 lanei
1533 2934 1775 3023 cmethonales‚

223 3049 419 3141 dequibus
455 3052 588 3123 decima
623 3051 727 3124 solvit
712 3057 769 3122 tur
806 3055 966 3144 episcopo
1002 3052 1240 3145 cracoviensi,
1276 3060 1312 3126 et
1296 3055 1437 3127 tvalor
1467 3056 1542 3126 eius
1569 3056 1776 3126 aestimatur

118 3262 119 3267 Ἰ
198 3164 265 3241 ἰιι
283 3226 402 3242 .....
428 3171 518 3243 Item
545 3194 614 3243 non
641 3174 769 3245 esttibi
796 3173 935 3264 aliquod
961 3175 1153 3265 peeedium

324 3292 511 3384 annnn,
537 3292 621 3366 villa
648 3294 712 3366 suh
738 3294 903 3385 parochia
929 3293 972 3367 de
999 3294 1226 3366 Irzandze
1253 3261 1453 3387 sitarciae
1480 3295 1604 3368 haeres
1633 3293 1777 3368 Suan-

223 3415 452 3504 thopelho
480 3413 684 3504 St.ephauus
728 3415 768 3485 In
796 3421 972 3506 quaeunt
999 3417 1090 3488 lanei
1118 3417 1361 3507 emcthonales,
1388 3416 1582 3511 dequibus
1609 3416 1777 3488 medietas

224 3533 377 3606 decimae
390 3536 566 3625 ,episcopo
593 3535 832 3626 Cracoviensi,
859 3542 896 3607 et
922 3537 1089 3608 medietas
1116 3537 1264 3627 plebano
1291 3537 1327 3606 in
1354 3536 1584 3607 Irzandze
1619 3537 1776 3626 solvitur,

225 3661 259 3726 et
284 3656 387 3727 valor
414 3656 458 3727 ad
484 3675 619 3726 marcas
638 3709 753 3727 .....
780 3657 992 3728 aestimatur.
1019 3657 1107 3728 Item
1134 3663 1188 3728 est
1213 3657 1262 3728 ibi
1289 3657 1471 3747 praedium
1497 3678 1612 3746 unum,
1640 3657 1682 3727 de
1709 3677 1777 3746 quo
1899 3722 1906 3729 ,

224 3775 415 3848 decimatur
440 3797 505 3867 pro
531 3776 679 3867 plebano
707 3797 779 3866 suo,
808 3778 904 3848 cuium
931 3777 1084 3847 decimae
1111 3777 1210 3848 valor
1237 3776 1439 3847 aestimatur
1467 3777 1511 3848 ad
1530 3830 1645 3846 .....
1812 3868 1816 3876 ι

325 3897 526 3987 sinouse,
553 3897 636 3969 villa
662 3897 726 3968 sub
753 3897 919 3988 parochia
946 3897 988 3968 de
1016 3896 1244 3968 Irzandze
1272 3898 1348 3988 sita,
1376 3899 1472 3969 cuius
1499 3897 1624 3968 haeres
1647 3894 1776 3966 Paulus

225 4017 476 4109 Sedowsky
503 4016 673 4088 dedomo
693 4071 888 4088 ........
915 4018 956 4089 Iu
984 4039 1053 4109 qna
1079 4024 1161 4089 sunt
1186 4018 1278 4089 lanei
1305 4017 1552 4107 cmethonales
1580 4017 1623 4087 de
1650 4017 1776 4106 quibus
1913 4067 1917 4072 ·

225 4139 370 4212 soluitur
398 4139 530 4211 decima
555 4159 619 4229 pro
646 4159 715 4209 una
741 4144 840 4230 parte
867 4139 1037 4230 episcopo,
1065 4144 1100 4210 et
1122 4159 1187 4228 pro
1215 4139 1329 4210 altera
1350 4139 1513 4230 plebano,
1531 4144 1568 4220 et
1585 4137 1684 4209 valor
1701 4138 1776 4208 eius

227 4262 432 4332 aestimatur
450 4313 617 4331 .......

326 4381 532 4471 Wozurnr,
559 4381 642 4452 uilla
669 4382 733 4452 sub
759 4380 926 4471 parochia
952 4378 1198 4471 Irzandze,
1226 4380 1323 4452 cuius
1350 4379 1475 4453 haeres
1501 4378 1705 4452 Jacohih
1726 4378 1775 4449 de

228 4500 326 4573 domo
353 4500 608 4592 Pobodzye.
652 4501 692 4576 Iu
720 4521 788 4592 qua
815 4507 896 4572 sunt
922 4501 1014 4571 lanei
1040 4500 1293 4592 emethonales,
1318 4501 1363 4572 'de
1391 4503 1515 4593 quihus
1542 4501 1674 4572 decima
1701 4499 1776 4589 epi-

229 4642 340 4714 scopo,
368 4627 405 4694 et
432 4623 529 4694 valor
555 4623 629 4694 eius
657 4622 861 4692 aestimatur
887 4622 932 4693 ad
951 4676 1118 4692 .......
1145 4641 1288 4694 marcas.
1315 4622 1404 4696 Item
1430 4626 1485 4693 cst
1511 4622 1560 4694 ihi
1586 4619 1775 4710 praedium,

229 4742 269 4813 de
297 4765 366 4834 quo
395 4742 527 4814 decima
552 4743 699 4834 plebano
727 4743 762 4828 iu
789 4741 1014 4814 Irzandze
1039 4797 1206 4812 .......

329 4863 494 4954 Onnum,
521 4861 604 4934 villa
631 4864 695 4934 sub
721 4863 887 4954 parochia
913 4863 956 4934 de
982 4863 1209 4934 Irzandze
1236 4863 1314 4953 sita,
1342 4862 1438 4934 cuius
1456 4862 1580 4934 haeres
1603 4867 1658 4933 est
1675 4879 1776 4951 prae-

229 4985 359 5076 positus
386 4983 694 5077 Myechovyeusis‚
721 4985 757 5055 iu
785 5005 853 5076 qna
884 4990 966 5055 sunt
991 4980 1084 5055 lanei
1110 4983 1361 5073 cmethonales,
1395 4982 1438 5054 de
1465 4983 1590 5073 quibus
1625 4979 1774 5054 solvitur

231 5106 361 5178 decima
387 5125 450 5196 pro
469 5157 584 5178 .....

331 5225 659 5319 acrochordon,
686 5225 770 5299 ville
788 5228 852 5300 snb
869 5225 1035 5318 parochia
1061 5224 1103 5298 de
1130 5223 1357 5297 Irzandze
1383 5225 1460 5315 sita7
1488 5224 1585 5296 cuius
1611 5197 1772 5293 haeres.

231 5346 568 5442 Golnchowsky
594 5350 638 5420 de
665 5349 765 5421 domo
792 5349 1019 5439 Vulpium.
1046 5347 1086 5418 In
1114 5367 1183 5437 qua
1209 5351 1291 5418 sunt
1275 5346 1408 5418 tlanei
1434 5345 1746 5417 cmetfflhonales

951 5467 1056 5538 Snus.

328 5585 423 5662 Villa
448 5589 617 5663 habens
607 5613 642 5662 m
670 5611 708 5661 se
733 5585 966 5680 parochialem
993 5587 1172 5659 ecclesiam
1199 5587 1365 5678 ligneam,
1391 5583 1519 5658 Sancto
1538 5638 1652 5656 .....
1679 5585 1774 5658 dica-

231 5713 317 5802 tam,
353 5712 448 5784 cuius
475 5713 600 5785 haeres
626 5711 820 5803 Stephanus
848 5708 1318 5797 Szwanthopelconis
1349 5707 1393 5779 de
1419 5707 1520 5778 domo
1546 5706 1774 5800 Vulpium.
