4550 6600
1155 919 1388 989 Tunasnwn.

491 1032 492 1037 ¹
587 1044 699 1132 Villa,
735 1043 868 1115 habens
905 1042 941 1111 in
969 1062 1006 1111 se
1038 1040 1271 1129 parochialem
1299 1017 1486 1111 ¹ecclesiam
1525 1039 1692 1128 ligneam,
1730 1036 1876 1109 Sanctae
1903 1037 2039 1108 Mariae

483 1166 671 1239 Nativitati
706 1164 874 1251 dicatam,
892 1162 1012 1243 ,cuius
1048 1162 1171 1231 haeres
1209 1159 1536 1249 Skrzelowslry
1575 1159 1756 1229 lohannes
1791 1159 1834 1229 de
1860 1160 1968 1230 armis
2004 1167 2041 1228 et

484 1286 615 1357 familia
641 1284 958 1375 Bippennium.
986 1282 1026 1351 In
1055 1302 1122 1370 qua
1149 1287 1231 1351 sunt
1256 1281 1349 1350 lanei
1377 1280 1630 1369 emethonalcS,
1659 1280 1701 1349 de
1729 1279 1853 1369 quibus
1880 1280 2040 1349 omnibns

483 1408 632 1479 solvitur
652 1412 687 1477 et
706 1406 909 1477 conducitur
928 1403 1060 1473 decimo
1078 1402 1305 1491 manipularis
1325 1407 1361 1471 et
1379 1401 1553 1490 canapalis
1574 1422 1638 1491 pro
1657 1400 1803 1471 ecclesia
1828 1401 1865 1469 in
1882 1400 2040 1489 11111111-

484 1549 604 1599 czow
639 1533 675 1597 et
702 1526 897 1616 percipiunt
933 1545 1008 1594 earn
1045 1545 1108 1613 pro
1137 1544 1174 1593 se
1201 1522 1340 1612 plebani
1375 1523 1468 1593 inter
1504 1542 1541 1591 se
1577 1522 1777 1591 alternatim
1811 1542 1875 1609 per
1910 1542 2038 1609 annos3

484 1649 580 1720 111111
608 1647 707 1719 valor
734 1647 938 1717 aestimatur
974 1645 1018 1714 ad
1046 1644 1196 1733 quinque
1223 1664 1378 1713 marcas:
1413 1644 1496 1713 item
1523 1665 1593 1713 non
1621 1648 1675 1713 est
1701 1643 1751 1713 ibi
1777 1642 1959 1731 praedium
1977 1643 2041 1712 ali-

486 1767 589 1858 quod,
615 1768 699 1838 item
726 1766 872 1837 ecclesia
899 1772 935 1835 et
962 1765 1130 1854 plebanus
1157 1765 1264 1835 hahet
1289 1765 1339 1835 ibi
1367 1764 1535 1855 speciales
1563 1784 1667 1851 agros
1693 1769 1730 1833 11
1756 1768 1859 1852 prata
1885 1784 1950 1853 pro
1978 1785 2040 1835 suo

486 1910 561 1978 usu,
588 1887 731 1979 praedio
760 1893 795 1958 11
820 1887 1039 1975 necessitate;
1066 1887 1150 1956 item
1177 1886 1347 1975 plebanus
1374 1885 1481 1955 habet
1507 1904 1610 1955 unam
1637 1884 1832 1975 tabernam,
1860 1905 1949 1973 qnae
1976 1905 2040 1973 pro

485 2028 591 2081 censu
618 2008 723 2079 solvit
748 2009 919 2098 plebano.
942 2060 1001 2077 ...

589 2128 904 2217 Szmnazrscnovv‚
931 2128 1016 2199 villa
1042 2128 1106 2197 sub
1134 2128 1300 2215 parochia
1326 2126 1368 2197 dc
1397 2126 1652 2197 Tharnavva
1678 2125 1764 2215 sita,
1792 2126 1889 2197 euius
1916 2127 2041 2197 haeres

405 2306 408 2315 .
485 2250 577 2321 idem
605 2248 934 2337 Skrzelowslry
961 2248 1003 2317 de
1032 2248 1132 2319 domo
1161 2247 1482 2337 Bippenninm.
1509 2248 1550 2317 ln
1573 2269 1642 2336 qna
1661 2252 1742 2317 sunt
1767 2247 1861 2317 lanei
1888 2249 2041 2319 emetha-

488 2370 594 2458 nales,
623 2340 816 2459 dequibus
845 2369 1003 2438 omnibus
1032 2368 1179 2437 solvitur
1198 2375 1234 2437 et
1253 2368 1458 2438 conducitur
1485 2368 1617 2437 decima
1639 2368 1866 2457 manipularis
1885 2372 2042 2466 111111-

486 2490 575 2580 palis
611 2510 675 2579 pro
704 2490 848 2560 ecelesia
884 2490 920 2559 in
956 2488 1255 2579 blsthyezow,
1290 2496 1326 2559 et
1361 2489 1500 2579 plebani
1536 2488 1735 2558 alternatim
1771 2488 1867 2558 illam
1902 2510 1968 2579 pro
2005 2511 2041 2559 se

486 2610 671 2699 accipiunt,
700 2610 797 2681 cuius
826 2610 923 2681 valor
950 2610 1155 2681 aestimatur·
1182 2610 1226 2679 ad
1254 2611 1404 2698 quinque
1432 2630 1575 2679 marcas.

590 2730 826 2819 Sauconnam,
853 2731 939 2803 villa
957 2732 1020 2802 sub
1040 2731 1206 2820 parochia
1233 2732 1275 2801 de
1303 2730 1558 2800 Tharnavva
1585 2731 1663 2819 sita,
1692 2731 1789 2801 cuius
1807 2732 1899 2801 idem
1917 2732 2042 2801 haeres

485 2850 663 2922 lohannes
691 2850 1029 2941 Skrzelowsky.
1057 2852 1096 2921 ln
1125 2873 1194 2940 qua
1220 2857 1301 2921 sunt
1328 2851 1419 2921 lanei
1447 2851 1690 2941 cinethonalcS,
1719 2852 1761 2923 de
1787 2852 1913 2941 quibus
1933 2854 2043 2923 omui-

463 2962 550 3042 ¹hus
578 2971 725 3041 solvitur
752 2976 787 3041 ct
815 2972 1019 3042 conducitur
1047 2971 1179 3041 decima
1205 2972 1430 3059 manipularis
1458 2978 1493 3041 et
1520 2973 1695 3061 canapalis
1722 2973 1888 3043 ecclesiae
1911 2974 2042 3043 eteius

486 3090 633 3179 plebano
662 3092 698 3161 in
725 3091 1030 3181 lllsthyczovv,
1057 3092 1256 3163 alternatim
1283 3113 1346 3181 pro
1369 3099 1528 3183 utroque,
1555 3098 1591 3163 et
1610 3093 1707 3164 valor
1735 3094 1809 3165 eius
1836 3095 2043 3165 aestimatur

487 3208 532 3279 ad
560 3210 758 3299 quindecim
785 3230 928 3281 mareas.
1825 3220 1829 3226 “

595 3330 715 3400 Novvn
742 3329 896 3421 liliosa,
924 3333 1005 3404 villa
1032 3334 1096 3404 sub
1124 3334 1289 3423 parochia
1315 3335 1357 3405 de
1385 3335 1644 3406 Tharnavva
1671 3337 1755 3426 sita,
1793 3338 1890 3409 cuius
1917 3339 2042 3410 haeres

487 3449 612 3520 Petrus
640 3451 969 3543 Rosznyczslry
997 3453 1039 3524 de
1067 3455 1173 3523 armis
1200 3454 1426 3544 Vulpium.
1453 3456 1494 3525 ln
1522 3479 1590 3547 qua
1617 3464 1698 3528 sunt
1723 3459 1815 3528 lanei
1843 3461 2041 3532 cmethona-
2082 3536 2089 3547 x

487 3569 558 3659 les,
587 3571 629 3641 de
658 3573 781 3660 q'uibus
810 3574 968 3646 omnibus
997 3575 1143 3645 solvitur
1171 3583 1207 3646 et
1235 3576 1438 3648 conducitur
1466 3577 1598 3648 decima
1625 3580 1850 3668 manipularis
1878 3588 1914 3651 et
1941 3603 2042 3652 cana-

486 3691 576 3780 palis
604 3713 666 3782 pro
695 3693 839 3764 ecclesia
873 3703 910 3766 et
937 3696 1012 3766 eius
1040 3697 1197 3786 plebanis
1225 3699 1259 3768 11
1287 3698 1590 3790 lllsthyczonv,
1626 3721 1689 3789 111·
1715 3701 1854 3772 modum
1889 3702 2042 3774 alterna-

486 3811 602 3901 tionis;
630 3815 726 3884 cuius
754 3815 851 3886 valor·
878 3818 1084 3891 aestimatur
1111 3818 1155 3888 ad
1182 3825 1254 3889 tres
1282 3843 1433 3909 marcae,
1461 3820 1646 3909 aliquando
1672 3822 1723 3907 ,ad
1752 3829 1908 3912 quatuor.
1954 3824 2042 3895 Sunt

486 3941 602 4004 autem
640 3936 689 4005 ibi
725 3936 792 4006 duo
829 3914 921 4007 lanei
962 3939 1216 4028 cmethonales,
1254 3941 1297 4010 de
1334 3941 1458 4031 quibus
1496 3942 1629 4012 decima
1670 3943 1763 4014 cedit
1799 3945 1966 4016 ecclesiae
1987 3947 2041 4016 'in

485 4053 685 4124 Kossovv.

586 4228 828 4310 Concordia
862 4237 1093 4315 occasione
1127 4235 1319 4316 decimae
1353 4259 1409 4316 ex
1442 4239 1597 4319 allodio
1629 4241 1753 4323 villae
1787 4242 1937 4323 Orlow

1115 4377 1418 4477 provenientis.

590 4537 631 4608 ln
650 4537 796 4608 Nomine
816 4538 954 4610 Domini
973 4539 1094 4612 Arnen.
1114 4543 1187 4613 Nos
1206 4532 1372 4628 ailbertus
1391 4546 1457 4616 Dei
1474 4549 1588 4636 gratia
1607 4552 1789 4642 episcopus
1808 4553 2038 4625 cracoviensis

486 4661 585 4749 regni
609 4659 773 4730 Poloniue
802 4661 1038 4752 cancellarius
1067 4664 1298 4753 significamus
1326 4672 1445 4737 tenore
1473 4672 1706 4757 praesentium
1738 4675 1862 4762 quibus
1890 4678 2041 4766 expedit,

486 4781 659 4850 universis
678 4785 748 4850 tam
767 4783 1008 4869 praesentibus
1028 4807 1130 4873 quam
1149 4785 1283 4876 futuris,
1302 4789 1460 4858 notitiam
1480 4793 1713 4877 praesentium
1735 4796 1920 4868 habituris,
1950 4797 2042 4887 Quo-

486 4901 589 4972 modo
608 4903 672 4972 sub
691 4923 780 4974 anno
795 4902 934 4974 Domini
954 4907 1048 4976 1416
1066 4906 1253 4980 indictione
1273 4931 1373 5000 nona,
1393 4911 1473 4981 sede
1491 4914 1682 5000 apostolica
1696 4923 1851 5006 vacante,
1870 4919 2042 4990 innostra

488 5023 586 5092 cnria
605 5024 824 5113 cracoviensi,
848 5025 934 5094 hora
952 5026 1145 5118 tertiarum,
1165 5029 1219 5099 vel
1238 5031 1345 5119 quasi,
1365 5031 1419 5101 die
1439 5039 1536 5102 sexta
1554 5036 1683 5106 mensis
1696 5036 1896 5128 Februarii,
1923 5061 2041 5112 coram

486 5143 586 5214 nobis
604 5145 833 5233 personaliter
852 5147 1045 5236 constituti,
1082 5150 1298 5219 venerabiles
1327 5158 1362 5221 et
1384 5153 1605 5224 honorabiles
1625 5156 1700 5246 viri,
1720 5157 1869 5228 Domini:
1888 5160 2041 5232 Miclrael

486 5265 705 5352 praepositus
725 5273 912 5339 conventus
932 5273 967 5338 11
986 5269 1189 5338 monasterii
1207 5271 1469 5343 miechovicnsis
1488 5275 1619 5344 ordinis
1647 5276 1679 5346 S.
1705 5277 1896 5367 Augustini
1921 5282 2041 5353 Domi-

487 5382 556 5452 nici
575 5385 749 5472 sepulchri
768 5387 1076 5478 Ilierosolpmitani
1095 5410 1137 5458 cx
1156 5411 1234 5479 una,
1253 5396 1288 5461 ct
1307 5391 1477 5464 Ncmerza
1495 5394 1537 5464 dc
1558 5395 1734 5468 Cbrzclow
1754 5408 1870 5472 custos
1898 5402 1931 5472 S.
1960 5404 2040 5476 Flo·

486 5501 575 5572 riani
610 5510 646 5574 et
665 5507 848 5578 canonicus
877 5507 1106 5580 cracoviensis
1142 5487 1301 5600 partibus
1329 5535 1371 5584 ex
1399 5514 1527 5604 altera,
1555 5519 1630 5587 sani
1657 5528 1772 5592 mente
1799 5528 1835 5592 ct
1862 5531 2038 5615 compotes

486 5621 633 5696 rationis
661 5624 853 5698 animorum
881 5649 1039 5722 suorum,
1078 5631 1171 5702 bona
1204 5635 1412 5724 praehabita
1439 5636 1687 5712 deliberatione
1713 5649 1836 5733 sponte
1863 5665 1905 5717 ac
1929 5646 2039 5718 libere
