4550 6600
1596 859 1603 871 ⁸
1732 768 1805 849 ass

355 974 692 1070 Nanoscuowrczn,
719 978 802 1053 villa
830 980 895 1051 sub
913 978 1080 1071 parochia
1106 976 1150 1051 de
1168 978 1526 1071 Pyotrlrowioae
1552 982 1629 1055 sita.
1669 956 1710 1055 In
1737 1006 1807 1076 qua

248 1104 335 1170 sunt
369 1099 461 1171 lanei
497 1100 749 1191 cmetbonules,
784 1102 866 1173 item
902 1099 1101 1192 praedium,
1136 1102 1221 1173 item
1256 1102 1421 1194 taberna,
1457 1104 1542 1175 item
1576 1104 1805 1197 hortulaniae,

138 1304 145 1313 Ι
251 1219 298 1291 de
335 1221 460 1312 quibus
497 1222 654 1295 omnibus
691 1222 857 1313 solvitur,
897 1228 934 1295 et
969 1223 1173 1295 conducitur
1208 1222 1341 1295 decima
1375 1226 1600 1315 manipularis
1635 1233 1672 1299 et
1707 1247 1809 1299 cana-

246 1342 340 1431 palis
375 1363 439 1432 pro
466 1342 612 1415 ecclesia
641 1344 681 1415 iu
708 1342 1083 1435 Pyotrlrowieze,
1119 1350 1157 1417 et
1182 1344 1282 1420 valor
1316 1345 1391 1417 eius
1417 1324 1623 1419 aestimatur
1650 1348 1695 1419 ad
1721 1370 1805 1439 qua·

248 1468 334 1535 tuor
359 1482 504 1535 marcas.

355 1584 596 1686 Suusscuoru
622 1584 707 1657 villa
733 1586 797 1657 sub
816 1586 985 1677 parochia
1007 1586 1050 1659 de
1073 1586 1428 1679 Pyotrlrowicze
1454 1590 1532 1661 sita
1572 1588 1613 1660 In
1632 1611 1702 1682 qua
1726 1597 1808 1663 sunt

249 1705 344 1777 lanei
371 1706 622 1797 cmetbonuleS,
650 1707 735 1779 item
761 1707 957 1799 praedium,
985 1709 1067 1780 item
1094 1709 1259 1800 taberna,
1286 1710 1371 1781 item
1397 1710 1593 1802 hortulani,
1620 1712 1807 1803 dequibus

251 1828 411 1901 omnibus
437 1828 586 1900 solvitur
612 1834 648 1901 et
668 1828 872 1903 conducitur
900 1829 1033 1903 decima
1060 1830 1285 1921 manipularis
1316 1837 1353 1903 et
1371 1833 1548 1923 canapalis
1567 1853 1641 1923 pro
1662 1834 1807 1907 ecclesia

251 1949 290 2019 in
316 1947 700 2041 Pyotrkowycze,
727 1952 825 2024 cuius
851 1950 951 2025 valor
977 1950 1021 2023 ad
1048 1958 1199 2044 quatuor
1225 1973 1368 2025 marcas.

363 2070 479 2143 Villae
505 2072 741 2163 parochiales:
768 2071 1144 2167 Pyotrkouicze,
1177 2073 1570 2168 Nynoschowicze,
1595 2075 1808 2169 Sulyszou

252 2191 617 2267 Wlosczowicze
643 2200 680 2266 et
707 2192 1018 2281 Grabowicze.

358 2312 485 2385 Puera
512 2314 851 2407 Mnnrnscnowrrn,
878 2316 961 2389 villa
988 2317 1052 2389 sub
1079 2319 1247 2408 parocbia
1273 2320 1317 2391 de
1343 2319 1703 2409 Pyotrnowicze
1729 2322 1809 2394 sita.

210 2428 215 2435 ’
250 2434 294 2507 In
321 2456 389 2525 qua
415 2440 497 2507 sunt
522 2436 666 2526 praedia
692 2436 877 2527 nobilium,
914 2458 1002 2530 quae
1029 2460 1093 2530 per
1119 2446 1365 2533 eosarantur,
1397 2441 1441 2513 de
1468 2442 1593 2533 quibus
1619 2443 1808 2515 secundum

251 2557 483 2629 assertionem
510 2556 648 2647 plebani
679 2558 715 2629 in
742 2556 920 2655 Lissow
956 2560 1106 2631 dabatur
1142 2560 1276 2634 decima
1302 2563 1528 2654 manipularis
1555 2564 1599 2636 ad
1626 2564 1808 2636 ecclesiam

250 2679 289 2749 in
309 2678 500 2770 Lissow,
527 2679 589 2749 sed
607 2680 759 2751 alienata
785 2686 840 2751 est
866 2686 902 2753 et
920 2682 1111 2773 abstracta,
1148 2684 1367 2755 eteoclesiae
1393 2684 1807 2776 inPyotrlrowicze

151 2898 154 2901 Ι
260 2800 428 2873 adiuncta
454 2804 490 2871 et
507 2802 741 2893 appropriata,
767 2806 803 2873 et
820 2802 881 2875 illa
906 2822 998 2875 nunc
1015 2809 1069 2876 est
1087 2804 1123 2875 in
1141 2806 1216 2877 eins
1241 2806 1462 2896 possessione.
1485 2806 1639 2898 pacifica.
1684 2852 1693 2864 -

532 3097 540 3109 ,
846 3024 1225 3103 annuscuowrczs.

360 3164 454 3240 Villa
480 3167 612 3241 babens
641 3168 683 3239 in
709 3187 747 3239 sc
774 3167 952 3239 ecclesiam
990 3168 1239 3260 parochialem,
1275 3167 1404 3242 Sancto
1439 3170 1633 3243 Adalbcrto
1652 3173 1806 3263 'martyri

162 3266 168 3273 ¹
252 3288 423 3382 dicatam,
459 3290 556 3362 cuins
591 3289 715 3362 haeres
750 3287 929 3364 lohannes
956 3289 999 3362 de
1034 3290 1316 3384 Rythwyani
1353 3291 1534 3366 Palatinus
1569 3291 1808 3366 cracoviensis

254 3411 301 3484 de
319 3412 425 3484 armis
452 3411 754 3503 Accipitrum.
795 3411 923 3504 inqua
949 3417 1030 3484 sunt
1056 3412 1148 3484 lanei
1175 3413 1422 3505 ometbonalcs,
1448 3414 1492 3486 de
1510 3415 1636 3506 quibus
1652 3403 1810 3489 ¹solvitur

254 3539 294 3604 et
320 3533 524 3606 conducitur
559 3533 693 3605 decima
718 3533 944 3624 manipularis
980 3538 1016 3604 et
1042 3533 1218 3624 canapalis
1254 3555 1318 3625 pro
1345 3536 1549 3627 episcopatu
1574 3535 1807 3628 cracoviensi,

253 3659 293 3725 ct
311 3654 408 3727 valor
433 3655 507 3726 eius
534 3655 737 3726 aestimatur
764 3653 808 3726 ad
826 3659 976 3744 quatuor
994 3674 1128 3726 marcas
1155 3661 1192 3726 et
1209 3655 1316 3726 babet
1341 3656 1488 3728 ecclesia
1513 3659 1591 3748 ipsa
1607 3657 1808 3748 infrascrip-

253 3780 314 3846 tos
342 3781 539 3866 prorentus.
583 3774 700 3846 Primo
719 3779 892 3864 stagnum,
920 3773 1036 3844 domui
1054 3773 1228 3863 plebanali
1255 3775 1468 3866 contiguum,
1495 3782 1575 3867 post
1592 3777 1684 3868 quod
1702 3777 1808 3848 habet

255 3895 395 3968 laneum
422 3915 584 3986 agrorum
611 3916 676 3986 pro
702 3893 846 3986 praedio
874 3915 951 3986 suo,
978 3899 1014 3966 et
1041 3900 1179 3986 pratum
1205 3894 1238 3966 ei
1265 3895 1444 3987 adiacens,
1472 3902 1508 3969 et
1533 3897 1745 3989 protendens
1771 3916 1810 3968 se
1953 3881 1959 3896 ’

253 4037 366 4111 usqne
401 4017 446 4090 ad
471 4017 599 4090 limites
634 4012 738 4090 villae
764 4015 1009 4108 Klysszow.
1057 4016 1146 4089 Item
1171 4016 1279 4090 habet
1305 4037 1428 4090 arvum
1454 4037 1561 4109 penes
1587 4039 1691 4111 agros
1718 4039 1808 4091 cmc-

211 4189 216 4200 ·
256 4139 418 4212 thonales
444 4139 574 4212 dictum
600 4137 854 4230 Wawruelr,
881 4139 987 4212 etiam
1014 4138 1131 4212 domui
1149 4139 1358 4230 contiguum.
1397 4139 1486 4212 llam
1504 4141 1612 4215 habet
1636 4143 1731 4214 eirca
1746 4141 1809 4214 llu-

256 4261 356 4334 vinm
381 4257 597 4353 Wysloka
622 4281 749 4353 gayurn
778 4279 854 4332 curn
881 4258 1081 4352 mellifluis,
1108 4259 1239 4333 dictum
1264 4259 1496 4353 Zawirzb,
1532 4268 1569 4334 et
1594 4263 1660 4336 sub
1687 4263 1808 4336 eodem
1929 4285 1934 4291 ·

256 4384 365 4456 babet
399 4388 559 4474 stagnum
596 4387 632 4454 et
658 4387 814 4474 pratum,
849 4401 960 4474 usque
995 4381 1040 4454 ad
1076 4382 1247 4474 granities
1280 4383 1384 4456 villae
1419 4382 1679 4475 Klyscbow.
1719 4385 1808 4456 Item

256 4506 294 4576 in
321 4503 480 4595 praelata
514 4504 598 4576 villa
634 4509 716 4576 suut
742 4504 818 4594 agri
846 4503 929 4578 olim
964 4502 1177 4595 praediales,
1213 4523 1300 4596 quos
1327 4504 1446 4577 colunt
1480 4510 1555 4578 tres
1590 4505 1810 4594 cmetbones3

258 4627 343 4698 item
370 4625 438 4698 dno
457 4627 533 4716 agri
559 4624 785 4716 scoltetiules,
810 4625 894 4698 item
920 4625 1067 4698 taberna
1093 4645 1164 4698 una
1180 4625 1313 4699 babens
1338 4646 1459 4718 agros,
1487 4625 1674 4718 dequibus
1701 4626 1810 4700 omni-

260 4749 326 4820 bus
353 4747 501 4822 solvitur
527 4753 563 4820 ct
590 4745 794 4820 conducitur
821 4747 955 4820 decima
988 4747 1217 4839 manipularis
1247 4753 1285 4820 et
1311 4747 1486 4837 canapalis
1512 4767 1576 4837 pro
1603 4747 1749 4820 ecclesia
1775 4747 1811 4818 in

261 4867 698 4960 Gawluscbowicze,
725 4874 761 4942 et
786 4869 884 4941 ralor
910 4867 984 4942 eius
1011 4868 1056 4940 ad
1083 4874 1217 4959 septem
1242 4887 1379 4940 marcas
1404 4867 1617 4941 aestimatur.
1656 4868 1745 4942 Item
1771 4869 1808 4940 in

259 4991 344 5064 nilla
369 4990 641 5082 Klysschon
659 4991 724 5064 sub
742 4990 906 5082 parocbia
932 4987 1356 5066 Gauluscbowiczc
1382 4990 1460 5082 sita,
1486 4995 1569 5080 post
1584 5010 1688 5082 agros
1705 5010 1806 5081 prae·

261 5114 370 5186 diales
397 5114 580 5186 alternatis
610 5113 730 5203 annis;
766 5133 834 5186 uno
862 5113 952 5185 enim
988 5132 1079 5184 anno
1105 5111 1255 5203 percipit
1289 5131 1367 5184 eam
1392 5111 1538 5184 ecclesia
1572 5113 1609 5183 in
1636 5110 1811 5184 Gawln·
1950 5134 1969 5171 ,-

262 5236 537 5326 schowicze,
567 5235 677 5308 altero
691 5255 776 5316 reru
793 5235 962 5326 plebanus
989 5234 1024 5305 in
1042 5233 1378 5325 Wielyawyescb.
1412 5233 1501 5306 Item
1518 5234 1626 5306 babet
1643 5233 1810 5306 decimam

261 5357 475 5450 praedialcm
502 5356 640 5431 invilla
666 5356 916 5448 Brzeszye,
942 5355 1193 5446 subparocbia
1218 5355 1262 5427 de
1280 5352 1708 5428 Gauluscbowicze
1733 5355 1812 5445 sita,

262 5485 300 5552 et
325 5479 425 5553 valor
451 5479 525 5552 eius
543 5478 747 5551 aestimatur
764 5478 808 5582 ad
827 5481 975 5569 quatuor
992 5495 1135 5548 marcas.
1179 5475 1268 5548 Item
1293 5476 1400 5548 babet
1417 5476 1585 5550 decimam
1602 5475 1813 5569 praedialem

261 5605 298 5674 in
317 5601 400 5675 villa
425 5600 635 5694 Zdalrow,
662 5601 727 5674 sub
745 5599 909 5691 parocbia
935 5598 978 5672 de
997 5595 1420 5686 stawlnscboniczc
1447 5599 1534 5690 sita,
1560 5598 1713 5672 etralor
1738 5597 1813 5671 eius

261 5725 469 5800 aestimatur
494 5723 539 5798 ad
556 5743 662 5800 unam
684 5741 908 5816 sexagenum,
934 5726 1015 5814 post
1040 5720 1241 5806 cruetbones
1267 5719 1431 5794 ecclcsiae
1457 5720 1494 5794 in
1512 5719 1814 5812 Polyauyecu.
