4550 6600
1813 780 1835 850 3

281 976 376 1050 cuius
403 985 571 1069 patronus
598 979 836 1050 Wierznik
871 979 998 1050 nobilis
1025 979 1068 1050 de
1096 979 1197 1050 domo
1217 1036 1224 1049 .
1243 1036 1251 1050 .
1270 1035 1305 1068 .,
1333 987 1525 1071 prouentus
1553 984 1661 1055 hahet
1690 953 1837 1058 invilla

280 1098 372 1170 circa
400 1099 729 1191 Wyeliozkam‚
756 1106 792 1171 et
820 1121 943 1172 census
971 1101 1013 1172 de
1041 1101 1214 1190 aliquibus
1241 1100 1401 1174 domibus
1427 1105 1463 1174 in
1491 1103 1731 1177 Cracouia.

394 1219 517 1293 Altare
555 1219 750 1309 Crancz,
784 1221 909 1292 honori
945 1221 977 1292 S.
1013 1221 1185 1293 Johannis
1222 1222 1382 1313 Apostoli
1417 1231 1454 1296 et
1495 1225 1707 1316 Sigismundi
1741 1229 1835 1319 regis

279 1341 448 1432 dicatum,
489 1343 585 1413 cuius
625 1343 784 1414 altarista
819 1342 1013 1413 Stanislans
1050 1343 1093 1414 de
1128 1343 1363 1434 Sczeglin‚
1404 1347 1501 1418 cuins
1540 1353 1710 1437 patronus
1741 1349 1835 1420 lilius

277 1461 452 1534 Crancz
479 1462 565 1534 civis
591 1461 848 1552 Cracoviensis‚
888 1464 979 1554 quod
1006 1483 1070 1553 pro
1098 1485 1212 1535 annuo
1240 1485 1345 1536 censu
1382 1468 1489 1539 hahet
1519 1469 1670 1540 sedecim
1698 1491 1834 1541 marcas

277 1585 312 1654 in
340 1583 424 1655 villa
449 1584 701 1656 Prandnik.

377 1705 500 1776 Altare
536 1705 630 1776 aliud
665 1707 701 1776 in
729 1725 770 1777 ea
796 1706 946 1776 ecclesia
982 1705 1261 1777 Praesentationi
1300 1707 1333 1778 S.
1365 1708 1501 1781 Mariae
1536 1711 1698 1801 dicatum,
1729 1713 1830 1802 ¹qrmd

276 1833 420 1898 vocatur
446 1827 557 1898 altare
584 1826 694 1898 Poln
706 1849 772 1915 ar,
800 1827 844 1897 ad
868 1825 960 1916 quod
979 1828 1138 1898 consules
1158 1827 1407 1899 Cracovienses
1426 1835 1588 1901 tenentur
1605 1839 1832 1920 praesentare

276 1968 381 2017 unum
409 1967 451 2017 ex
479 1948 619 2018 vicariis
646 1947 679 2018 S.
707 1947 862 2037 Mariae,
900 1949 959 2037 qui
986 1969 1049 2038 pro
1077 1948 1137 2018 illo
1165 1954 1323 2037 tempore
1360 1951 1503 2038 habehit
1539 1951 1687 2024 officium
1725 1956 1832 2042 tertii,
1952 2043 1961 2050 .

275 2069 329 2138 cui
356 2069 514 2139 consules
542 2067 789 2141 Cracovienses
817 2074 982 2139 tenentur
1019 2069 1102 2140 dare
1130 2069 1232 2138 annis
1260 2070 1407 2158 singulis
1433 2089 1498 2159 pro
1526 2092 1632 2142 censu
1664 2074 1831 2144 tredecim

273 2209 417 2279 marcas,
444 2192 541 2294 cuius
567 2211 658 2261 nunc
685 2167 844 2262 altarista
870 2190 1161 2260 Bartholomaeus
1187 2189 1232 2259 dc
1258 2189 1415 2279 Byecz.

379 2430 501 2502 Altare
529 2433 565 2502 in
593 2431 711 2503 eadem
740 2431 772 2502 S.
800 2405 937 2502 Mariae
965 2432 1112 2502 ecelesia
1138 2431 1287 2502 Sanctae
1305 2430 1410 2502 Cruci
1437 2431 1599 2521 dicatum,
1626 2434 1724 2505 cuius
1741 2434 1831 2506 duae

225 2545 228 2553 ’
274 2559 356 2622 sunt
381 2551 612 2623 fundationes:
640 2554 771 2642 primae
799 2554 910 2641 partis
937 2553 1077 2640 patroni
1105 2559 1187 2623 sunt
1214 2553 1374 2624 consules
1402 2551 1650 2625 Cracovienses
1677 2560 1714 2625 et
1740 2555 1829 2626 alta-

276 2673 366 2742 rista
399 2671 576 2742 Johannes
612 2671 1023 2763 Czeyskyendorif
1055 2673 1097 2742 de
1133 2672 1380 2760 cracovia,
1423 2674 1530 2744 hahet
1566 2693 1691 2746 census
1726 2695 1831 2765 snper

276 2793 434 2864 domibus
462 2793 496 2862 iu
525 2791 775 2880 Cracovia3
791 2779 972 2863 'secundae
1000 2793 1119 2882 partis,
1148 2813 1209 2862 seu
1234 2792 1448 2864 fundationis
1475 2794 1637 2884 collator,
1672 2791 1830 2869 notamus
1876 2807 1880 2815 '

157 2945 159 2952 v
275 2914 428 2984 civitatis
456 2933 531 2984 cum
559 2914 631 2984 suis
658 2895 932 3002 successoribus,
969 2914 1066 2984 cuius
1093 2913 1256 2983 altarista
1281 2913 1484 2985 Bernardns
1510 2914 1554 2985 de
1568 2969 1710 3005 ......
1737 2917 1829 3007 quod

273 3055 337 3123 pro
365 3053 469 3104 censu
496 3055 611 3104 annuo
638 3035 744 3105 hahet
771 3034 966 3124 quindecim
994 3053 1128 3104 marcas
1156 3021 1304 3106 invilla
1329 3033 1538 3108 Piassek.

376 3153 517 3244 Capella
544 3154 745 3244 Theodrici‚
773 3156 808 3225 in
836 3155 957 3226 eadem
984 3153 1016 3225 S.
1043 3153 1180 3225 Mariae
1207 3155 1353 3226 ecclesia
1378 3156 1414 3225 in
1449 3155 1681 3228 Cracovia
1715 3161 1829 3230 consi·

271 3283 375 3366 stans,
403 3281 439 3347 et
466 3275 735 3348 Annuntiationi
762 3276 794 3349 S.
823 3275 959 3348 Mariae
986 3275 1111 3366 dicata
1141 3275 1238 3347 cuins
1266 3277 1407 3367 patroni
1425 3275 1620 3351 Stanislans
1646 3279 1828 3352 baccalau-

248 3386 350 3470 'reus
378 3398 489 3469 dictus
517 3398 668 3469 Polah¹
688 3404 724 3469 et
751 3398 973 3469 Hieronimus
1000 3397 1158 3487 germani
1184 3397 1229 3468 de
1255 3396 1502 3490 Bracaris,
1539 3402 1637 3473 cuins
1664 3402 1826 3473 altarista

270 3520 436 3591 Nicolaus
464 3518 506 3590 de
533 3518 922 3610 Oppathouyecz,
951 3519 1009 3609 qui
1037 3540 1100 3609 pro
1120 3540 1236 3590 annuo
1264 3540 1369 3591 censu
1395 3520 1491 3610 capit
1516 3520 1665 3593 sedecim
1692 3544 1827 3594 marcas

270 3642 306 3711 in
334 3621 519 3731 praetorio,
546 3646 582 3713 et
609 3640 702 3730 apud
729 3640 887 3712 consules
915 3640 1033 3730 oppidi
1061 3638 1252 3731 Pysdry.

362 3761 483 3833 Alta-re
497 3760 860 3851 Kalthterbergye,
875 3761 1081 3832 visitationi
1099 3761 1329 3837 Beatissimae
1344 3760 1502 3850 Virginis
1515 3761 1828 3854 Mariaedicatnm,
1844 3838 1849 3845 ,

271 3884 368 3955 cuius
404 3884 543 3972 patroni
579 3882 768 3954 catherina
802 3882 1089 3954 Karnowska
1127 3880 1172 3952 de
1211 3880 1442 3951 Cracouia
1480 3902 1558 3950 cnm
1585 3882 1657 3952 suis
1693 3884 1823 3974 amicis,

269 4004 366 4076 cuius
403 4004 563 4075 altarista
598 4004 777 4075 Johannes
814 4002 1044 4095 Creydlar
1086 4002 1129 4073 de
1169 3999 1419 4088 Cracovia3
1458 4001 1566 4072 hahet
1605 4002 1822 4092 praedictum

270 4126 381 4196 altare
409 4145 549 4196 censum
576 4126 612 4195 in
640 4125 723 4196 uilla
750 4124 1006 4217 Carnyow:

377 4244 519 4336 Capella
545 4246 847 4337 Langmichel
875 4246 908 4317 S.
927 4244 1092 4317 Michaeli
1110 4244 1331 4333 Archangelo
1358 4242 1484 4333 dicata,
1512 4244 1633 4315 eadem
1659 4246 1823 4318 altarista

256 4373 377 4457 ¹caret,
405 4368 487 4458 quia
513 4389 617 4439 censu
645 4368 800 4458 spoliata.
1400 4360 1403 4365 ’

372 4488 495 4560 Altare
526 4488 721 4560 inhonore
758 4490 790 4559 S.
819 4487 1012 4559 Hieronimi
1040 4486 1210 4575 dicatum,
1248 4486 1345 4556 cuius
1380 4486 1538 4557 consules
1573 4484 1821 4571 Cracovienses

268 4610 425 4701 patroni,
453 4610 551 4708 cuius
579 4608 739 4679 altarista
765 4606 938 4700 Georgius
959 4609 1008 4680 de
1036 4608 1080 4677 W
1088 4608 1253 4699 ynczlr3
1288 4606 1380 4677 idem
1413 4608 1525 4677 altare
1560 4628 1684 4679 census
1712 4608 1822 4679 habet

267 4734 303 4802 in
332 4752 400 4801 uno
427 4730 623 4820 pannicidio
662 4737 698 4801 et
726 4731 761 4800 in
789 4750 857 4800 una
883 4730 994 4820 domo,
1023 4728 1065 4800 de
1093 4736 1172 4801 octo
1199 4728 1255 4800 vel
1271 4727 1430 4817 ¹amplius
1456 4728 1591 4798 marcis.

373 4850 496 4922 Altare
524 4850 555 4921 S.
583 4850 719 4922 Mariae
746 4850 976 4941 Magdalenae
1013 4850 1183 4939 dicatum,
1219 4851 1316 4920 cuins
1342 4850 1483 4939 patroni
1510 4848 1668 4919 consules
1695 4848 1821 4920 Craoo-

267 4974 413 5062 cieuses
440 4972 499 5062 qui
527 4972 661 5043 ratione
688 4972 862 5062 privilegii
888 4976 1052 5043 tenentur
1078 4976 1304 5061 praesentare
1331 4991 1437 5041 unum
1464 4992 1507 5040 ex
1526 4968 1665 5040 vicariis
1692 4968 1725 5039 S.
1743 4968 1821 5039 Ma-

267 5094 342 5165 riae
369 5094 404 5163 in
432 5092 678 5183 Cracovia,
714 5093 773 5183 qui
800 5097 882 5165 tunc
908 5092 1015 5165 luerit
1041 5090 1352 5179 hebdomadarius,
1388 5091 1487 5161 caius
1521 5088 1684 5161 altarista
1709 5086 1819 5161 Geor-

270 5216 348 5305 gius
375 5214 418 5285 de
445 5213 661 5285 Sandecz.
1661 5204 1666 5211 '

371 5334 494 5407 Altare
531 5334 683 5406 eiusdem
711 5334 743 5405 S.
771 5334 905 5404 Mariae
941 5332 1124 5421 ecclesiae,
1160 5332 1285 5403 honori
1321 5330 1440 5401 Sancti
1476 5329 1628 5435 Thomas
1655 5331 1819 5422 Apostoli

213 5470 220 5512 -'
269 5457 431 5547 dicatum,
450 5457 548 5528 cuius
567 5456 708 5546 patroni
736 5455 1079 5542 Langstanoua
1105 5452 1148 5523 dc
1174 5451 1403 5524 Cracouia
1428 5451 1697 5544 comminaris,
1723 5454 1820 5525 cuius

266 5577 426 5648 altarista
451 5576 628 5648 Johannes
655 5572 823 5664 plebanus
850 5573 886 5643 in
913 5570 1143 5646 Wo'lhorz.

372 5696 513 5787 Capella
537 5673 709 5768 ¹Johannis
737 5692 1007 5786 Sibenui'r‘t„
1034 5693 1160 5766 Sancto
1186 5692 1339 5767 Johanni
1361 5693 1542 5785 Baptistae
1569 5693 1692 5785 dicata,
1718 5694 1817 5765 cuius
1858 5736 1864 5746 ·
