4550 6600
505 772 526 844 8

608 980 739 1052 Brnnr
775 977 986 1070 Oosczron,
1018 977 1118 1070 villa,
1145 977 1277 1052 habens
1312 977 1349 1050 in
1384 999 1423 1050 se
1459 977 1693 1070 parochialem
1728 975 1923 1050 ecclesiam
1962 975 2081 1070 lapide

504 1109 693 1192 muratam,
726 1100 874 1174 Sanctae
900 1099 1036 1172 Mariae
1070 1100 1300 1202 Magdalenae
1334 1099 1501 1191 dicatam,
1540 1101 1638 1171 cuius
1664 1101 1868 1190 proprietas
1899 1099 2080 1172 Johaunis

503 1223 885 1314 Korzequiczslry
913 1221 1075 1294 dedomo
1102 1221 1456 1313 Szyrokomlya,
1483 1223 1519 1292 in
1546 1243 1615 1314 qua
1641 1227 1723 1293 sunt
1748 1221 1961 1311 quindecim
1988 1222 2081 1292 lanai

503 1345 753 1434 cmethonales,
792 1345 874 1414 item
902 1343 1068 1433 scultetis,
1096 1344 1228 1415 habeus
1256 1342 1344 1414 duos
1369 1343 1506 1433 laneos,
1541 1344 1624 1414 item
1650 1343 1818 1414 tabernae
1859 1342 1980 1432 duae,
2009 1364 2079 1414 una

503 1467 642 1558 plebani
669 1465 780 1538 altera
806 1464 985 1554 haeredis,
1012 1465 1093 1536 item
1121 1465 1292 1554 ortulani,
1319 1463 1364 1534 de
1389 1464 1516 1554 quibus
1533 1464 1693 1535 omnibus
1711 1463 1864 1534 solvitur
1884 1469 1926 1534 et
1945 1463 2077 1535 condu-

363 1589 374 1608 '
502 1587 593 1658 citur
619 1587 753 1657 decima
788 1585 1013 1676 manipularis
1041 1591 1076 1656 et
1103 1585 1279 1676 canapalis
1309 1605 1374 1675 pro
1401 1585 1563 1675 plebanis
1588 1583 1723 1655 mediae
1758 1585 1875 1674 partis
1905 1583 2077 1656 Omnium

502 1707 707 1780 Sanctorum
733 1707 770 1778 in
797 1705 1043 1796 Oracovia,
1080 1711 1116 1777 et
1142 1707 1242 1777 rulor
1277 1707 1351 1777 eius
1386 1711 1464 1778 octo
1499 1725 1711 1794 marcarum,
1746 1705 1832 1776 item
1874 1705 2074 1797 praedium

401 1835 407 1842 '
501 1831 589 1900 item
616 1829 784 1919 plebanus
811 1828 965 1899 eiusdem
994 1827 1097 1899 villae
1123 1827 1154 1897 B
1163 1827 1269 1918 yaly
1294 1825 1520 1917 Oosczyol
1545 1827 1652 1899 habet
1678 1826 1746 1898 sibi
1763 1846 1872 1916 agros
1892 1827 2073 1917 proprios,

503 1952 632 2022 liberos
659 1955 696 2020 at
722 1954 824 2039 prata
851 1969 914 2038 pro
942 1969 1004 2020 suo
1031 1948 1186 2038 praedio,
1213 1969 1278 2019 usu
1304 1954 1341 2019 et
1368 1947 1585 2019 necessitate.

606 2071 937 2160 Vrnzcnowrsrm,
974 2069 1056 2141 villa
1082 2070 1148 2142 sub
1174 2069 1339 2159 parochia
1364 2069 1408 2141 de
1435 2067 1806 2142 Alba-Ecclesia
1830 2069 1935 2160 ⁴sitas,
1975 2069 2072 2140 cuius

502 2193 699 2285 proprietas
726 2191 770 2263 ad
798 2189 1055 2262 serenissimum
1083 2189 1246 2262 Pelopiae
1272 2211 1392 2281 regem
1417 2191 1588 2282 pertinet,
1625 2191 1661 2261 in
1688 2211 1758 2280 qua
1784 2211 1855 2260 uon
1887 2197 1979 2263 suot
2006 2189 2072 2260 nisi

503 2336 592 2386 unus
619 2313 739 2384 laneus
767 2311 1012 2402 emethonalis;
1039 2313 1122 2383 item
1158 2313 1306 2384 taberna
1331 2332 1410 2403 una,
1437 2313 1570 2384 habens
1597 2333 1719 2403 agros,
1755 2313 1837 2382 item
1868 2311 2071 2383 ortulaniae

504 2457 574 2526 sex,
601 2435 769 2506 habentes
806 2455 928 2524 agros3
944 2447 948 2459 ·
963 2434 1048 2504 item
1083 2432 1264 2523 praedium
1299 2455 1370 2506 non
1405 2439 1460 2504 est
1494 2435 1531 2504 in
1557 2433 1677 2504 eadem
1715 2433 1817 2522 villa,
1853 2433 1903 2503 de
1943 2433 2067 2522 quibus

505 2556 663 2630 omnibus
690 2555 837 2627 solvitur
863 2561 899 2626 et
925 2555 1127 2626 conducitur
1153 2553 1287 2626 decima
1313 2553 1539 2644 manipularis
1565 2559 1603 2624 et
1619 2553 1795 2644 canapalis
1822 2573 1892 2643 pro
1922 2552 2070 2624 ecclesia

505 2677 638 2748 mediae
665 2678 775 2767 partis
802 2673 962 2747 Omnium
998 2675 1203 2747 Sanctorum
1230 2677 1266 2746 in
1293 2674 1540 2764 cracovia,
1575 2680 1612 2745 et
1636 2673 1735 2745 valor
1769 2674 1846 2744 eius
1875 2674 2069 2745 estimatur
2161 2680 2162 2703 ¹

507 2798 551 2869 ad
578 2803 651 2870 tres
678 2804 740 2869 aut
767 2803 915 2888 quatuor
941 2817 1085 2868 marcas.

608 2918 758 2992 Oznnun
785 2919 871 2989 alias
898 2917 1062 3005 Wounn,
1090 2917 1183 2987 circa
1208 2915 1592 2988 Samostrzedlna
1616 2913 1858 3004 Karczma,
1887 2915 1979 2988 villa
2005 2911 2066 2984 sul

505 3041 671 3132 parochia
697 3039 863 3110 ecclesiae
891 3036 933 3107 de
960 3037 1086 3107 Sancto
1113 3035 1246 3107 Jacobo
1273 3039 1309 3106 in
1336 3037 1590 3108 Oasimiria
1615 3037 1703 3126 sita,
1738 3037 1836 3108 cuius
1864 3036 2065 3127 proprietas

507 3161 551 3232 ad
578 3159 751 3249 hospitale
787 3158 905 3228 Sancti
930 3155 1092 3247 ¹Spiritus
1119 3158 1155 3228 in
1183 3156 1412 3230 Oracoria
1447 3159 1617 3248 pertinet,
1652 3159 1785 3248 inqua
1820 3165 1908 3229 suut
1946 3153 2066 3246 viginti

507 3281 575 3354 duo
602 3279 693 3351 lanei
721 3279 973 3369 cmethonales,
1008 3279 1091 3350 item
1117 3279 1303 3370 tabernae,
1331 3279 1415 3351 item
1442 3278 1652 3370 ortulaniae,
1679 3279 1722 3351 dc
1749 3279 1877 3370 quibus
1906 3276 2064 3351 omnibus

507 3402 654 3472 solvitur
681 3407 717 3472 et
744 3400 948 3472 conducitur
980 3400 1113 3471 decima
1140 3400 1364 3490 manipularis
1391 3406 1427 3472 et
1453 3401 1629 3491 canapalis
1655 3422 1720 3492 pro
1746 3400 1896 3480 ecclesia
1932 3397 2085 3471 mediac'

504 3524 615 3614 partis
642 3521 802 3594 Omnium
829 3520 1034 3593 Sanctorum
1060 3523 1096 3592 in
1124 3520 1360 3594 Oracovia.
1387 3522 1475 3593 Item
1502 3522 1682 3613 praedium
1708 3544 1778 3594 non
1800 3528 1855 3594 cst
1883 3524 1946 3596 ibi.

612 3642 815 3717 V1scnown
843 3642 928 3714 alias
955 3642 1121 3734 V1sovn,
1157 3643 1240 3715 villa
1265 3645 1330 3715 sub
1365 3644 1532 3733 parochia
1566 3645 1731 3715 ecclesiae
1763 3644 1806 3715 de
1833 3643 2062 3719 Alba-Ec-

506 3767 612 3839 clesia
637 3766 721 3857 sita,
758 3766 854 3839 cuius
885 3768 1082 3857 proprietas
1109 3764 1154 3837 ad
1181 3766 1438 3837 serenissimum
1473 3764 1638 3837 Poloniae
1674 3786 1791 3855 regem
1826 3764 2061 3855 pertinet,in

506 3910 573 3980 qua
599 3910 668 3961 non
702 3894 784 3961 sunt
819 3887 925 3979 aliqui
960 3888 1053 3959 lanei
1087 3888 1340 3976 cmetlnouales3
1375 3888 1458 3958 item
1493 3888 1641 3958 taberna
1674 3906 1746 3957 una
1778 3887 1915 3959 habens
1952 3903 2061 3976 agros,

504 4012 587 4081 item
614 4010 808 4080 ortulaniae
834 4028 904 4081 non
931 4013 1027 4097 sunt,
1054 4008 1097 4078 de
1125 4008 1251 4097 quibus
1277 4009 1436 4079 omnibus
1461 4008 1609 4079 solvitur
1634 4014 1672 4079 et
1697 4006 1905 4080 conducitur
1931 4008 2060 4079 decimu

483 4130 730 4219 ¹manipularis
757 4134 792 4199 et
818 4128 994 4218 canapalis
1020 4148 1084 4219 pro
1112 4128 1258 4198 ecclesia
1291 4128 1424 4198 mediae
1450 4130 1561 4217 partis
1587 4127 1749 4199 Omnium
1784 4128 1996 4201 Sanctorum
2026 4126 2058 4195 in

505 4247 720 4339 Oracovia,
746 4254 783 4320 et
809 4248 918 4334 valor¹
933 4249 1007 4320 eius
1035 4248 1241 4319 aestimatur
1259 4246 1303 4318 ad
1321 4248 1408 4318 duas
1426 4268 1577 4336 marcas;
1604 4248 1687 4320 item
1705 4250 1884 4339 praedium
1905 4272 1977 4322 non
1996 4249 2056 4318 est.

612 4370 809 4460 Znnnrow,
836 4369 920 4440 villa
946 4370 1010 4441 sub
1038 4369 1203 4460 parochia
1228 4368 1271 4438 de
1298 4368 1674 4460 Bolycchowicze
1701 4371 1779 4460 sita,
1806 4373 1903 4443 cuius
1923 4366 2056 4462 propri·

507 4499 583 4566 etas
611 4496 776 4584 quantum
804 4490 848 4562 ad
875 4490 1077 4580 scoltetiam,
1105 4488 1150 4561 ad
1177 4490 1424 4560 monasterium
1451 4488 1484 4560 S.
1511 4488 1624 4561 Marci
1650 4492 1686 4561 in
1713 4490 1950 4583 Oracovia,
1979 4488 2058 4560 alias

508 4615 552 4686 ad
580 4614 826 4685 monasterium
862 4612 897 4684 in
933 4610 1162 4683 Trzciana
1187 4610 1319 4681 ordinis
1345 4610 1379 4681 S.
1406 4610 1594 4701 Augustini
1619 4612 1663 4682 de
1691 4610 1911 4684 Poeuitentia
1938 4613 2058 4685 Beato

506 4758 584 4808 rum
612 4734 826 4827 Martyrum,
853 4734 1021 4805 medietas
1048 4738 1164 4803 autem
1191 4731 1294 4803 villae
1321 4731 1365 4802 ad
1392 4731 1558 4807 Poloniae
1584 4753 1701 4823 regem
1728 4736 1901 4824 pertinet,
1929 4736 1965 4805 in
1993 4746 2056 4820 qua

508 4865 589 4930 sunt
615 4856 706 4929 lanei
724 4854 969 4943 cmethonales3
988 4856 1072 4925 item
1090 4854 1236 4925 taberna
1254 4874 1324 4924 una
1341 4854 1487 4944 scolteti,
1505 4856 1637 4926 habens
1656 4876 1773 4945 agros3
1800 4857 1884 4926 item
1902 4851 2055 4928 hortula—

509 4981 588 5051 niae
615 5000 684 5051 non
711 4984 802 5069 sunt,
830 4978 873 5048 de
901 4977 1024 5067 quibus
1051 4975 1211 5047 omnibus
1237 4976 1386 5047 solvitur
1411 4982 1447 5047 et
1465 4976 1669 5048 conducitur
1686 4976 1819 5048 decima
1837 4971 2057 5067 manipularis

509 5107 545 5173 et
572 5100 748 5190 canapalis
781 5120 845 5189 pro
872 5096 1018 5169 ecclesis
1043 5096 1178 5167 mediae
1204 5096 1316 5186 partis
1343 5094 1503 5169 Omnium
1529 5097 1734 5169 Sanctorum
1760 5100 1797 5169 in
1823 5093 2056 5175 Oracovia,

399 5258 404 5267 ·
508 5244 571 5312 per
598 5242 658 5293 sex
685 5240 826 5311 grossos
853 5218 896 5289 de
922 5219 1042 5305 laneo;
1069 5218 1152 5288 item
1179 5218 1360 5308 praedium
1387 5218 1580 5290 scoltetiale
1608 5240 1669 5289 seu
1694 5220 1904 5292 coenobiale.

612 5342 782 5431 Bonnnn,
809 5338 892 5410 villa
918 5338 982 5410 sub
1009 5339 1174 5429 parochia
1199 5340 1242 5410 de
1262 5338 1572 5411 Alba-Ecclesia
1590 5340 1666 5429 sita,
1685 5340 1782 5410 cuius
1800 5343 1997 5431 proprietas
2014 5328 2056 5403 ad

511 5463 767 5533 serenissimum
793 5460 958 5531 Poloniae
985 5481 1102 5551 regem
1128 5461 1299 5551 pertinet,
1327 5463 1362 5532 in
1390 5483 1459 5551 qua
1485 5466 1567 5531 sunt
1593 5461 1686 5532 lanei
1712 5462 1958 5549 cmetlronalcs,
1976 5459 2055 5527 item

509 5584 655 5655 taberna
681 5580 924 5669 Wiszowa3
951 5582 1034 5653 item
1061 5582 1256 5653 ortulaniae
1282 5604 1352 5654 non
1379 5588 1478 5671 suut,
1505 5582 1548 5653 de
1576 5582 1701 5672 quibus
1728 5583 1885 5655 omnibus
1912 5578 2054 5652 solvitur

509 5709 546 5776 et
572 5700 775 5775 conducitur
802 5702 935 5775 decima
960 5702 1187 5793 manipularis
1213 5708 1250 5772 et
1275 5701 1451 5790 canapalis
1477 5702 1643 5773 ecclesiae
1660 5702 1796 5775 mediae
1812 5704 1924 5794 partis
1941 5692 2055 5771 Omni·
