4550 6600
489 724 562 801 228

489 900 690 1004 conducitur
716 928 849 1000 decima
876 926 1101 1017 manipularis
1128 931 1165 997 et
1191 925 1368 1017 canapalis
1404 947 1468 1016 pro
1494 927 1640 998 ecclesia
1666 932 1703 999 et
1728 927 1875 1019 plebano
1901 930 1977 1001 eius
2000 932 2034 1001 iu

488 1052 754 1140 Landzyny‚
790 1050 887 1119 cuins
903 1049 1013 1120 'valor
1038 1048 1082 1119 ad
1110 1054 1263 1138 quatuor
1298 1068 1433 1119 marcas
1470 1046 1692 1120 aestimatur:
1728 1049 1813 1121 item
1839 1050 2034 1123 cmethones

411 1250 414 1262 ,
488 1178 650 1246 tenentur
669 1171 803 1243 solvere
821 1193 901 1266 ((1(
920 1170 1085 1243 ecclesiae
1104 1171 1140 1240 in
1166 1169 1454 1260 Lyendziny‚
1483 1168 1629 1259 quilibet
1650 1169 1695 1241 de
1720 1170 1822 1241 laneo
1848 1175 1921 1242 tres
1938 1192 2036 1244 coros

488 1294 635 1385 siliginis
662 1298 698 1363 (1
725 1312 787 1364 sex
813 1310 954 1379 avenae
980 1292 1063 1361 item
1090 1296 1146 1361 est
1172 1290 1222 1361 ibi
1248 1290 1428 1379 praedium
1460 1290 1609 1361 militare
1636 1290 1680 1361 de
1707 1312 1776 1381 quo
1795 1346 1937 1362 ......

593 1414 808 1503 anonzno,
836 1412 919 1483 villa
945 1412 1077 1483 hahens
1102 1411 1140 1482 in
1168 1432 1206 1482 se
1233 1412 1412 1483 ecclesiam
1440 1412 1692 1502 parochialem,
1719 1412 1817 1483 cuius
1844 1416 2036 1503 proprietas

488 1539 532 1611 ad
560 1538 757 1627 episcopum
785 1532 1048 1605 Oracoviensem
1076 1533 1238 1622 pertinet.
1265 1534 1305 1603 ln
1333 1554 1402 1623 qua
1425 1539 1507 1604 sunt
1533 1533 1656 1623 viginti
1683 1554 1807 1605 novem
1833 1534 1925 1606 lanei
1951 1557 2039 1608 cme-

488 1658 662 1747 thouales‚
698 1655 741 1726 de
769 1654 894 1745 quibus
921 1655 1080 1725 omnibus
1116 1653 1263 1724 solvitur
1289 1659 1326 1726 et
1353 1655 1557 1726 conducitur
1593 1646 1726 1725 decima
1752 1656 2039 1745 manipulariset

456 1780 459 1791 “
489 1778 666 1869 canapalis
691 1797 756 1867 ‘pro
785 1776 929 1847 ecclesia
956 1775 1148 1864 parochiali
1180 1776 1217 1845 in
1243 1775 1512 1866 Landzyny‚
1548 1779 1585 1846 et
1611 1775 1709 1846 valor
1736 1776 1811 1846 eius
1846 1777 1893 1847 ad
1918 1779 2038 1867 uiginti

490 1920 625 1973 marcas
653 1898 865 1969 aestimatur.
910 1896 998 1967 Item
1025 1902 1080 1967 est
1106 1896 1156 1966 ibi
1183 1883 1342 1992 scoltetia
1368 1896 1500 1971 habens
1527 1896 1615 1967 duos
1641 1896 1770 1987 laneos,
1797 1899 1980 1992 tabernam
2004 1905 2039 1971 (1

489 2022 713 2095 hortulanum
747 2018 917 2089 habentes
953 2018 1057 2089 etiarn
1085 2038 1203 2107 agros,
1239 2016 1283 2087 de
1320 2016 1443 2107 quihus
1480 2016 1672 2088 decimatur
1709 2018 1876 2090 ecclesiae
1912 2021 1950 2091 in
1975 2020 1998 2091 J
2004 2042 2038 2091 a

492 2162 692 2230 worzno,
720 2140 818 2211 ouius
845 2138 943 2211 valor
970 2138 1015 2209 ad
1042 2139 1128 2210 duas
1155 2158 1290 2209 marcas
1318 2138 1533 2209 aestimatur.

594 2262 898 2349 Czsszrrowrozn,
926 2260 1009 2330 villa
1036 2261 1099 2331 sub
1118 2260 1286 2349 parochia
1312 2259 1356 2330 de
1382 2258 1405 2331 J
1414 2280 1627 2332 aworzno
1655 2261 1733 2351 sita,
1760 2262 1858 2333 cuius
1884 2265 2038 2353 proprie-

489 2390 543 2457 tas
571 2405 634 2474 pro
662 2403 732 2454 una
757 2380 942 2453 medietate
970 2380 1013 2453 ad
1041 2380 1239 2471 episcopum
1267 2379 1530 2453 Oracoviensem
1558 2382 1720 2472 pertinet,
1747 2404 1812 2472 pro
1829 2384 1943 2455 altera
1960 2404 2039 2455 vero

492 2506 676 2582 medietato
704 2504 749 2575 ad
775 2503 986 2593 Stephanum
1014 2502 1257 2593 Pogorsky
1288 2501 1332 2573 de
1357 2502 1465 2573 armis
1483 2556 1652 2573 .......
1679 2503 1721 2573 ln
1748 2525 1817 2594 qua
1842 2511 1927 2575 sunt
1952 2505 2038 2575 lanei

492 2626 743 2715 cmethouales‚
770 2625 854 2697 item
881 2623 1066 2713 tabernae,
1102 2622 1186 2706 item
1213 2622 1450 2712 hortulaniae,
1487 2623 1530 2693 de
1557 2624 1682 2714 quihus
1709 2625 1869 2696 omnibus
1896 2626 2039 2697 solvitur

389 2732 394 2745 ⁸
490 2754 527 2821 et
554 2747 757 2819 conducitur
783 2744 916 2816 decima
934 2743 1161 2835 manipularis
1188 2764 1251 2833 pro
1270 2744 1416 2816 ecclesia
1442 2744 1478 2815 in
1505 2744 1764 2836 Landziuy‚
1790 2751 1826 2817 et
1844 2746 1944 2819 valor
1968 2747 2038 2819 eius

493 2870 696 2943 aestimatur
722 2865 767 2938 ad
786 2918 899 2936 .....

594 2990 822 3076 Scznrrown,
858 2986 942 3056 villa
968 2986 1032 3057 sub
1059 2986 1226 3077 parochia
1252 2984 1296 3057 de
1322 2986 1345 3057 J
1355 3006 1565 3059 aworzno
1594 2989 1680 3077 sita,
1715 2988 1813 3059 cuius
1844 2991 2039 3079 proprietas

492 3110 537 3183 ad
564 3109 821 3181 serenissimum
848 3106 1013 3178 Poloniae
1041 3127 1158 3197 regem
1185 3108 1347 3198 pertinet.
1391 3109 1431 3178 In
1459 3129 1528 3198 qua
1563 3114 1645 3179 snut
1680 3108 1773 3179 lanei
1799 3110 2039 3199 cmethouales‚

491 3232 534 3304 de
562 3231 685 3322 quibus
713 3229 859 3302 solvitur
886 3227 1017 3299 decima
1044 3228 1234 3319 pecunialis
1261 3229 1297 3302 in
1325 3251 1458 3302 summa
1484 3230 1628 3302 duarum
1647 3251 1909 3322 sexagenarum‚
1935 3232 2039 3304 eccle-
2154 3267 2155 3276 ι

493 3353 566 3424 siae
594 3358 632 3424 (1
658 3352 732 3424 eius
759 3352 907 3442 plebano
927 3351 971 3422 ‚in
996 3349 1256 3442 Landzyny.

596 3471 757 3563 Curuus
783 3472 865 3544 uilla
893 3473 956 3544 sub
983 3471 1149 3562 parochia
1176 3471 1219 3543 (1(
1245 3471 1496 3564 Landzyny
1523 3474 1609 3563 sita,
1646 3473 1744 3546 euius
1775 3475 1974 3565 proprietas
1999 3475 2041 3546 ad

410 3574 415 3582 ”
493 3594 690 3686 episcopum
718 3591 981 3666 Gracoviensem
1008 3593 1171 3684 pertinet.
1211 3593 1252 3664 In
1280 3614 1349 3684 qua
1374 3595 1500 3684 viginti
1527 3595 1595 3666 duo
1622 3595 1724 3687 lanei,
1750 3596 1794 3667 de
1821 3597 1948 3687 quihus
1975 3597 2038 3668 sol-

492 3716 585 3788 vitur
612 3715 744 3786 decima
770 3715 995 3806 manipularis
1023 3719 1058 3786 et
1084 3715 1259 3805 canapalis
1286 3735 1350 3805 pro
1377 3715 1584 3788 scholastria
1610 3698 1842 3808 Oracoviensi,
1882 3722 1920 3788 et
1946 3717 2039 3789 valor

492 3836 566 3909 eius
594 3836 799 3908 aestimatur
825 3835 869 3908 ad
896 3835 1021 3926 viginti
1048 3855 1194 3907 marcas.
1225 3836 1314 3907 Item
1341 3837 1541 3909 cmethones
1567 3837 1723 3908 eiusdem
1748 3837 1852 3910 villae
1878 3841 2040 3910 tenentur

496 3957 632 4030 solvere
659 3979 739 4052 ((1(
767 3957 932 4028 eeclesiae
958 3957 996 4027 in
1022 3956 1301 4049 Lyendziny.

596 4077 884 4167 Parnoozrnnr,
911 4077 993 4148 villa
1020 4077 1084 4150 sub
1111 4078 1279 4168 parochia
1305 4077 1349 4150 de
1374 4078 1624 4171 Landzyny
1650 4080 1733 4171 sita,
1759 4081 1860 4153 cuius
1886 4082 2039 4173 proprie-

491 4200 546 4268 tas
573 4196 617 4268 ad
645 4195 766 4268 ducem
793 4195 1097 4270 Rathiboriensem
1124 4200 1286 4290 pertinet.
1313 4199 1353 4270 ln
1373 4221 1442 4290 qna
1467 4201 1559 4272 lanei
1586 4202 1831 4292 cmethouales‚
1857 4202 2040 4294 dequibus

492 4317 640 4392 solvitur
658 4369 772 4388 .....
812 4318 902 4390 Item
928 4319 1128 4394 cmethones
1155 4321 1310 4394 eiusdem
1337 4321 1440 4393 villae
1476 4327 1640 4396 tenentur
1666 4323 1802 4398 soluere
1828 4345 1910 4419 ((1(
1937 4324 2039 4396 eccle-

452 4438 566 4544 ‘siae
592 4438 629 4510 in
654 4437 938 4532 Lyendziny.

1120 4684 1123 4690 ’
1192 4684 1358 4758 Znnnoa

595 4802 767 4894 Oppidum
794 4803 926 4877 habens
953 4805 989 4876 in
1016 4827 1053 4879 se
1080 4807 1316 4898 parochialem
1343 4808 1523 4880 ecclesiam
1549 4815 1741 4900 muratam,
1778 4807 1884 4882 Sanct
1902 4865 2039 4882 ......

491 4924 650 5014 dicatam,
678 4925 775 4996 cuius
802 4926 996 5016 proprietas
1023 4929 1176 5019 pertinet
1201 4929 1246 5000 ad
1272 4927 1477 5001 Gasimirum
1504 4935 1540 5001 (1
1569 4929 1816 5021 Venceslaum‚
1842 4931 2039 5006 Janussium

491 5052 529 5118 (1
554 5044 773 5117 Vladislaum
799 5045 904 5119 duces
931 5048 1187 5122 Zathorienses.
1214 5050 1255 5121 ln
1282 5071 1350 5141 quo
1377 5057 1459 5123 sunt
1484 5051 1578 5124 lanei
1604 5052 1805 5142 civiles,.de
1823 5054 1950 5144 quibus
1977 5054 2039 5127 sol·
2154 5045 2155 5048 ’

490 5166 584 5239 uitur
610 5165 744 5238 decima
769 5169 994 5258 manipularis
1021 5171 1249 5243 scholastriae
1276 5169 1506 5245 Cracoviensi.
1532 5172 1722 5250 Abstracta
1748 5180 1804 5247 est
1829 5180 1947 5248 autem
1964 5197 2038 5266 per·

490 5287 605 5379 ceptio
632 5287 784 5360 decimae
812 5291 1037 5396 manipularis
1065 5311 1086 5364 a
1114 5293 1323 5365 scholastria
1348 5291 1580 5385 cracoviensi,
1608 5300 1644 5366 et
1670 5295 1736 5367 soli
1763 5295 1931 5386 oppidani
1947 5297 2037 5368 illam

447 5453 452 5458 -
489 5404 685 5499 percipiunt
711 5411 905 5505 manipula,
933 5417 970 5484 (1
996 5414 1193 5486 summatim
1221 5414 1360 5487 solvunt
1386 5415 1538 5506 quinque
1564 5436 1700 5499 marcas
1727 5416 1880 5489 latorum
1904 5439 2037 5508 grosso

487 5549 565 5601 rum
592 5528 818 5622 Progensium
846 5533 1062 5606 scholastico.
1106 5535 1195 5608 Item
1222 5536 1402 5626 praedium
1429 5543 1484 5609 est
1509 5537 1576 5626 ibi,
1614 5537 1707 5628 quod
1742 5537 1836 5642 alias
1865 5559 2035 5630 nunquam

498 5646 574 5744 init,
602 5670 666 5745 per
692 5652 797 5728 duces
823 5655 961 5730 noviter
987 5660 1142 5734 erectum
1169 5677 1213 5730 (ιι
1238 5658 1333 5750 agris
1355 5659 1616 5754 oppidanorum,
1642 5659 1680 5736 in
1706 5658 1879 5735 damnum
1894 5659 2039 5736 decimae
