4550 6600
491 716 580 841 Ι448

480 1046 484 1052 ,
606 973 767 1066 Wours,
794 974 877 1047 villa
904 976 968 1049 sub
986 976 1152 1068 parochia
1169 977 1335 1050 ecclesiae
1361 977 1405 1050 de
1424 976 1614 1071 Gargow
1632 978 1717 1071 sita,
1744 981 1844 1053 cuius
1861 983 2050 1074 proprietas

503 1100 547 1174 ad
574 1096 880 1172 serenississimum
915 1096 1080 1171 Poloniae
1115 1118 1233 1191 regem
1259 1100 1420 1192 pertinet.
1469 1099 1511 1172 In
1538 1111 1608 1193 qna
1632 1106 1715 1175 sunt
1739 1102 1833 1176 lanei
1859 1104 2052 1175 cmethona-
2151 1084 2158 1096 ’

503 1222 564 1314 les,
590 1220 673 1293 item
701 1219 884 1312 tabernae,
911 1220 996 1293 item
1022 1220 1259 1314 hortulaniae,
1285 1222 1481 1314 dequibus
1507 1224 1667 1296 omnibns
1694 1224 1842 1297 solvitur
1868 1229 1905 1297 et
1931 1225 2052 1297 condu-

505 1345 596 1417 citur·
622 1340 754 1415 decima
768 1343 1004 1434 »manipularis
1032 1348 1068 1415 et
1086 1344 1261 1435 canapalis
1287 1365 1352 1436 pro
1375 1398 1490 1426 .....
1516 1345 1604 1417 Item
1632 1366 1702 1417 uon
1720 1352 1776 1418 est
1801 1347 1851 1419 ibi
1869 1346 2053 1439 praedium.

580 1464 803 1554 hrmrrr,
839 1464 921 1536 villa
948 1466 1012 1538 sub
1039 1466 1205 1557 parochia
1230 1466 1275 1539 de
1301 1463 1469 1557 Gorgon
1496 1467 1579 1557 sita,
1605 1467 1703 1539 cuius
1729 1468 1854 1540 haeres
1880 1468 2053 1543 lohannes

389 1605 392 1612 “
503 1587 800 1679 Rithwyenelry
826 1586 988 1659 dedomo
1016 1586 1282 1678 Accipitrum.
1321 1582 1363 1659 In
1382 1610 1451 1680 qna
1477 1594 1561 1661 suut
1577 1588 1670 1661 lanei
1696 1590 1947 1679 emethonales,
1973 1590 2055 1663 item

416 1784 422 1793 ,
502 1711 682 1799 tabernae,
708 1708 792 1780 item
820 1708 1054 1801 hortulaniae,
1081 1709 1124 1781 de
1143 1710 1268 1802 quibus
1284 1710 1445 1782 omnibns
1472 1710 1621 1783 solvitur
1646 1717 1683 1784 et
1701 1712 1907 1785 conducitur
1925 1711 2055 1783 deamo

502 1830 728 1923 manipularis
764 1835 801 1903 et
827 1824 1002 1922 canapailis
1037 1852 1102 1922 pro
1129 1831 1276 1904 ecclesia
1309 1832 1347 1903 in
1373 1829 1551 1923 Gorgon,
1587 1832 1687 1906 cuius
1721 1833 1822 1907 valor
1852 1834 2053 1905 aestimatur

503 1955 547 2027 ad
574 1959 707 2045 septem
734 1972 877 2039 marcas.
917 1953 1006 2025 Item
1031 1953 1213 2045 praedium
1235 1952 1386 2025 militare
1405 2002 1546 2024 ......

608 2076 880 2166 nosszowrczn,
906 2074 990 2146 vnn
1016 2076 1080 2148 sun
1099 2074 1266 2166 parona
1292 2075 1336 2147 ae
1366 2073 1537 2173 sargon
1572 2076 1654 2167 sin,
1683 2057 1934 2149 emus-naeres
1959 2077 2054 2149 uem

397 2266 399 2271 ,
503 2196 844 2291 deOleschnicza
870 2196 997 2270 nobilis
1029 2197 1072 2269 dc
1100 2196 1202 2269 domo
1237 2197 1429 2271 Dambuo.
1468 2197 1509 2269 In
1537 2218 1606 2290 qna
1632 2203 1714 2271 sunt
1738 2197 1833 2270 lanei
1859 2199 2054 2271 emethona-

503 2322 569 2413 les,
596 2322 679 2393 item
706 2304 852 2392 taberna
879 2340 950 2391 una
975 2318 1107 2391 habens
1134 2340 1256 2410 agros,
1288 2320 1372 2391 item
1398 2318 1637 2411 hortulaniae,
1675 2319 1718 2391 de
1745 2320 1873 2411 quibus
1898 2322 2053 2394 omnibus

506 2444 654 2517 solvitur
680 2448 717 2515 et
743 2441 946 2515 conducitur
973 2440 1107 2513 decima
1132 2426 1359 2541 manipularis
1385 2446 1422 2513 et
1439 2442 1625 2533 canapalis,
1652 2462 1718 2533 pro
1743 2442 1949 2533 episcopatu
1975 2442 2054 2515 Gra·

505 2565 678 2656 curiensi,
703 2570 739 2636 ct
756 2564 855 2637 valor
881 2564 956 2636 eius
983 2564 1187 2636 aestimatur
1208 2563 1254 2635 ad
1271 2582 1333 2635 sex
1351 2582 1496 2636 marcas·
1535 2564 1625 2635 Item
1651 2568 1708 2636 est
1724 2563 1775 2636 ihi
1791 2565 1931 2637 unicum
1956 2586 2053 2656 prae

503 2686 596 2767 diurn
633 2686 801 2778 militare,
837 2684 880 2758 de
906 2686 1003 2757 cuius
1039 2684 1133 2777 egris
1169 2685 1318 2757 solvitur
1351 2690 1389 2755 et
1423 2684 1627 2758 conducitur
1658 2685 1794 2757 decima
1827 2686 2052 2778 manipularis

503 2831 566 2902 pro
603 2808 748 2883 eccesia
783 2813 820 2881 et
850 2807 999 2900 plebano
1034 2808 1070 2879 iu
1106 2804 1292 2898 Gargow,
1327 2810 1381 2877 et.
1399 2806 1497 2880 valor
1531 2806 1607 2881 eins
1642 2807 1848 2881 aestimatur
1883 2808 1929 2881 ad
1970 2807 2052 2881 duas

503 2950 649 3006 marcas.

1165 3049 1400 3126 Pounnrucz.

608 3174 782 3267 Oppidum
808 3174 943 3265 regium
969 3170 1068 3247 iuxta
1084 3173 1226 3246 durium
1245 3171 1425 3246 Ozarna
1450 3173 1569 3264 situm,
1596 3174 1728 3247 habens
1746 3172 1929 3245 ecclesiam
1954 3194 2053 3266 puro

505 3300 651 3372 chialem
686 3299 854 3390 ligneam,
892 3295 1020 3370 Sancto
1056 3296 1211 3370 Martino
1246 3296 1402 3389 pontifici
1429 3301 1466 3369 et
1491 3294 1683 3369 confessori
1717 3296 1872 3389 glorioso
1899 3296 2055 3371 dierum.

509 3423 550 3496 ln
578 3444 646 3514 quo
673 3426 756 3494 suut
780 3420 872 3493 lanei
899 3419 1151 3512 oppidanorum
1177 3440 1247 3492 uon
1265 3420 1423 3493 distincti
1447 3421 1485 3492 in
1510 3419 1639 3512 laneos,
1666 3419 1728 3492 sed
1753 3420 1831 3512 agri
1856 3440 1923 3511 per
1948 3422 2058 3512 pecies

345 3512 347 3516 ¹
472 3565 476 3568 ·
505 3549 540 3615 et
567 3547 709 3636 quartas
736 3541 856 3632 divisi,
892 3541 1088 3632 dequibus
1116 3541 1275 3613 omnibus
1302 3541 1452 3613 solvitur
1477 3546 1515 3612 et
1541 3538 1746 3613 conducitur
1781 3539 1918 3616 decima
1951 3543 2056 3614 maui-

503 3665 635 3760 pnlarIs
663 3668 699 3737 et
726 3663 902 3756 oauapalis
929 3685 993 3756 pro
1021 3663 1222 3756 episcopatu
1249 3661 1487 3754 Crotoniensi,
1514 3667 1550 3734 et
1566 3662 1665 3736 valor
1691 3662 1767 3734 eius
1793 3663 2001 3736 aesfimatur
2015 3663 2058 3736 ad

502 3788 627 3880 viginti
661 3805 805 3860 marcas.
851 3785 938 3859 Item
975 3785 1010 3857 in
1042 3785 1165 3860 eodem
1199 3785 1328 3878 oppido
1362 3791 1445 3858 sunt
1480 3789 1619 3858 centum
1653 3785 1857 3876 octuaginta
1891 3785 2055 3880 hospites,

504 3911 623 3985 domos
659 3909 819 4002 proprias
855 3909 1042 3999 habentes,
1078 3907 1162 3980 item
1198 3913 1253 3981 est
1278 3907 1462 4012 advocatia
1496 3907 1628 3980 habens
1664 3923 1769 3999 agros
1805 3907 1992 4000 speciales,
2016 3908 2058 3982 de

505 4034 629 4126 quibus
657 4032 804 4105 solvitur
822 4031 955 4104 decima
972 4030 1199 4123 manipularis
1226 4031 1392 4104 ecclesiae
1402 4035 1447 4103 ct
1464 4030 1540 4102 eins
1557 4029 1705 4122 plebano
1723 4030 1760 4101 in
1786 4027 2058 4122 Polanyecz,

504 4161 540 4228 et
566 4154 665 4227 valor
691 4154 765 4226 eius
792 4137 994 4227 aestimatur
1022 4152 1067 4226 ad
1093 4153 1180 4225 duas
1206 4173 1351 4226 marcas.
1387 4153 1475 4224 Item
1501 4151 1670 4244 plebanus
1705 4151 1813 4224 habet
1849 4172 1954 4243 agros
1980 4173 2057 4243 pro

429 4303 432 4308 ·
504 4277 599 4371 prios
627 4277 713 4349 satis
739 4276 848 4349 bonos
875 4297 939 4368 pro
966 4275 1129 4368 praedio,
1165 4280 1202 4347 et
1227 4279 1332 4368 prata
1357 4279 1394 4347 et
1420 4275 1534 4348 dotem
1566 4273 1746 4367 propriam
1772 4277 1810 4346 et
1834 4274 2001 4346 horreum
2024 4279 2059 4346 et

504 4401 662 4490 bortnm3
689 4407 727 4472 et
752 4397 834 4470 licet
860 4397 984 4470 duvios
1021 4396 1200 4470 Ouarna
1235 4395 1554 4470 archidiaconatum
1586 4394 1903 4468 Saudomirieusem
1930 4394 2060 4468 dividat

505 4545 526 4596 a
552 4522 795 4616 praepositura
828 4519 1045 4612 Visliciensi,
1081 4519 1227 4593 ecclesia
1260 4525 1376 4592 tameo
1413 4518 1571 4611 praefata
1605 4517 1851 4590 Polanecensis
1886 4518 1957 4590 situ
1983 4523 2058 4610 post

502 4645 644 4718 durium
672 4642 826 4735 Czarnn·
842 4643 994 4736 pertinet
1021 4641 1065 4714 ad
1093 4642 1373 4734 praeposituram
1399 4639 1674 4730 Visliciensiem,
1711 4640 1776 4712 sub
1802 4639 1977 4712 decanatu
2002 4661 2057 4710 ru·

502 4769 569 4841 rali
603 4765 873 4840 Paozanoviensi
908 4763 1115 4856 oonst'tuta,
1152 4765 1249 4837 cuius
1285 4781 1377 4838 nuno
1411 4767 1528 4836 rector
1554 4769 1592 4834 et
1616 4761 1786 4854 plebanos
1813 4766 1869 4834 est
1896 4759 2055 4834 Nicolaus

504 4890 754 4974 Laurentii
790 4887 833 4961 de
868 4885 1164 4960 Sandomiria
1197 4884 1582 4979 presbytenbonstat
1617 4888 1734 4958 antem
1769 4884 1870 4956 iuxta
1904 4885 2057 4956 veterum

503 5013 728 5104 relationem,
765 5010 858 5104 quod
885 5009 1048 5104 oppidum
1074 5008 1333 5102 Polanyecz
1369 5008 1451 5081 olim
1478 5007 1582 5079 situm
1609 5005 1677 5079 luit
1702 5006 1739 5078 iu
1765 5011 1902 5096 monte,
1938 5025 2057 5078 versus

503 5133 688 5225 Vislam,
717 5137 753 5205 et
778 5131 902 5204 habuit
928 5130 965 5202 in
992 5150 1029 5202 se
1047 5129 1227 5202 ecclesiam
1253 5129 1415 5221 ligneam,
1441 5127 1590 5201 Sanctae
1616 5125 1823 5200 Gothorinae
1850 5125 1982 5218 virgini
2006 5125 2054 5198 di·

504 5262 636 5348 catam,
672 5255 768 5329 cuins
804 5254 917 5328 adhuc
952 5253 1113 5326 uruntur
1139 5251 1326 5344 reliquiae3
1363 5250 1426 5324 sed
1453 5262 1525 5344 per
1559 5248 1830 5351 Gasimirum
1861 5247 2054 5322 Secundum

503 5377 669 5452 Poloniae
695 5399 815 5471 regem
841 5376 1051 5450 translatum
1079 5376 1134 5449 est
1160 5375 1205 5448 ud
1231 5375 1345 5447 looum
1370 5375 1580 5465 bassiorem,
1614 5372 1720 5445 durio
1747 5371 1928 5444 Gzarna
1953 5369 2056 5444 couti·

504 5521 626 5593 guum:
642 5522 698 5574 ex
725 5500 868 5574 decimis
896 5499 1002 5575 etiam
1037 5496 1215 5591 praelatae
1251 5498 1417 5570 ecclesiae
1443 5498 1480 5568 in
1506 5494 1782 5588 Polanyeoz,
1818 5493 2057 5586 praepositura

504 5621 793 5696 Sandomiriensis
828 5643 892 5714 pro
928 5619 1053 5693 maiori
1088 5624 1188 5713 parte
1222 5617 1368 5692 fundata
1392 5624 1430 5692 et
1456 5618 1576 5691 dotata
1610 5623 1682 5708 est,
1708 5620 1746 5689 et
1770 5615 1848 5688 ideo
1875 5614 2050 5707 praeposi-

504 5747 562 5821 tus
580 5742 869 5821 Saudomiriensis
887 5764 951 5840 pro
971 5749 1140 5838 tempore,
1156 5743 1279 5837 unicus
1296 5747 1352 5819 est
1368 5741 1535 5818 ccclesiae
1561 5741 1597 5816 in
1624 5737 1887 5835 Polanyeoz
1913 5736 2055 5812 musar
