4550 6600
542 731 613 801 188

539 942 652 1008 autom
679 936 788 1015 laneis
815 932 1004 1020 scoltetiae,
1032 932 1180 1002 taberna
1206 935 1241 1000 et
1266 930 1479 1019 hortulania,
1507 928 1698 1001 decimatur
1724 929 1901 1017 manipulo
1926 924 2111 999 ecclesiae

540 1059 576 1127 in
605 1050 834 1125 Slawhoir.
864 1052 974 1123 Valor
1001 1051 1147 1122 duarum
1174 1071 1379 1122 marcarum.

645 1174 930 1261 Onnaozonow,
966 1171 1049 1241 villa
1075 1171 1281 1259 episcopalis
1316 1171 1380 1241 sub
1408 1169 1573 1260 parochia
1607 1170 1651 1239 de
1679 1169 1910 1241 Slaukow.
1944 1162 2008 1238 'In
2040 1188 2113 1257 qua

542 1318 664 1367 novem
691 1295 783 1365 lanei
811 1292 1060 1379 cnrothonales,
1088 1297 1160 1362 tres
1187 1290 1424 1379 hortudaahae,
1451 1290 1519 1361 duo
1546 1284 1638 1361 lanei
1664 1291 1836 1379 advocati,
1863 1290 1907 1361 de
1934 1289 2114 1360 omnibus

544 1417 737 1487 decimatur
759 1414 923 1485 ecclesiae
951 1413 986 1481 in
1013 1412 1246 1483 Slawhow.
1273 1410 1382 1481 halon
1409 1411 1526 1482 decom
1553 1431 1700 1481 marcae.

537 1600 540 1621 ,
647 1535 838 1622 Gonouoo,
866 1532 954 1616 villa,
976 1530 1181 1619 episcopalis
1209 1531 1273 1600 snb
1300 1531 1465 1618 parochia
1490 1530 1534 1601 (10
1562 1530 1792 1601 Slaukow.
1824 1530 1865 1599 ln
1892 1551 1963 1619 qua
1996 1527 2113 1599 unde-

462 1748 464 1753 ,
544 1658 609 1726 cim
637 1654 869 1725 cmethonales
895 1652 996 1739 lanei,
1024 1651 1112 1721 duae
1139 1651 1368 1739 hortulaniae,
1396 1651 1438 1721 de
1466 1652 1591 1740 quihus
1618 1651 1812 1722 decimatur.
1837 1650 2024 1740 manipulo
2045 1670 2110 1738 pro

495 1797 496 1801 ¹
543 1777 703 1865 episcopo
732 1773 962 1845 Cracouiensi.
988 1772 1097 1842 Valor
1116 1778 1194 1842 octo
1222 1784 1424 1841 marcarum.
1451 1770 1618 1842 Scoltctia
1635 1794 1705 1843 non
1723 1778 1787 1859 est,
1808 1793 1921 1861 neque
1939 1771 2112 1841 taberna.

647 1896 946 1983 Znnrnnowrczn,
981 1894 1065 1963 uilla
1092 1892 1297 1981 episcopalis
1325 1893 1389 1961 sub
1415 1892 1583 1981 parochia
1608 1893 1651 1963 (10
1684 1891 1915 1963 Slaukow.
1961 1891 2010 1961 In
2041 1898 2114 1979 qua'

545 2022 675 2106 septem
703 2016 794 2086 lanei
822 2014 1072 2102 cmethonaleS,
1109 2012 1198 2083 duae
1225 2011 1461 2101 hortulaniae,
1488 2034 1557 2083 una
1584 2014 1748 2101 taberna,
1782 2012 1825 2083 de
1853 2013 1981 2101 quihus
2013 2011 2113 2081 deci-

545 2145 661 2208 matur
688 2138 849 2224 episcopo
876 2134 1061 2224 manipulo.
1088 2133 1198 2204 Valor
1225 2138 1358 2222 septem
1385 2154 1531 2203 marcae.
1558 2134 1722 2205 Scoltetia
1749 2155 1818 2203 non
1845 2138 1898 2203 est
1925 2134 1986 2203 ihi.

499 2254 504 2259 ’
652 2258 817 2344 Brennus,
845 2256 929 2325 uilla
955 2256 1019 2325 sub
1046 2255 1212 2343 parochia
1238 2252 1281 2323 (10
1308 2254 1547 2343 Slauhou,
1575 2254 1789 2343 episcopalis.
1816 2254 1856 2323 In
1884 2274 1954 2345 qua
1982 2253 2111 2323 decem

546 2378 637 2448 lanei
664 2376 912 2465 emethunalcs,
949 2382 985 2446 01
1012 2376 1158 2465 quilibet
1197 2396 1261 2464 pro
1288 2375 1423 2449 decima
1446 2354 1657 2465 manipulari
1692 2376 1852 2465 episcopo
1878 2375 1988 2445 solvit
2020 2374 2109 2443 duas

547 2498 711 2587 siliginis,
740 2497 826 2568 duas
853 2496 979 2585 tritici,
1007 2501 1043 2566 et
1070 2496 1156 2566 duas
1183 2517 1313 2567 avenae
1339 2516 1528 2567 mensuras.
1559 2498 1647 2567 Item
1675 2496 1842 2567 scultetus
1870 2501 1926 2566 est
1952 2495 2018 2585 ibi,
2049 2494 2109 2583 qui

549 2618 655 2689 habet
682 2618 767 2689 duos
794 2618 912 2687 laneos
940 2616 982 2687 de
1010 2616 1133 2705 quibus
1162 2616 1311 2687 decimat
1312 2670 1366 2687 ......

650 2739 831 2826 Lossrnu,
859 2738 941 2809 villa
968 2738 1174 2827 episcopalis
1201 2739 1265 2808 sub
1293 2738 1458 2827 parochia
1484 2737 1527 2809 de
1554 2737 1783 2808 Slawkow.
1809 2738 1850 2807 Ia
1879 2758 1947 2825 qua
1973 2736 2106 2825 viginti

440 2850 441 2853 ¹
547 2861 648 2947 lanei,
676 2860 717 2929 dc
746 2860 870 2949 quibus
898 2858 1089 2929 decimatur
1116 2859 1277 2948 episcopo
1305 2858 1492 2947 manipulo.
1531 2858 1640 2929 Valor
1667 2859 1786 2931 decem
1812 2878 1958 2927 marcae.
1993 2855 2104 2931 ‚Scor-

547 2982 634 3049 tatia
662 2986 716 3049 est
742 2980 791 3050 ibi
818 2979 950 3049 habens
978 2978 1063 3048 duos
1090 2979 1226 3067 laneus,
1262 2999 1331 3049 una
1357 2978 1522 3068 taberna,
1553 2975 1625 3051 una
1650 2978 1868 3067 hortulanis,
1903 2977 2103 3067 dequibus

455 3146 459 3155 -
548 3102 651 3170 etiam
680 3100 872 3169 decimatur
899 3120 962 3187 pro
991 3100 1151 3189 episcopo
1179 3099 1363 3188 manipulo.
1437 3108 1442 3115 '

1172 3340 1487 3412 Oznaucowuczn.

654 3459 748 3530 Villa
783 3460 914 3530 hahens
941 3461 1120 3531 ecclesiam
1148 3461 1380 3550 parochialem
1407 3461 1556 3549 ligneam
1583 3463 1619 3532 in
1647 3483 1703 3551 se,
1728 3462 1866 3533 Sanctis
1892 3461 2040 3532 Nicolao
2068 3466 2101 3530 et

550 3581 818 3653 bartholomaeo
846 3581 1005 3671 dicatam,
1032 3583 1128 3652 culus
1155 3583 1279 3652 haeres
1306 3581 1483 3654 Johannes
1507 3582 1731 3673 Pyleczsky
1749 3582 1792 3654 (10
1810 3581 1911 3652 domo
1930 3583 2099 3672 Lelyua

549 3703 589 3772 ln
618 3724 684 3791 qua
712 3709 792 3802 sunt
825 3703 916 3773 lanei
952 3703 1200 3793 cmethonaleS,
1237 3703 1280 3773 (10
1315 3703 1439 3792 quihus
1476 3703 1622 3774 solvitur
1657 3710 1693 3773 et
1728 3702 1931 3774 conducitur
1965 3702 2098 3805 decima

522 3824 773 3913 manipularis
801 3831 837 3895 et
864 3826 1049 3914 canapalis.
1077 3826 1165 3899 Item
1193 3808 1384 3913 praedium,
1411 3824 1494 3893 item
1522 3824 1697 3894 tabernae.

604 4024 613 4042 Ι
654 3945 872 4034 1101111010,
900 3946 982 4015 villa
1000 3946 1064 4015 suh
1078 3946 1244 4032 parochia
1260 3944 1427 4014 ecclesiae
1454 3943 1497 4014 (10
1516 3942 1570 4014 Gz
1580 3963 1885 4035 yangowycze
1912 3945 1987 4033 sita,
2004 3945 2097 4013 cuius

551 4066 673 4133 haeres
701 4065 913 4134 Salomon
943 4065 1061 4134 consul
1080 4063 1330 4152 Cracoviensis‚
1357 4064 1483 4135 nobilis
1502 4063 1664 4135 dedomo
1683 4064 1947 4155 Cygnornm.
1973 4064 2014 4134 In
2033 4081 2097 4152 qna

552 4191 633 4254 1001
660 4183 751 4252 lanei
778 4184 1020 4271 cnrethonalos‚
1048 4183 1235 4272 dequibus
1262 4185 1408 4255 solvitur
1435 4191 1472 4255 et
1488 4184 1693 4256 conducitur
1718 4184 1852 4254 decima
1876 4182 2096 4272 manipularis

552 4325 614 4392 pru
642 4303 786 4372 ecclesia
814 4309 848 4372 et
875 4303 1022 4391 plebano
1059 4303 1095 4374 in
1131 4303 1491 4397 Cyangowycze,
1526 4310 1562 4376 et
1588 4305 1685 4376 valor
1716 4306 1791 4376 eius
1826 4306 2028 4375 aestimatur
2054 4299 2094 4372 ad

553 4478 693 4494 ......
721 4443 862 4494 marcas.
1402 4517 1408 4522 ψ

565 4606 569 4612 .
658 4545 903 4634 1111100111,
932 4545 1014 4614 villa
1042 4547 1104 4616 suh
1128 4546 1295 4634 parochia
1322 4547 1364 4616 (10
1392 4545 1762 4638 Gzyangewycze
1788 4548 1866 4635 sita,
1893 4547 1992 4617 cuius
2019 4547 2094 4616 hae·

552 4689 608 4736 res
636 4665 845 4736 Salomon
872 4665 1059 4762 praelatus.
1086 4666 1126 4737 ln
1146 4688 1214 4756 qua
1241 4674 1322 4737 sunt
1347 4667 1438 4738 lanei
1465 4667 1707 4757 emethonales,
1734 4667 1927 4758 dequibus
1955 4667 2094 4739 solvitur

553 4795 589 4856 ot
616 4786 820 4857 conducitur
857 4787 990 4857 decima
1025 4787 1250 4877 manipularis
1286 4795 1322 4858 et
1349 4789 1525 4877 canapalis
1561 4809 1624 4878 pro
1660 4789 1805 4860 ecclesia
1840 4788 2030 4877 parochiali
2061 4787 2092 4854 in

554 4909 942 4999 (luyaugowycue,
971 4909 1068 4980 cuius
1096 4909 1193 4980 valor
1219 4910 1423 4980 aestimatur
1442 4909 1486 4980 ad
1504 4963 1618 4979 .....

658 5029 743 5100 'l'res
771 5029 939 5118 lubricae,
976 5030 1012 5100 in
1040 5031 1164 5118 quibus
1191 5030 1370 5101 laboratur
1396 5029 1544 5120 serrum,
1580 5032 1644 5102 suh
1672 5030 1837 5119 parochia
1866 5029 2031 5099 ecclesiae
2055 5026 2091 5096 dc

554 5150 928 5242 anangowpczo
956 5151 1059 5239 sitae,
1096 5173 1241 5240 quarum
1268 5151 1392 5222 haeres
1419 5133 1675 5242 Pyleczsky
1703 5149 1873 5222 dedomo
1900 5149 2090 5239 Lelyua,

556 5277 591 5339 et
609 5292 672 5359 pro
692 5272 766 5341 iuro
785 5271 975 5360 parochiali
995 5271 1133 5343 solvunt
1161 5293 1279 5342 onmes
1297 5271 1448 5374 fabricae
1475 5272 1639 5344 ecclesiae
1669 5273 1706 5342 in
1734 5269 2090 5362 Czyangowycze

475 5485 478 5496 Ι
553 5411 615 5479 por
643 5413 744 5462 unam
773 5413 932 5464 marcam.

1060 5514 1335 5587 Wornowrcun
1363 5515 1593 5587 Koscznnnn.
1966 5583 1972 5590 ,

585 5657 588 5664 ·
659 5629 750 5700 Villa
776 5633 908 5710 habens
936 5636 971 5710 in
999 5657 1036 5706 se
1063 5635 1501 5731 ecclesiamparochialem
1528 5643 1709 5727 muratam,
1735 5641 1772 5709 01
1798 5635 1925 5709 Sancto
1948 5633 2086 5707 Mamm
