4550 6600
533 758 607 829 192

387 960 389 974 '
526 970 581 1033 est
611 964 659 1033 ihi
686 962 867 1051 praedium
896 962 1046 1033 militare
1074 962 1148 1033 sive
1175 966 1361 1051 castrense,
1388 960 1431 1031 de
1450 962 1548 1033 cuius
1574 961 1669 1051 egris
1695 960 1789 1033 cedit
1814 962 1949 1033 decima
1974 964 2072 1034 mani·

526 1084 657 1172 pularis
695 1084 900 1173 presbytero
938 1082 1136 1154 castrensi*
1161 1082 1249 1152 Item
1286 1088 1341 1153 est
1366 1083 1417 1153 ibi
1442 1082 1646 1172 advocatia,
1685 1084 1817 1155 hahens
1843 1083 1940 1155 dnos
1965 1084 2072 1155 laneos

530 1225 692 1293 agrorum
721 1207 755 1275 in
783 1206 928 1294 oppido,
965 1204 1161 1292 dequibus
1197 1203 1302 1274 solvit
1337 1203 1504 1274 decimam
1535 1204 1748 1293 pecunialem
1786 1224 1862 1274 cnm
1899 1204 2073 1293 oppidanis

527 1325 779 1413 praebendario
816 1326 851 1393 in
892 1323 1188 1394 Pelcznicza:
1228 1325 1311 1393 item
1353 1325 1523 1414 plebanus
1563 1325 1600 1394 in
1639 1323 1939 1415 Gozyeglowi
1979 1324 2074 1394 habet

529 1444 818 1515 columbationem
846 1450 926 1533 post
953 1444 1143 1533 oppidanos
1171 1450 1207 1514 et
1233 1443 1457 1533 offertorium,
1484 1446 1568 1516 item
1587 1452 1669 1516 sunt
1696 1446 1745 1524 ibi
1772 1447 1925 1535 quinque
1952 1445 2073 1513 molen-

530 1564 621 1654 dina,
648 1566 691 1635 de
719 1566 842 1655 quibus
869 1564 979 1635 solum
1007 1564 1074 1635 duo
1102 1566 1233 1636 habeut
1260 1586 1372 1655 agros,
1400 1566 1443 1636 de
1471 1567 1597 1655 quibus
1624 1566 1772 1636 solvitur
1797 1565 1933 1635 decima
1934 1618 1980 1635 .....

633 1684 825 1774 Ozrunow,
867 1685 950 1755 villa
985 1686 1049 1755 sub
1080 1686 1247 1774 parochia
1281 1686 1324 1756 de
1362 1684 1633 1776 Gozyeglow
1642 1708 1665 1775 y
1700 1687 1786 1774 sita,
1825 1687 1924 1756 cuins
1960 1686 2074 1755 haeres

529 1804 705 1877 Johannes
733 1805 1066 1896 Gozyeglowslr
1077 1826 1109 1895 y.
1135 1805 1176 1874 Iu
1196 1826 1264 1895 qna
1281 1812 1363 1877 0001
1389 1806 1481 1876 10001
1499 1806 1741 1893 memorales,
1769 1805 1958 1896 dequibus
1977 1806 2074 1875 omni-

532 1928 598 1997 bus
624 1927 771 1997 solvitur
797 1930 834 1997 et
860 1925 1063 1996 conducitur
1091 1926 1223 1996 decima
1249 1927 1475 2015 manipularis
1502 1931 1538 1996 et
1565 1926 1742 2017 canapalis
1768 1927 1937 1996 ecelesiae
1955 1930 1993 1995 et
2009 1925 2072 2014 ple

529 2048 623 2118 hano
651 2048 685 2117 in
713 2046 1023 2137 Oozyegloui,
1055 2054 1091 2117 01
1117 2046 1218 2117 valor
1243 2048 1318 2117 eins
1343 2049 1547 2119 aestimator
1574 2047 1619 2118 ad
1654 2101 1766 2117 .....
1772 2026 1794 2137 ’;
1813 2050 1896 2119 item
1913 2068 1985 2117 non
2003 2054 2074 2117 sunt

529 2169 706 2257 tabernae,
733 2188 802 2237 non
830 2172 912 2237 snnt
938 2166 1167 2256 homotoniae,
1195 2187 1307 2256 neque
1333 2166 1525 2257 praedium.

632 2288 944 2376 Worsunwrczn,
979 2286 1061 2358 villa
1097 2288 1161 2358 sub
1188 2288 1354 2377 parochia
1389 2289 1432 2358 de
1467 2287 1791 2380 Gozyeglowy,
1827 2290 1926 2359 cuius
1961 2288 2074 2358 haeres

535 2409 712 2481 lohannes
738 2407 1073 2497 Kozyeglorvsk
1084 2430 1115 2497 y.
1141 2406 1183 2477 In
1202 2428 1270 2497 qna
1288 2413 1369 2478 sunt
1386 2409 1478 2479 lanei
1496 2409 1738 2497 cmethonales,
1765 2408 1809 2478 de
1830 2408 1959 2498 quibus
1977 2409 2074 2479 omni·

531 2529 597 2601 bus
624 2528 770 2599 solvitur
797 2534 833 2598 et
859 2528 1062 2599 conducitur
1088 2528 1221 2598 decima
1246 2529 1474 2619 manipularis
1501 2535 1538 2601 01
1564 2530 1739 2619 cauapalis
1765 2529 1932 2612 ecclesiae
1956 2536 1992 2599 et
2009 2528 2072 2617 ple·

531 2652 622 2721 bano
650 2651 685 2720 in
718 2648 1027 2739 Oozycglowi,
1055 2655 1091 2719 et
1114 2648 1212 2720 valor
1238 2650 1313 2720 eius
1341 2650 1547 2721 aestimatur
1573 2650 1618 2720 ad
1637 2704 1753 2720 .....

637 2770 786 2841 Fabrica
822 2770 905 2840 serni
941 2771 1026 2841 alias
1053 2770 1390 2862 Kamyenyczo,
1425 2772 1489 2843 sub
1516 2771 1682 2861 parochia
1727 2771 1770 2841 de
1800 2769 2069 2860 Kozeglowy

532 2894 600 2964 sita
619 2946 789 2963 .......

635 3013 871 3103 Gurnznow,
907 3012 990 3083 villa
1017 3013 1080 3083 sub
1107 3013 1273 3102 parochia
1300 3013 1343 3083 de
1373 3012 1684 3104 Kozyeglowy
1710 3013 1795 3102 sita,
1831 3014 1932 3083 cuins
1958 3012 2071 3082 haeres

530 3131 708 3204 lohannes
741 3131 1110 3223 Gozyeglow‘sky.
1142 3133 1182 3202 ln
1211 3154 1279 3222 qna
1305 3139 1387 3203 suut
1412 3134 1503 3203 lanei
1531 3134 1773 3223 cmethonales,
1800 3139 1837 3203 et
1864 3134 2012 3222 quilibet
2035 3131 2070 3201 de
2116 3128 2121 3139 '

532 3254 632 3324 laneo
659 3252 764 3325 solvit
790 3251 1041 3343 praebendario
1069 3254 1103 3325 in
1132 3254 1408 3326 Pelcznicza
1434 3275 1497 3345 per
1520 3258 1597 3327 octo
1615 3274 1756 3345 grossos
1782 3255 1884 3342 10100;
1911 3255 1997 3326 item
2014 3273 2071 3323 uon

457 3406 462 3416 ·
533 3381 615 3446 sunt
640 3374 816 3464 tabernae,
843 3395 953 3464 neque
980 3375 1207 3464 hortulaniae,
1236 3398 1348 3466 neque
1374 3377 1563 3466 praedium.
1603 3377 1688 3446 ltem
1716 3377 1904 3448 advocatus
1938 3377 1982 3446 de
2006 3373 2070 3445 (lo

533 3519 552 3566 z
561 3496 738 3588 yeglow
747 3518 769 3586 y
806 3495 912 3566 habet
947 3496 994 3567 ibi
1030 3517 1134 3567 unum
1163 3497 1300 3567 laneum
1327 3499 1517 3588 proprium.
1543 3497 1631 3567 Item
1654 3498 1822 3586 plebanus
1848 3496 1892 3566 de
1918 3495 2072 3585 Cozye

532 3616 669 3706 glowi
695 3615 801 3687 habet
827 3616 875 3686 ibi
904 3617 1071 3705 piscinam
1100 3638 1213 3687 unam.

636 3737 784 3811 Fabrica
810 3735 894 3807 serni
915 3737 1136 3830 Paulousha,
1164 3739 1251 3809 alias
1267 3737 1467 3830 Warczslra,
1494 3740 1641 3811 taberna
1659 3740 1723 3811 snb
1741 3739 1906 3829 parochia
1932 3739 1978 3809 de
2002 3735 2071 3806 110

540 3858 762 3950 zyegloui
790 3859 859 3928 sito
860 3911 943 3928 .........

1101 4097 1225 4176 Suana
1252 4099 1513 4178 Kozrnonowr.

637 4219 732 4296 Villa
757 4225 889 4298 habens
916 4227 950 4295 in
971 4247 1007 4296 se
1025 4226 1258 4316 parochialem
1286 4228 1473 4317 ecclesiam,
1500 4247 1564 4316 per
1581 4225 1770 4297 Gristinnm
1796 4221 2070 4315 Oozyeglou·

534 4347 617 4436 sky
643 4347 833 4436 palatinum
862 4345 1173 4418 Sandomiriensem
1201 4348 1315 4436 lapide
1341 4355 1524 4437 muratam,
1552 4353 1587 4418 et
1604 4347 1728 4417 honori
1747 4347 1951 4418 Sanctorum
1971 4337 2070 4413 'Nico

404 4519 409 4526 -
533 4468 580 4538 lai
607 4474 643 4537 et
671 4467 806 4538 Alberti
847 4468 1013 4557 dicatam,
1054 4469 1151 4539 cuius
1190 4469 1358 4559 plebanus
1395 4467 1573 4556 Clemens,
1610 4469 1708 4538 cnius
1743 4469 1868 4538 haeres
1903 4466 2069 4537 lohannes

538 4589 841 4679 Kozeglowsk
851 4611 874 4679 y
913 4589 955 4660 de
983 4591 1087 4660 armis
1115 4589 1345 4680 Vulpium.
1390 4590 1430 4660 In
1459 4611 1526 4680 qna
1553 4595 1633 4660 sunt
1658 4590 1750 4660 lanei
1769 4589 2009 4674 cmethonales,
2033 4583 2069 4652 de

534 4711 657 4800 quibus
685 4711 831 4782 solvitur
857 4716 893 4782 et
921 4711 1123 4782 conducitur
1159 4712 1292 4782 decima
1317 4711 1544 4810 manipularis
1580 4716 1615 4781 et
1640 4710 1819 4801 canapalis
1845 4730 1909 4800 pro
1935 4705 2068 4780 ecclesia

534 4831 570 4901 in
597 4834 741 4922 antiqua
767 4831 1083 4923 Kozycglowy,
1110 4838 1147 4903 et
1173 4833 1272 4903 valor
1298 4833 1373 4902 eins
1400 4833 1673 4902 aestimaturad
1705 4885 1824 4901 .....
1851 4832 1935 4901 item
1961 4827 2068 4918 pleba-

533 4974 599 5023 nus
625 4954 730 5025 habet
756 4954 804 5025 ibi
832 4953 917 5024 duas
944 4953 1104 5044 piscinea,
1132 4955 1215 5024 item
1241 4954 1349 5024 hahet
1376 4974 1497 5041 agrum
1523 4955 1702 5043 proprium
1729 4958 1765 5023 01
1783 4958 1895 5042 prata
1921 4949 1996 5020 Non
2021 4949 2067 5016 est

533 5073 582 5144 ibi
609 5074 798 5164 praedium,
825 5094 937 5164 neque
963 5075 1140 5165 tabernae,
1167 5097 1279 5165 neque
1305 5075 1534 5145 hortulaniae.

469 5269 473 5277 .
588 5275 594 5294 Ι
637 5195 887 5284 Prnuczrczn,
915 5195 998 5266 villa
1015 5197 1079 5266 sub
1098 5197 1263 5286 parochia
1289 5195 1453 5266 eeclesiae
1478 5195 1521 5265 de
1540 5194 1676 5265 Stare
1702 5193 1977 5284 Kozyeglowy
2001 5189 2066 5269 sita

535 5315 631 5387 cuius
659 5317 781 5388 haeres
809 5316 972 5387 Nicolaus
1006 5315 1288 5408 Mirzowslry
1314 5317 1358 5387 de
1384 5317 1490 5387 armis
1525 5313 1794 5386 Griffonum.
1838 5313 1879 5384 Iu
1907 5335 1975 5404 qua
1999 5313 2066 5381 sunt

535 5436 713 5507 duodecim
741 5437 832 5507 lanei
859 5437 1109 5526 cmethonales,
1140 5439 1222 5507 item
1249 5437 1427 5528 praedium
1454 5437 1624 5526 militare,
1651 5436 1694 5506 de
1721 5436 1846 5526 quihus
1873 5435 2016 5506 solvitur
2037 5431 2066 5498 et

533 5557 736 5627 conducitur
762 5558 894 5628 decima
919 5559 1145 5647 manipularis
1172 5565 1208 5629 et
1234 5559 1410 5648 canapalis
1428 5580 1493 5648 pro
1510 5558 1659 5628 ecclesia
1681 5558 1718 5627 in
1737 5556 1907 5646 antiqua
1933 5553 2064 5641 Cozye

535 5673 667 5767 glomi,
695 5683 731 5748 et
757 5679 856 5750 valor
882 5679 955 5750 eins
983 5681 1187 5751 aestimatur
1205 5679 1249 5750 ad
1268 5680 1385 5750 decern
1411 5699 1566 5769 marcas;
1593 5679 1677 5749 item
1702 5699 1771 5748 non
1798 5682 1881 5747 sunt
1905 5676 2065 5755 noemae,
