4550 6600
502 748 590 851 aro,

604 962 949 1053 Baunnusowlezn,
977 958 1638 1056 61116661666661116(1611666661
1666 959 1743 1067 sita,
1770 960 1868 1038 cuius
1895 963 2042 1057 proprie-
2154 940 2156 947 ⁵

500 1091 555 1155 166
583 1085 626 1155 ad
653 1086 899 1157 monasterium
929 1084 1152 1176 Thynczense
1188 1087 1349 1175 pertinet.
1393 1086 1433 1157 ln
1462 1108 1530 1176 qua
1565 1093 1646 1158 sunt
1679 1088 1771 1158 lanei
1806 1089 2044 1177 emethouales,

500 1206 542 1276 de
571 1206 695 1297 quibus
723 1206 869 1279 solvitur
896 1206 1030 1277 decima
1056 1207 1282 1296 manipularis
1310 1214 1346 1277 61
1372 1208 1548 1297 canapahs
1584 1209 1733 1298 plebano
1760 1215 1797 1279 et
1823 1210 1989 1279 ecclesiae
2014 1210 2045 1279 iu

500 1325 919 1417 Oppethkowycae,
946 1334 982 1398 et
1009 1327 1107 1399 valor
1135 1328 1279 1398 eiusad
1298 1383 1412 1398 .....
1438 1350 1575 1399 marcas
1603 1330 1818 1400 aestimatur.

800 1523 803 1531 ,
1188 1448 1396 1521 (1606666.-

605 1568 699 1640 Villa
725 1570 856 1641 habens
875 1569 909 1639 in
930 1589 967 1639 se
985 1570 1216 1659 parochialem
1245 1572 1424 1643 ecclesiam
1450 1571 1609 1661 ligneam,
1636 1571 1763 1643 Sancto
1786 1571 1941 1641 Martiuo
1960 1571 2048 1641 dica-

501 1696 590 1780 tam,
627 1692 723 1761 cuius
759 1691 955 1781 proprietas
982 1691 1026 1760 ad
1052 1692 1303 1763 monasterium
1334 1693 1557 1783 Thpnczense
1593 1671 1754 1782 pertinet.
1798 1693 1839 1762 ln
1867 1714 1937 1781 666
1973 1700 2049 1763 6661

501 1812 592 1882 16661
620 1812 872 1903 66611666166,
908 1812 951 1881 (16
979 1812 1103 1902 quibus
1132 1813 1281 1885 solvitur
1307 1819 1342 1883 et
1370 1814 1575 1884 conducitur
1601 1814 1734 1883 decima
1760 1814 1990 1902 manipularis
2016 1820 2048 1883 et

402 2001 404 2005 ,
503 1933 679 2022 canapalis
706 1954 770 2022 pro
799 1932 943 2003 ecclesia
970 1934 1005 2003 in
1033 1932 1445 2025 Oppathlrouicze,
1472 1941 1508 2005 61
1534 1935 1632 2006 66166
1658 1936 1734 2005 6166
1761 1942 1815 2005 661
1833 1989 1948 2003 .....

943 2053 1089 2124 Woura
1117 2054 1276 2127 Trmours
1304 2056 1646 2149 61166116666666.7

607 2174 701 2247 Villa
728 2175 858 2247 habens
885 2176 1119 2265 parochialem
1147 2176 1326 2247 ecclesiam
1352 2177 1503 2266 ligneam
1530 2178 1566 2247 in
1593 2197 1639 2266 66,
1667 2176 1794 2247 Sancto
1809 2175 1956 2247 Nicolao
1975 2194 2052 2245 con·

503 2295 626 2367 sessori
653 2297 812 2387 dicatam,
840 2297 935 2367 cuius
962 2298 1087 2367 haeres
1115 2296 1286 2388 Nanaylro
1313 2297 1359 2367 W
1366 2298 1689 2387 yeloglowsky
1725 2298 1768 2375 de
1796 2297 1898 2367 domo
1926 2296 2052 2365 Anti·

505 2439 693 2507 666666
720 2417 958 2507 Equorum.
986 2418 1026 2489 In
1046 2438 1114 2508 qua
1132 2423 1213 2489 6661
1232 2420 1356 2508 viginti
1382 2419 1451 2489 duo
1479 2419 1569 2489 lanei
1596 2418 1839 2506 cmethonales,
1867 2417 2051 2506 dequibus

505 2540 662 2610 omnibus
689 2538 837 2610 solvitur
863 2545 899 2610 et
926 2538 1127 2609 conducitur
1154 2540 1287 2610 decima
1313 2540 1538 2629 manipularis
1562 2546 1597 2609 et
1615 2540 1790 2628 canapalis
1816 2560 1881 2628 pro
1901 2537 2050 2626 capitulo

508 2659 744 2749 Cracoviensi,
781 2666 817 2730 61
852 2660 950 2731 66166
986 2660 1060 2731 6166
1096 2662 1302 2731 aestimatur
1337 2660 1382 2731 ad
1409 2661 1602 2751 quindecim
1637 2682 1772 2730 marcas
1807 2666 1844 2729 et
1870 2658 2054 2747 aliquando

505 2781 549 2851 ad
576 2781 719 2870 viginti;
754 2782 836 2853 item
865 2782 1024 2853 scoltetia
1060 2783 1094 2851 in
1123 2782 1243 2852 eadem
1272 2783 1355 2854 villa
1385 2782 1518 2853 habens
1554 2782 1640 2852 duos
1677 2782 1794 2851 laneos
1830 2801 1996 2869 agrorum
2021 2786 2055 2849 et

505 2923 608 2973 unam
635 2903 816 2975 tabernam
844 2904 1028 2975 habentem
1056 2924 1178 2993 agroS,
1215 2903 1257 2975 de
1286 2904 1410 2994 quibus
1438 2901 2055 2989 (1661661666661661666161611666

506 3024 541 3091 iu
570 3021 809 3112 Thymoua
835 3031 871 3095 61
898 3024 995 3094 66166
1023 3025 1097 3095 6166
1126 3025 1331 3095 aestimatur
1358 3024 1402 3095 ad
1429 3024 1515 3095 (1666
1542 3044 1693 3111 666666;
1720 3024 1803 3093 1166
1831 3044 1900 3092 666
1929 3027 1983 3091 661
2009 3020 2056 3091 ibi

506 3144 696 3233 praedium,
723 3165 834 3234 neque
861 3145 1102 3215 molendinum.
1917 3204 1920 3208 J

616 3264 886 3356 1666666666,
923 3266 1006 3338 61116
1042 3266 1105 3338 sub
1133 3268 1299 3357 parochia
1330 3267 1373 3339 (16
1409 3264 1650 3359 Thymoua
1685 3267 1772 3354 sita,
1808 3266 1906 3336 66166
1933 3264 2055 3334 haeres

507 3386 660 3458 loannes
696 3387 917 3477 Nanayko
948 3388 996 3468 ¹de
1028 3388 1129 3459 domo
1165 3389 1473 3479 Antiquorum
1509 3388 1750 3478 Equorum.
1794 3387 1834 3456 Iu
1871 3407 1942 3476 qua
1975 3392 2057 3456 6661

509 3507 768 3597 quatuordecim
794 3508 885 3578 lanei
913 3509 1156 3580 cmetbonales:
1182 3507 1372 3580 fuit'etiam
1391 3510 1562 3600 quondam
1582 3510 1631 3590 ihi
1649 3509 1825 3591 scoltetus
1853 3507 1916 3578 sed
1934 3485 2073 3576 haeres*

509 3649 626 3700 66666
654 3630 855 3720 6661161166,
882 3630 1010 3702 1666611
1037 3632 1177 3723 curiam,
1206 3639 1286 3702 sunt
1304 3634 1410 3702 etiam
1438 3632 1486 3702 ibi
1513 3632 1691 3720 tabernae,
1718 3631 1800 3700 item
1829 3628 2058 3713 hort-ulaniae,

509 3757 544 3824 61
572 3751 614 3821 (16
642 3751 800 3822 66611666
827 3752 920 3842 agris
948 3752 1145 3824 huiusmodi
1180 3757 1250 3822 tam
1277 3753 1551 3824 emethonalibus
1583 3772 1686 3842 quam
1713 3750 1912 3839 curialibus,
1940 3749 2055 3818 taber-

509 3893 573 3942 nae
601 3877 637 3944 et
663 3857 949 3963 hortulaniarum,
977 3874 1122 3946 solvitur
1151 3881 1187 3945 61
1214 3874 1419 3946 conducitur
1437 3874 1569 3945 decima
1586 3873 1811 3962 manipularis
1831 3877 1867 3940 et
1884 3855 2059 3958 canapalis

508 4015 572 4084 pro
600 3995 750 4084 capitulo
778 3993 1007 4085 Cracouiensi,
1034 4001 1070 4066 et
1097 3996 1196 4067 66166
1223 3997 1296 4086 6166
1323 3997 1527 4066 6661166166
1546 3995 1590 4066 ad
1608 3995 1773 4064 tredecim
1801 4013 1946 4062 marcas.
1973 3991 2059 4061 Sunt

508 4119 692 4203 praeterea
718 4115 767 4184 ibi
794 4115 900 4206 aliqui
928 4116 1003 4205 agri
1031 4103 1234 4206 praediales,
1262 4138 1347 4207 quos
1375 4118 1502 4207 partim
1529 4117 1612 4188 colit
1638 4117 1771 4204 haeres,
1812 4114 1940 4203 partim
1970 4131 2059 4206 cure-

510 4235 581 4326 tho,
608 4235 781 4326 aestimati
808 4236 852 4306 ad
880 4237 965 4308 duos
992 4236 1125 4328 laneos,
1154 4238 1197 4307 de
1224 4239 1349 4328 quibus
1377 4238 1569 4310 decimatur
1595 4236 1760 4308 ecclesiae
1787 4242 1824 4304 et
1841 4231 2060 4323 ¹plebanum

511 4357 767 4448 Thymoua,
794 4363 830 4428 61
858 4358 955 4431 66166
982 4359 1055 4430 6166
1083 4359 1127 4430 ad
1155 4359 1241 4431 duas
1268 4379 1402 4432 666666
1430 4360 1644 4431 aestimatur.

1108 4479 1256 4554 Woarn
1282 4480 1479 4553 (1666666.

614 4601 709 4676 Villa
734 4602 966 4694 parochialem
994 4603 1174 4676 666166166
1200 4604 1348 4694 ligneam
1366 4604 1498 4676 habens
1517 4603 1553 4673 in
1571 4623 1617 4693 66,
1645 4600 1792 4672 Sanctae
1810 4599 1946 4702 Mariae
1964 4596 2062 4670 Nati-

511 4727 612 4798 vitati
639 4725 796 4798 dicatam.
824 4725 864 4797 In
883 4747 951 4817 qua
970 4731 1051 4798 6661
1068 4726 1329 4817 quatuordecim
1357 4726 1448 4796 lanei
1475 4724 1718 4812 emethonaleS,
1747 4721 2061 4811 (1666166666-

512 4849 576 4920 bus
612 4849 758 4920 solvitur
793 4854 829 4920 et
864 4849 1067 4922 conducitur
1103 4848 1235 4920 decima
1269 4846 1496 4937 manipularis
1532 4852 1567 4916 et
1599 4845 1774 4934 canapalis
1809 4852 1874 4932 pro
1912 4841 2061 4932 capitulo

512 4970 744 5060 Oraeoriensi3
772 4972 882 5040 66166.
895 4971 993 5042 66166
1021 4971 1064 5042 ad
1092 4969 1272 5040 duodecim
1299 4969 1501 5039 aestimatur
1523 4987 1668 5038 marcas.
1695 4965 1809 5036 Villae
1827 4970 1945 5034 autem
1963 4983 2062 5052 prae-

511 5090 604 5162 fatae
639 5092 763 5163 haeres
800 5098 854 5162 est
889 5092 1058 5181 Nanaplro
1094 5090 1501 5182 Wyolyoglousky
1537 5089 1581 5159 de
1613 5088 1714 5158 domo
1749 5085 2062 5174 Antiquorum

512 5211 761 5304 Equorum,
797 5219 833 5283 61
859 5213 979 5284 661666
1015 5212 1050 5282 16
1087 5209 1463 5302 Gothprzpdowa
1498 5215 1683 5299 patronus:
1719 5207 1803 5277 item
1831 5227 1900 5278 uon
1935 5209 1991 5274 est
2016 5203 2064 5273 ibi

512 5334 691 5422 praedium
719 5334 888 5423 61111666,
924 5333 984 5404 sed
1012 5339 1066 5404 est
1093 5334 1259 5405 scultetus
1295 5333 1428 5405 habens
1455 5331 1542 5402 duos
1577 5322 1729 5428 laneos,
1752 5348 1856 5398 6666
1883 5326 2064 5396 tabernam

515 5461 550 5524 et
575 5456 818 5548 hortulaniam,
845 5456 888 5526 de
915 5456 1040 5547 quibus
1069 5455 1236 5527 decimam
1263 5454 1512 5545 manipularem
1540 5451 1644 5523 solvit
1671 5449 1837 5520 ecclesiae
1864 5444 2064 5518 1611611]-

515 5575 731 5664 przpdou
743 5598 781 5666 a,
808 5577 905 5648 cuius
924 5577 1022 5648 66166
1040 5577 1085 5648 ad
1103 5577 1189 5648 (1666
1207 5595 1341 5646 666666
1360 5577 1572 5645 6661166166.
1599 5572 1686 5642 Item
1705 5570 1850 5640 eeclesia
1868 5569 1904 5638 in
1932 5566 2064 5638 Goth-

515 5695 762 5810 przydopa
787 5697 894 5769 babet
919 5699 968 5770 ibi
995 5717 1099 5788 agros
1126 5703 1163 5768 et
1189 5702 1301 5787 prata,
1326 5716 1391 5786 pro
1414 5717 1478 5768 sua
1504 5694 1713 5768 necessitate
1739 5696 1777 5764 et
1801 5690 1957 5780 praedi03
1982 5689 2065 5763 item
