4550 6600
1749 792 1824 863 401

269 998 313 1065 nt
339 992 574 1084 praemittitur
600 994 787 1081 agerentur
814 995 849 1063 et
875 991 1008 1083 deraret,
1026 1012 1096 1065 nna
1114 1011 1191 1065 eum
1208 994 1480 1084 praenominatis
1498 997 1645 1070 testibus
1662 1018 1827 1087 praesens

270 1114 433 1206 interfui,
460 1134 570 1205 eaque
603 1115 718 1185 omnia
754 1118 789 1186 et
820 1115 960 1206 singula
985 1115 1035 1187 sio
1061 1114 1138 1187 lieri
1164 1116 1246 1188 vidi'
1262 1122 1300 1188 et
1326 1117 1460 1208 audivi,
1487 1114 1634 1211 ideoque
1661 1117 1826 1211 praesens

269 1238 447 1329 publicum
474 1238 741 1309 instrumentum
769 1237 892 1309 exinde
920 1236 1058 1327 confeci,
1086 1242 1122 1309 et
1148 1239 1185 1309 iu
1211 1239 1301 1310 hauc
1326 1240 1500 1330 publicam
1525 1240 1671 1313 formam
1698 1244 1826 1336 redegi,

269 1380 395 1451 meque
422 1359 502 1431 huic
528 1378 631 1431 mann
658 1359 810 1449 propria,
837 1379 906 1430 nna
933 1379 1009 1431 cum
1037 1360 1248 1451 appensione
1274 1361 1466 1451 sigillorum
1494 1362 1648 1453 ipsorum
1671 1365 1826 1438 domino-

269 1503 348 1555 rum
376 1481 635 1571 arbitratorum,
662 1481 871 1573 subscripsi,
899 1502 940 1553 ac
953 1482 1009 1553 -de
1036 1502 1157 1564 eornm
1183 1483 1347 1555 mandato
1375 1484 1590 1576 consignavi,
1617 1491 1762 1577 rogatus
1789 1492 1843 1575 et,

247 1605 479 1703 requisitae,
507 1604 543 1673 in
578 1602 681 1675 fidem
717 1608 753 1675 et
787 1604 1023 1675 testimonium
1057 1605 1209 1676 omnium
1244 1610 1282 1677 et
1307 1606 1521 1695 singulorum
1548 1609 1825 1697 praemissorum.
1942 1594 1948 1605 ’

268 1728 343 1799 Nos
380 1747 464 1798 vero
500 1726 728 1815 Sbigneus
765 1725 946 1816 episeopus
983 1724 1222 1799 Oracouiensis
1257 1730 1485 1819 memoratus,
1512 1730 1697 1802 attendens
1723 1752 1824 1823 prae-

248 1851 396 1921 ·dietam
423 1848 728 1953 compositionem,
743 1846 996 1933 ordinationem
1023 1852 1059 1920 et
1086 1848 1305 1921 concordiam
1331 1870 1410 1921 esse
1435 1850 1505 1922 rite
1531 1855 1567 1922 et
1592 1840 1753 1943 legitime,
1782 1873 1824 1925 ac

267 1992 334 2064 pro
361 1976 462 2061 parte
489 1970 745 2059 praedictarum
773 1969 994 2041 ecclesiarum
1021 1968 1159 2058 factam,
1185 1971 1287 2043 iustis
1314 1991 1434 2043 eornm
1460 1973 1687 2062 petitionibus
1706 1994 1823 2046 asseu-

269 2116 347 2166 snm
374 2092 531 2165 dedimus
558 2095 734 2182 nostrum,
761 2097 797 2163 et
823 2112 1002 2165 assensum
1029 2092 1227 2163 huiusmodi
1254 2112 1406 2185 quoque,
1435 2094 1706 2187 ordinationem,
1734 2117 1825 2170 com-

267 2216 477 2307 positionem
504 2219 541 2285 et
567 2213 795 2303 concordiam,
823 2213 1084 2303 admittendum,
1112 2212 1356 2286 ratificaudnm
1382 2219 1420 2287 et
1437 2216 1707 2289 continuandum
1726 2218 1825 2289 duxi-

266 2359 356 2427 mus,
383 2336 692 2427 praesentibusque
719 2334 755 2407 in
782 2335 847 2406 Dei
874 2336 1013 2407 nomine
1041 2335 1264 2426 admittimus,
1291 2330 1511 2428 ratificamus,
1534 2325 1772 2427 gratificantes
1789 2346 1827 2412 et

265 2461 519 2552 approbamus,
546 2478 587 2529 ac
619 2457 838 2529 auctoritatis
875 2456 1071 2528 ordinariae
1099 2456 1307 2547 interposito
1333 2437 1500 2548 decreto,
1520 2459 1763 2531 confirmamus
1788 2462 1826 2531 iu

266 2582 429 2655 omnibus
465 2579 645 2669 clausulis,
673 2578 928 2680 conditionibus
950 2583 1068 2669 atque
1104 2580 1260 2669 punctis,
1296 2578 1522 2652 decernentes
1556 2600 1633 2652 eam
1667 2574 1826 2654 obtinere
1926 2585 1929 2589 ’
2010 2585 2014 2593 ’

271 2706 381 2776 robur
406 2706 595 2794 perpetuae
621 2700 806 2772 firmitatis.
833 2700 873 2771 ln
901 2720 1048 2792 qnorum
1075 2701 1228 2773 omnium
1254 2706 1292 2773 et
1317 2694 1532 2792 singulorum
1549 2702 1652 2773 tidem
1670 2709 1708 2777 et
1724 2704 1825 2775 testi-

268 2827 424 2899 monium
460 2824 745 2917 praemissorum,
782 2827 982 2913 praesentes
1017 2828 1155 2895 nostros
1191 2823 1332 2914 literas,
1359 2844 1435 2897 sen·
1456 2841 1623 2914 praesens
1648 2824 1825 2915 publicum

262 2951 547 3037 instrumentum,
566 2944 839 3035 ratificationem,
858 2944 1122 3035 ordinationem,
1141 2944 1426 3035 compositionem
1440 2949 1480 3016 'et
1497 2944 1715 3017 concordiam
1733 2947 1825 3019 in‘se

268 3072 512 3159 continentem,
540 3088 602 3140 seu
629 3068 817 3157 continens,
845 3066 969 3138 exinde
996 3066 1081 3156 fieri,
1109 3073 1147 3138 et
1171 3086 1237 3157 per
1258 3066 1430 3140 notarium
1448 3066 1826 3157 publicum-nostrum·

268 3216 338 3285 qne
366 3199 401 3265 et
427 3191 509 3263 facti
536 3190 734 3279 huiusmodi
761 3209 878 3261 coram
904 3189 1004 3260 nobis
1033 3188 1182 3261 scribam
1210 3187 1481 3278 infrascriptum,
1509 3186 1625 3286 scribi,
1651 3190 1826 3269 subscribi

268 3323 307 3388 et
333 3315 503 3408 publicari
538 3312 795 3414 mandavimus,
823 3313 1002 3402 nostrique
1038 3311 1144 3402 sigilli
1179 3311 1391 3401 appensione
1417 3310 1581 3384 iussimus
1607 3312 1822 3383 communiri.

268 3443 398 3512 Datum
426 3444 462 3510 et
488 3441 602 3508 actum
630 3434 969 3524 Sandomiriae,
997 3433 1053 3505 die
1081 3437 1209 3524 quarta
1233 3433 1362 3505 mensis
1388 3433 1542 3524 Aprilis,
1568 3451 1661 3506 anno
1685 3434 1826 3504 Domini

140 3623 145 3632 .
268 3563 452 3635 millesimo
489 3558 827 3650 quadringentesimo
859 3557 1123 3664 quadragesimo
1152 3555 1319 3646 septimo,
1345 3555 1383 3625 in
1409 3555 1512 3627 domo
1539 3557 1826 3647 sanctuariorum,

269 3687 358 3792 bora
384 3683 565 3754 tertiarum
593 3675 651 3753 vel
677 3680 784 3770 qnasi,
810 3679 912 3750 uobis
939 3679 975 3748 in
1004 3677 1052 3750 ibi
1078 3677 1123 3748 ad
1144 3677 1224 3748 iura
1239 3676 1418 3749 reddenda
1435 3697 1500 3766 pro
1517 3677 1685 3748 tribunali
1703 3678 1826 3748 sedmn-

269 3809 385 3896 tibns,
421 3803 663 3896 praesentibus
702 3801 830 3874 ibidem
871 3799 1134 3872 honorabilibus
1169 3803 1206 3870 et
1240 3797 1498 3870 venerabilibus
1533 3798 1619 3869 viris
1636 3803 1641 3812 ’
1658 3797 1825 3869 dominis:

270 3930 440 4020 magistro
466 3927 626 4000 debanna
653 3925 696 3996 de
722 3923 1026 3995 Dambrowka
1052 3921 1273 3993 decretorum
1300 3919 1444 3992 doctore
1469 3920 1506 3990 in
1533 3919 1732 4009 Theologia,
1750 3929 1822 4002 mass
1849 3939 1855 3946 ·

243 4053 383 4146 'gistro
410 4050 529 4122 Sancti
556 4047 710 4120 Floriani
737 4051 837 4118 extra
863 4063 980 4116 muros
1008 4041 1254 4116 Gracorieuses
1279 4046 1316 4114 et
1333 4041 1481 4114 Sanctae
1498 4039 1634 4112 Mariae
1652 4041 1689 4111 in
1707 4040 1826 4132 Kyel-

271 4195 356 4263 cze,
382 4173 541 4246 Johanne
567 4168 804 4258 Dlugosoh
831 4166 973 4240 custode
1000 4165 1259 4256 Wpslieziceusi
1277 4144 1509 4258 Gracouiensi,
1527 4161 1647 4234 Otlna
1673 4167 1825 4253 cantore,

269 4296 431 4368 Joharmo
458 4293 493 4364 iu
521 4292 742 4365 Obrazow
769 4287 918 4379 officiali,
945 4289 1122 4378 magistro·
1140 4286 1165 4359 J
1174 4287 1318 4358 acobo
1349 4284 1571 4357 vicecustode
1596 4289 1633 4355 et
1648 4285 1825 4385 'canonico

271 4417 562 4506 Saudomiriensi,
598 4413 742 4508 Daniele
778 4413 814 4482 iu
849 4411 1078 4482 Thuchow
1112 4414 1149 4480 et
1179 4407 1373 4479 Marco'in
1409 4406 1567 4498 Lanky
1603 4407 1825 4478 eeclesiarum
1921 4449 1925 4453 -

269 4539 520 4634 parochialium
546 4536 751 4625 rectoribus,
779 4533 991 4624 cappellanis
1013 4531 1135 4603 curiae
1162 4535 1314 4620 nostrae,
1340 4528 1489 4600 testibus
1516 4528 1609 4600 circa
1634 4527 1827 4623 praemissa
1906 4570 1908 4573 -

266 4645 405 4734 'vocatis
433 4667 469 4732 et
495 4657 696 4750 specialiter
721 4656 864 4746 rogatis,
900 4654 950 4726 Et
976 4673 1040 4744 ego
1066 4652 1243 4734 Martinus
1271 4651 1353 4723 olim
1379 4649 1612 4722 lobannis
1638 4647 1683 4719 de
1708 4647 1775 4718 Wl
1789 4669 1825 4719 a·

271 4783 490 4872 dislavia,
518 4780 662 4852 clericus
689 4775 990 4849 Wladislauiensis
1018 4775 1205 4863 dioecesis,
1231 4773 1390 4863 publicus
1415 4754 1591 4861 imperiali
1616 4769 1826 4842 auctoritate

270 4905 439 4994 notarius,
466 4903 617 4993 lautique
639 4898 837 4972 huiusmodi
856 4917 971 4970 eoram
990 4894 1334 4968 reverendissimum
1352 4891 1494 4964 Christo
1511 4896 1613 4982 patre
1630 4896 1668 4963 ot
1685 4890 1826 4962 domino

272 5028 473 5117 Sbigneo
500 5025 566 5096 Dei
592 5022 707 5113 gratia
732 5021 894 5111 episcopo
922 5016 1144 5090 Oracouiensi
1170 5016 1294 5105 scriba,
1321 5014 1404 5105 qnia
1430 5012 1686 5103 praedictarum
1704 5012 1824 5086 litera-

270 5130 592 5344 wexhibitioni,
610 5123 893 5235 praesentationi,
911 5119 1145 5228 ratificationi,
1162 5135 1334 5228 petitioni,
1353 5133 1608 5208 confirmationi·
1622 5139 1658 5205 et
1674 5133 1825 5222 decreto,

271 5296 292 5345 a
332 5238 612 5395 suamnibus
639 5271 675 5338 et
701 5264 864 5355 singulis,
890 5261 972 5334 dnm
1000 5261 1051 5332 sic
1077 5264 1117 5332 ut
1143 5258 1381 5351 praemittitur
1413 5246 1609 5348 agerentur
1628 5261 1665 5327 et
1689 5254 1824 5345 fierent,

269 5415 340 5468 una
377 5382 454 5464 cum
489 5387 759 5481 praenominatis
794 5384 954 5457 testibus·
969 5391 1135 5474 praesens
1162 5379 1321 5470 interlui,
1349 5399 1460 5470 eaque
1486 5378 1602 5453 omnia
1627 5382 1665 5448 et
1690 5376 1826 5466 singula

270 5519 320 5589 sic
346 5516 423 5588 lieri
450 5513 522 5585 nidi
549 5517 585 5582 et
610 5509 738 5600 andivi,
757 5503 937 5596 dictasque
956 5505 1278 5595 compositiones‘et
1294 5500 1501 5574 concordiae
1516 5499 1656 5571 litteras
1673 5497 1827 5569 fideliter

167 5687 171 5692 -
268 5640 312 5711 de
348 5637 456 5708 verbo
494 5633 539 5705 ad
574 5632 718 5718 uerbum
757 5627 988 5718 transsumpsi
1028 5631 1065 5698 et
1104 5625 1298 5715 aecopiari,
1334 5623 1383 5694 nil
1418 5621 1601 5711 meando,
1636 5599 1823 5691 minuendo

269 5765 332 5834 ant
360 5755 531 5844 addendo,
560 5753 651 5846 qnod
679 5772 817 5825 sensnm
835 5754 988 5822 mutaret
1018 5743 1080 5820 aut
1110 5747 1265 5820 vomeret
1294 5733 1515 5817 intellectum.
1545 5741 1629 5814 ideo
1659 5730 1825 5832 praessum

378 5925 426 5968 ras.
441 5917 538 5967 aalma.
557 5924 587 5965 ru
693 5966 697 5975 s
1623 5892 1660 5940 51
