4550 6600
1704 766 1780 844 251

221 957 266 1030 ad
294 958 574 1031 sanctimoniales
601 950 762 1051 pertinet.
807 961 847 1032 ln
875 979 944 1053 qua
971 966 1052 1035 sunt
1078 956 1152 1036 tres
1179 965 1269 1038 lanei
1297 970 1544 1062 cmethonales,
1581 973 1665 1045 item
1692 976 1780 1049 scol·

219 1080 309 1153 teti'a
336 1080 466 1151 habens
494 1102 616 1171 agrum
643 1102 704 1153 seu
731 1082 868 1155 laneum
896 1104 1001 1156 unum
1029 1082 1192 1176 liberum,
1219 1088 1263 1159 de
1291 1090 1416 1180 quibus
1443 1094 1603 1166 omnibus
1631 1097 1778 1171 solvitur

218 1206 254 1275 et
281 1200 487 1275 conducitur
514 1202 646 1274 decima
673 1202 898 1295 manipularis
926 1211 962 1278 et
988 1208 1164 1297 canapalis
1191 1230 1255 1298 pro
1283 1211 1430 1283 ecclesia
1457 1214 1493 1285 in
1520 1214 1777 1311 Lauczsko,

219 1322 318 1393 cuius
346 1323 444 1395 valon
470 1323 514 1397 ad
542 1330 691 1414 quatuor
718 1344 852 1405 marcas
880 1325 1094 1399 aestimator.
1121 1328 1210 1399 Item
1229 1336 1284 1401 est
1302 1332 1352 1402 ibi
1370 1353 1439 1405 una
1465 1335 1614 1407 taberna
1640 1340 1777 1413 scolteti

217 1448 254 1515 et
280 1444 528 1534 molendinum3
555 1445 638 1519 item
657 1446 824 1519 scultetus
843 1448 978 1519 ratione
996 1446 1151 1521 decimae
1169 1450 1275 1523 solvit
1293 1453 1442 1543 plebano
1470 1456 1505 1526 in
1532 1457 1777 1535 Lanczsko

218 1586 327 1638 unum
354 1562 525 1639 fertonem
552 1555 742 1640 communis
769 1569 943 1658 pecuniae.

322 1688 496 1778 Bonzow,
526 1689 610 1761 villa
636 1690 701 1761 snb
727 1690 894 1779 parocbia
920 1690 963 1763 de
990 1690 1232 1765 Lanczsko
1259 1695 1346 1784 sita,
1383 1678 1481 1771 cuius
1508 1703 1706 1792 proprietas
1732 1704 1800 1777 ad'

217 1810 498 1883 sanctimoniales
525 1808 779 1883 Sandeczenses
806 1812 968 1902 pertinet.
995 1812 1035 1883 In
1055 1834 1124 1903 qua
1143 1819 1225 1886 sunt
1242 1823 1392 1906 quatuor
1418 1818 1511 1892 lanei
1534 1824 1776 1920 emethonales,
1852 1880 1856 1893 .

216 1932 258 2004 de
286 1932 414 2022 quibus
441 1931 587 2005 solvitur
613 1937 649 2006 et
675 1932 879 2005 conducitur
906 1934 1039 2006 decima
1065 1936 1291 2026 manipularis
1318 1944 1355 2010 et
1380 1943 1558 2031 canapalis
1585 1966 1649 2034 pro
1667 1948 1775 2019 eccle-

216 2054 268 2126 sia
295 2053 332 2123 in
362 2053 621 2145 Lanczslro,
657 2054 754 2126 cuius
781 2055 880 2129 valor
915 2056 959 2127 ad
987 2061 1137 2148 quatuor
1172 2077 1307 2129 marcas
1333 2062 1546 2135 aestimatur.
1590 2066 1678 2137 Item
1706 2090 1775 2140 non
1838 2142 1841 2147 ,

216 2178 297 2247 sunt
315 2176 494 2265 tabernae,
513 2195 582 2248 uon
597 2181 679 2249 sunt
695 2177 925 2267 hortulaniae,
945 2197 1056 2267 neque
1074 2177 1321 2270 molendinum,
1343 2182 1428 2253 item
1447 2186 1608 2287 scoltetia
1625 2208 1694 2261 non
1712 2196 1775 2262 est.

197 2394 200 2401 γ
319 2295 619 2389 Wrnrnznrcmt,
646 2297 730 2370 villa
756 2298 820 2369 sub
847 2300 1014 2389 parochia
1041 2299 1084 2370 de
1111 2298 1355 2375 Lanczsko
1382 2306 1465 2396 sita,
1493 2307 1590 2378 cuius
1617 2312 1774 2400 proprie-

215 2425 269 2491 tas
296 2418 344 2490 ad
373 2418 651 2491 sanctimoniales
678 2418 932 2493 Sandeczenses
968 2422 1131 2512 pertinet.
1155 2420 1217 2501 ,lu
1245 2430 1392 2513 quaest
1419 2448 1508 2499 uuus
1535 2432 1773 2504 tautummodo

216 2540 350 2631 laneus;
377 2541 460 2613 item
487 2546 541 2613 est
566 2542 615 2613 ibi
642 2542 801 2614 scoltetia
827 2543 959 2615 habens
987 2564 1092 2615 unum
1119 2544 1258 2615 laneum
1276 2545 1431 2638 liberum,
1460 2549 1502 2620 de
1521 2551 1647 2641 quibus
1665 2556 1774 2625 omni·

215 2662 278 2735 bus
305 2663 457 2735 solvitur
482 2669 519 2736 et
545 2646 749 2737 conducitur
776 2665 908 2737 decima
934 2665 1161 2755 manipularis
1187 2670 1223 2737 et
1250 2668 1428 2759 canapalis
1454 2671 1619 2743 ecclesiae
1647 2679 1683 2746 ct
1699 2675 1772 2765 ple-

214 2784 303 2857 bano
331 2784 371 2855 in
398 2784 658 2876 Lanczsko,
684 2792 721 2858 et
747 2785 846 2858 valor
872 2788 947 2859 eins
974 2787 1180 2859 aestimatur
1206 2786 1251 2859 ad
1277 2808 1382 2861 unam
1399 2810 1560 2865 marcam.
1587 2794 1676 2865 Item
1702 2817 1772 2866 nou

215 2912 294 2979 sunt
321 2904 375 2979 ibi
403 2906 588 2997 tabernae,
626 2926 737 2999 neque
773 2908 1012 2997 hortulaniae3
1048 2908 1132 2979 item
1169 2909 1335 2982 scultetus
1362 2910 1532 2985 decimam
1558 2916 1770 3006 pecunialem

216 3029 318 3101 solvit
349 3028 496 3120 plebano
524 3029 559 3100 in
587 3028 829 3101 Lauczsko
856 3049 918 3101 sex
943 3048 1095 3120 grossos.

317 3148 573 3233 Prsznucrna
600 3148 763 3241 Wonrn,
799 3150 883 3223 villa
909 3151 974 3224 sub
1001 3150 1168 3241 parochia
1203 3150 1247 3222 de
1282 3150 1524 3227 Lanczsko
1551 3158 1637 3246 sita,
1675 3159 1772 3230 cidus

216 3272 414 3365 proprietas
442 3276 479 3345 et
505 3272 693 3347 dominium
720 3271 765 3346 ad
792 3272 1071 3346 sanctimoniales
1108 3270 1284 3364 praefatas
1319 3275 1481 3364 pertinet.
1525 3277 1565 3349 ln
1596 3301 1665 3368 qua
1690 3284 1774 3352 sunt

215 3396 366 3486 quinque
392 3395 483 3466 lanei
510 3395 750 3486 emethonales,
778 3395 965 3487 dequibus
992 3395 1151 3467 omnibus
1177 3394 1326 3467 solvitur
1351 3401 1388 3467 et
1414 3399 1620 3470 conducitur
1637 3399 1771 3471 decima

214 3517 441 3609 manipularis
468 3521 505 3590 et
530 3517 705 3608 canapalis
731 3537 794 3608 pro
822 3517 1024 3608 episcopatu
1050 3514 1291 3607 cracoviensi,
1319 3522 1356 3588 et
1382 3519 1481 3590 valor
1507 3520 1582 3615 eins
1609 3522 1771 3596 aestima-

215 3643 271 3712 tur
298 3640 345 3711 ad
373 3621 525 3730 quinque
560 3659 704 3711 marcas.
748 3639 837 3711 Item
864 3640 913 3711 ibi
947 3659 1016 3710 non
1044 3643 1098 3710 est
1123 3637 1322 3728 praedium3
1359 3639 1525 3712 scultetus
1553 3648 1608 3712 est
1639 3643 1707 3731 ibi,
1735 3649 1772 3713 ct

215 3761 319 3834 solvit
346 3761 484 3833 ratione
511 3761 663 3833 decimae
690 3761 838 3852 plebano
865 3762 901 3832 in
929 3760 1170 3832 Lanezslro
1198 3764 1277 3832 octo
1302 3777 1444 3847 grossos
1472 3781 1679 3832 communes.

316 3883 564 3956 Kosrunowa
591 3883 755 3972 Woorn,
792 3882 874 3954 villa
909 3883 973 3954 sub
1000 3882 1167 3972 parocbia
1201 3881 1245 3952 de
1271 3880 1515 3953 Lauczsko
1550 3883 1636 3972 sita,
1673 3884 1771 3963 cuius

217 4005 415 4078 haereditas
443 4004 488 4077 ad
515 4005 792 4077 sanctimoniales
819 4005 980 4095 pertinet.
1006 4003 1047 4074 In
1076 4025 1145 4094 qua
1167 4008 1249 4075 sunt
1276 4003 1426 4093 quinque
1453 4003 1545 4075 lanei
1572 4005 1770 4106 emethona-

216 4126 275 4218 leS,
302 4127 346 4199 de
376 4127 500 4218 quibus
537 4125 684 4203 solvitur
711 4131 747 4198 et
773 4125 977 4198 conducitur
1012 4125 1146 4222 decima
1181 4124 1407 4215 manipularis
1442 4130 1479 4197 et
1505 4126 1679 4216 carrapalis
1706 4147 1770 4215 pro

217 4249 417 4340 episcopatu
444 4248 675 4338 cracoviensi,
705 4247 802 4320 cuius
829 4247 928 4321 valor
955 4247 998 4318 ad
1026 4247 1177 4339 quinquo
1205 4268 1340 4319 marcas
1367 4248 1583 4319 aestimatur.
1610 4248 1697 4319 Item
1716 4255 1771 4318 est

217 4371 263 4442 ibi
289 4369 461 4461 scultetis,
488 4371 621 4443 habens
648 4391 752 4443 unum
779 4371 917 4442 laneum
944 4369 1100 4460 liberum,
1128 4369 1171 4441 de
1189 4369 1288 4442 cuius
1306 4370 1401 4460 agris
1420 4369 1553 4441 decima
1579 4369 1769 4459 pecunialis

216 4491 315 4565 datur·
341 4495 421 4565 octo
447 4511 588 4583 grossos
614 4492 762 4584 plebano
789 4513 863 4580 suo;
889 4491 973 4564 item
999 4491 1181 4582 praedium
1198 4513 1268 4564 non
1286 4497 1340 4564 est
1358 4491 1420 4582 ibi,
1448 4492 1532 4563 item
1548 4491 1767 4579 tabernae...,

217 4613 297 4686 item
324 4613 574 4687 hortulaniae...

317 4735 512 4827 Krcznrn,
540 4735 622 4808 villa
649 4735 713 4808 sub
740 4733 906 4826 parochia
933 4735 976 4806 de
1003 4733 1245 4807 Lanczsko
1272 4734 1351 4824 sita,
1377 4733 1475 4805 cuim
1501 4732 1699 4822 proprietas
1724 4730 1770 4802 ad

219 4857 495 4930 sanctimoniales
522 4857 683 4948 pertinet.
710 4857 749 4930 ln
774 4877 842 4948 qua
868 4863 950 4928 sunt
977 4855 1171 4947 quindecim
1199 4855 1292 4926 lanei
1310 4854 1554 4942 emethonales,
1581 4852 1770 4942 dequibus

220 4979 364 5052 solvitur
391 4985 427 5084 et
454 4979 658 5053 conducitur
685 4980 817 5051 decima
844 4977 1068 5069 manipularis
1092 4983 1127 5049 et
1145 4977 1321 5068 canapalis
1348 4977 1510 5066 episcopo
1537 4974 1791 5060 cracoviensi.

219 5101 298 5174 item
327 5108 381 5174 est
407 5103 456 5174 ibi
483 5101 650 5175 scultetus
687 5101 818 5174 habens
853 5121 957 5172 uuum
993 5100 1131 5170 laneum
1158 5099 1326 5188 liberum,
1361 5097 1499 5187 dequo
1527 5096 1678 5167 decimat
1705 5114 1767 5165 suo

220 5223 364 5314 plebano
391 5223 427 5294 in
454 5223 692 5296 Lanczsko
729 5223 893 5314 pecunia,
928 5220 1089 5294 videlicet
1124 5224 1202 5293 octo
1228 5219 1378 5311 grossis:
1413 5219 1498 5290 item
1534 5223 1587 5289 est
1622 5217 1671 5287 ibi
1699 5235 1768 5287 nna

220 5345 362 5418 taberna
389 5345 535 5436 scolteti,
563 5346 647 5418 item
674 5367 763 5418 unus
790 5343 995 5417 hortulanus
1022 5349 1059 5415 et
1085 5341 1328 5416 molendinum.

321 5465 564 5558 Zawarnnn,
591 5466 674 5539 villa
701 5467 764 5539 sub
791 5465 958 5558 parochia
985 5465 1028 5536 de
1055 5464 1298 5536 Lanczsko
1325 5462 1413 5552 sita,
1450 5460 1547 5531 cuius
1573 5439 1770 5550 proprietas

221 5587 370 5677 pertinet
397 5589 441 5661 ad
468 5589 747 5664 sanctimoniales
775 5587 1009 5680 Antiquae
1038 5585 1254 5658 Sandecz.
1289 5583 1329 5656 In
1357 5601 1426 5675 qua
1452 5587 1534 5654 sunt
1559 5580 1652 5652 lanei
1679 5599 1770 5651 eme-

222 5707 376 5787 thonales
404 5716 561 5808 quatuor,
589 5711 631 5791 de
659 5731 805 5812 quorum
832 5715 932 5810 parte
961 5709 1096 5804 minori,
1125 5707 1259 5786 decima
1279 5705 1504 5803 manipularis
1532 5708 1569 5781 et
1595 5701 1770 5798 canapalis
