4550 6600
1745 786 1819 857 567
1884 827 1890 837 ·

265 984 365 1057 amus
390 982 489 1055 valor
515 982 560 1055 ad
587 1004 649 1055 sex
675 1003 818 1056 marcas.
857 985 898 1057 ln
925 1006 1185 1077 recompensam
1212 990 1328 1061 autem
1354 989 1507 1061 decimae
1534 991 1724 1082 canapalis,
1752 993 1820 1065 sol-

264 1105 319 1175 vit
354 1103 502 1194 quilibet
537 1124 601 1195 pro
627 1104 776 1194 plebano
813 1110 965 1196 quatuor
989 1107 1110 1197 gallos.
1159 1108 1247 1181 Item
1274 1131 1343 1183 non
1371 1116 1425 1183 est
1451 1111 1498 1184 ibi
1526 1113 1724 1205 praedium,
1751 1136 1820 1189 non

265 1228 349 1298 sunt
374 1225 605 1315 hortulanirce,
631 1246 702 1297 non
729 1228 1015 1312 sunt‘tahernae.

370 1346 647 1439 Lrusscanwm
683 1347 767 1419 villa
793 1348 857 1421 suh
883 1330 1050 1439 parochia
1081 1349 1124 1422 de
1151 1349 1358 1422 Coczslco
1386 1352 1471 1444 sita,
1499 1356 1596 1426 cuius
1623 1356 1820 1465 proprietas

263 1467 312 1539 ad
338 1468 537 1558 episcopum
563 1466 786 1543 Ploczeusem
812 1470 975 1559 pertinet.
1014 1472 1054 1543 In
1077 1493 1146 1563 qua
1173 1478 1255 1545 sunt
1282 1478 1431 1563 quatuor
1458 1474 1549 1547 lanei
1577 1478 1819 1550 amethonales.

263 1589 353 1661 Item
381 1594 436 1659 est
470 1587 519 1660 ihi
545 1588 707 1661 scoltetia
741 1590 873 1663 hahens
908 1591 996 1665 duos
1022 1592 1142 1665 laneos
1170 1614 1351 1685 agrorum,
1383 1601 1419 1665 et
1445 1618 1550 1669 cunum
1578 1598 1820 1689 molendinum,

263 1709 310 1783 de
336 1710 462 1800 quibus
488 1708 647 1783 omnihus
679 1710 828 1783 solvitur
864 1718 901 1783 et
936 1713 1141 1785 conducitur
1177 1714 1311 1787 decima
1346 1716 1571 1807 manipularis
1607 1720 1820 1810 episcopatui

264 1830 507 1920 Gracoviensi,
543 1832 640 1903 cuius
667 1832 766 1904 valor
800 1833 1006 1905 aestimatur
1041 1835 1087 1907 ad
1113 1841 1263 1926 quatuor
1298 1857 1442 1909 marcas.
1487 1839 1527 1911 In
1562 1858 1819 1931 recompensam

264 1957 381 2025 autem
409 1953 562 2026 decimae
590 1955 776 2045 canapaIIs,
804 1951 909 2027 solvit
935 1956 1082 2045 quilibet
1108 1947 1272 2049 episcopo
1298 1964 1445 2049 quatuor
1471 1961 1592 2051 gallos.
1636 1962 1726 2034 Item
1752 1984 1819 2035 non

264 2079 321 2147 eat
346 2074 395 2147 ihi
422 2076 621 2166 praedium,
648 2096 761 2167 neque
787 2077 963 2168 tabernac,
991 2099 1104 2169 neque
1129 2078 1358 2151 hortulaniae.

371 2195 686 2270 Tuancaawrezn
713 2194 939 2272 Gsornours
958 2248 1181 2272 .........

370 2316 568 2393 Grszrcza
586 2372 808 2393 .........

372 2436 594 2513 Sucoscaru
611 2494 832 2513 .........

372 2558 654 2637 Sanouowrcnm
673 2616 867 2635 ........

371 2680 632 2757 Sxaomowsn
657 2682 805 2759 Wourn
823 2740 831 2755 .
850 2738 858 2756 .
876 2739 884 2757 .
958 2741 966 2757 .
985 2741 992 2757 .
1011 2740 1043 2764 .,

370 2804 606 2879 Lurowraez
625 2860 820 2877 ........

371 2926 633 3002 Racaowrcza
652 2984 660 2999 .
679 2984 686 2999 .
706 2919 724 2999 .’
732 2982 874 3001 ......

596 3114 604 3129 ,
964 3050 1119 3125 Lunour.

371 3170 544 3262 Oppidum
562 3172 695 3245 hahens
712 3172 893 3245 ecclesiam
911 3172 1145 3263 parochialem
1163 3172 1312 3265 ligneam
1330 3174 1366 3245 in
1386 3194 1441 3263 se,
1469 3174 1654 3246 Nativitnti
1671 3174 1820 3247 Sanctae

265 3292 402 3365 Mariae
430 3293 591 3385 dIcatam,
617 3296 714 3367 euius
741 3295 939 3386 proprietas
966 3293 1011 3368 ad
1037 3286 1489 3369 serenissimumPoloniae
1515 3318 1633 3388 regam
1660 3299 1821 3387 pertinet.

115 3513 125 3526 Ι
266 3415 318 3487 In·
334 3437 403 3506 quo
429 3421 511 3488 sunt
538 3471 678 3487 ......
703 3417 794 3489 Item
829 3417 997 3507 plebanus
1033 3417 1140 3490 hahet
1170 3417 1220 3490 ihi
1246 3417 1407 3508 proprios
1434 3439 1537 3508 agros
1568 3419 1722 3534 liberos,
1758 3439 1820 3508 pro
1905 3474 1923 3519 s.
2059 3437 2061 3444 ·

267 3557 331 3610 suo
357 3559 423 3609 usu
449 3543 486 3613 ct
512 3539 701 3612 necessitat
739 3591 855 3609 .....
868 3564 881 3609 ·.
901 3591 938 3608 ..

937 3657 1150 3732 Onoraczn.

371 3779 468 3852 Villa
492 3781 625 3853 habens
660 3781 697 3853 in
724 3801 763 3853 se
793 3779 974 3853 ecclesiam
1009 3779 1241 3869 parochialem
1269 3779 1435 3871 ligneam,
1472 3780 1619 3854 Sanctae
1656 3781 1821 3854 Trinitnti

267 3902 428 3993 dicatam,
455 3903 552 3974 cuius
578 3902 748 3974 haeredes
771 3899 901 3974 Paulus
929 3901 1224 3993 Ghoteczsky
1251 3901 1413 3974 dedomo
1440 3901 1679 4002 Nabra„et
1706 3957 1822 3978 .....

267 4024 312 4097 de
339 4025 441 4096 domo
466 4023 607 4096 Itawa
646 4025 687 4095 ln
707 4045 775 4115 qua
802 4030 884 4096 sunt
910 4024 1002 4096 lanei
1029 4023 1280 4114 emethonales,
1307 4023 1494 4116 dequibus
1514 4025 1662 4098 solvitur
1688 4032 1724 4098 et
1742 4047 1823 4099 eon·

267 4145 406 4251 ducitur
432 4145 566 4218 dealma
582 4145 809 4236 manipularis
835 4166 900 4236 pro
918 4131 1129 4234 monasterio
1148 4143 1295 4216 Sanctae
1314 4144 1453 4236 Crucis,
1481 4146 1577 4218 cuius
1595 4148 1693 4220 valor
1720 4149 1823 4220 aesti-

266 4273 384 4340 matur
409 4268 455 4340 ad
473 4288 532 4340 sex
560 4287 705 4340 marcas.
744 4267 832 4339 Item
860 4273 914 4344 est
940 4267 990 4339 ibi
1016 4288 1122 4338 unum
1149 4266 1329 4356 praedium
1355 4267 1586 4360 militare,'de
1605 4271 1702 4342 euius
1729 4271 1823 4361 agris

264 4390 458 4462 dealmatur
492 4389 658 4462 conlectae
693 4390 730 4461 in
756 4388 1003 4462 Ghothcza.
1054 4387 1143 4460 Item
1178 4389 1228 4462 ibi
1259 4389 1406 4462 ecclesia
1441 4393 1477 4461 et
1515 4391 1681 4480 plebanus
1717 4392 1823 4464 hahet

265 4533 371 4605 agros
397 4514 557 4603 proprios
575 4511 705 4584 liberos
731 4497 768 4583 et
785 4516 900 4603 prata,
927 4531 991 4602 pro
1009 4531 1073 4584 suo
1100 4531 1166 4582 usu
1185 4515 1223 4583 et
1249 4513 1466 4584 necessitate.
1506 4511 1594 4583 Item
1622 4511 1820 4602 notandum,

126 4700 138 4712 .
268 4633 362 4724 quod
389 4633 535 4705 ecclesia
569 4634 606 4704 in
632 4632 781 4705 Sanno
813 4632 912 4723 prius
937 4632 1014 4703 iure
1040 4631 1232 4723 parochiali
1260 4631 1305 4704 ad
1340 4631 1519 4704 ecclesiam
1556 4632 1592 4703 in
1619 4631 1821 4704 Ghotecz

265 4755 483 4845 pertiuehat,
519 4760 641 4845 postea
675 4775 759 4829 vero
796 4773 839 4825 ex
859 4753 943 4844 Illa,
978 4759 1145 4844 tanquam
1172 4774 1214 4826 ex
1241 4753 1407 4843 matrice,
1434 4752 1579 4825 ecclesia
1605 4753 1641 4824 in
1669 4752 1817 4826 Sanno

166 4861 170 4866 ’
266 4875 413 4948 fundata
439 4882 513 4966 est,
539 4875 661 4948 dotata
687 4880 723 4948 et
748 4880 894 4947 murata.

372 4998 572 5087 Zanazow,
603 4997 687 5068 villa
714 4997 778 5069 sub
797 4997 962 5087 parochia
979 4997 1146 5069 ecclesiae
1175 4997 1217 5068 de
1237 4995 1478 5070 Chothcza
1506 4997 1592 5089 sita,
1620 4997 1717 5070 cuius
1743 5018 1824 5088 pro·

267 5120 400 5211 prietas
427 5119 471 5190 ad
498 5119 745 5191 monasterium
782 5119 930 5191 Sanctae
958 5118 1079 5192 Crucis
1116 5119 1249 5191 Calvi
1280 5117 1458 5191 Montis
1475 5119 1648 5211 pertinet.
1688 5119 1728 5190 lu
1756 5139 1824 5211 qua

265 5247 351 5313 sunt
386 5245 520 5331 septem
554 5241 645 5312 lanei
682 5241 934 5330 emethonales,
969 5241 1166 5332 dequibus
1202 5241 1349 5313 solvitur
1385 5247 1421 5314 et
1448 5241 1652 5314 conducitur
1689 5239 1821 5313 decima

266 5362 494 5454 manipularIs
530 5369 566 5433 et
601 5362 776 5453 canapalis
810 5383 875 5452 pro
911 5363 1122 5435 monasterio
1159 5363 1316 5453 praefato
1353 5361 1502 5435 Sanctae
1537 5361 1658 5436 Crucis
1686 5361 1822 5435 Calvi

266 5483 463 5575 Montis,
491 5485 588 5557 cuius
614 5485 714 5556 valor
740 5486 944 5557 aestimatur
971 5484 1016 5556 acl
1043 5485 1194 5576 quinque
1220 5505 1364 5557 marcas.

372 5606 742 5697 Ilaronrmownezn,
760 5607 844 5678 villa
862 5607 926 5679 suh
941 5607 1106 5698 parochIa
1123 5607 1288 5680 ecclesiae
1308 5605 1351 5678 da
1370 5604 1606 5678 Chothaza
1624 5607 1707 5697 sita,
1725 5607 1822 5679 cuius

266 5727 479 5820 proprietas
493 5728 537 5800 ad
564 5729 821 5801 serenissimum
849 5716 1013 5801 Poloniae
1045 5748 1162 5819 regem
1196 5727 1359 5819 pertinet.
1398 5727 1438 5798 ln
1465 5747 1534 5820 qua
1561 5733 1643 5800 suut
1670 5732 1820 5819 quatuor
