4550 6600
512 742 586 821 214

511 951 643 1027 decima
673 951 800 1025 ibidem
827 972 891 1043 pro
918 952 1066 1043 plebano
1094 952 1129 1024 in
1157 951 1471 1045 Sczekoczpn,
1499 956 1535 1023 11
1561 952 1663 1025 valor
1686 951 1760 1023 eius
1787 948 1990 1023 aestimatur
2014 950 2058 1023 ad

510 1079 659 1164 quatuor
685 1094 828 1145 marcas.
848 1075 943 1145 Item
971 1080 1025 1145 est
1050 1074 1099 1145 ibi
1126 1095 1232 1148 unum
1259 1074 1439 1165 praedium
1466 1074 1627 1163 militare,
1654 1073 1698 1144 de
1725 1075 1822 1157 cuius
1848 1073 1943 1163 agris
1969 1072 2057 1143 deci·

509 1199 623 1267 matur
650 1216 713 1287 pro
741 1195 886 1267 ecclesia
914 1217 977 1267 sua
1003 1194 1151 1284 ibidem;
1177 1196 1262 1266 item
1289 1195 1435 1267 ecclesia
1461 1201 1498 1266 et
1523 1195 1693 1286 plebanus
1710 1193 1817 1266 babet
1833 1194 1882 1265 ibi
1900 1194 2056 1285 proprios

509 1335 613 1407 agros
639 1316 769 1387 liberos
795 1320 831 1389 11
856 1322 968 1407 prata,
996 1338 1059 1406 pro
1087 1336 1150 1387 suo
1177 1337 1253 1406 usu,
1277 1316 1420 1406 praedio
1448 1321 1485 1386 et
1510 1316 1727 1387 necessitate.

613 1437 858 1526 Bunowuczu,
886 1438 970 1509 villa
996 1438 1059 1510 sub
1087 1438 1254 1529 parochia
1271 1437 1313 1508 de
1340 1436 1628 1509 Sczekoezin
1655 1436 1732 1526 sita,
1749 1436 1846 1507 cuius
1864 1435 2057 1525 proprietas

378 1642 390 1651 ,
510 1559 555 1631 11
582 1558 862 1657 sanctimoniales
890 1557 1008 1630 Sancti
1035 1557 1199 1629 Andreae
1225 1558 1261 1629 in
1289 1555 2057 1648 (11111111111111111111111111111-

446 1720 451 1725 ·
508 1679 700 1751 tuordecim
726 1679 819 1751 lanei
845 1680 1097 1771 cmethonales,
1126 1679 1169 1751 de
1195 1679 1319 1770 quibus
1355 1679 1503 1752 soluitur
1529 1679 1660 1750 decima
1685 1699 1749 1771 pro
1776 1677 1906 1774 eisdem
1931 1678 2058 1749 monia-

509 1800 608 1891 libus,
636 1805 672 1873 et
698 1800 797 1873 valor
823 1800 897 1873 eius
924 1800 968 1871 ad
996 1805 1127 1892 septem
1154 1820 1290 1874 marcas
1316 1801 1528 1871 aestimatur.
1554 1800 1642 1871 Item
1669 1806 1724 1870 est
1740 1799 1790 1870 ibi
1807 1800 1999 1889 praedium,
2016 1798 2055 1869 de

421 1901 432 1921 ⁸
510 1943 577 2013 quo
604 1922 708 1993 etiam
735 1922 926 1993 decimatur
952 1942 1016 2013 pro
1044 1921 1174 1994 eisdem
1200 1921 1417 2010 neumatibus,
1444 1926 1480 1993 et
1505 1921 1604 1993 valor
1631 1922 1705 1991 eius
1731 1920 1777 1990 ad
1803 1920 1951 1991 mediam
1969 1940 2055 1989 mar·

509 2062 584 2113 cam
611 2044 825 2115 aestimatur.
851 2044 939 2115 Item
967 2048 1020 2115 est
1046 2043 1095 2115 ibi
1122 2042 1281 2113 scoltetia
1306 2022 1439 2114 babens
1466 2024 1553 2115 duos
1578 2041 1715 2132 laneos,
1738 2041 1786 2115 de
1814 2041 1939 2134 quibus
1966 2040 2053 2115 deci·

490 2170 624 2237 matur
652 2166 815 2239 ecclesiae
833 2166 868 2235 in
897 2164 1234 2256 Sezehoezyny.

530 2270 535 2279 ’
613 2286 824 2378 Gnnnrnoz,
851 2286 935 2359 villa
961 2287 1025 2359 sub
1052 2285 1219 2377 parochia
1242 2284 1289 2390 ‚de
1316 2285 1603 2358 Sczekoczin
1630 2286 1715 2375 sita,
1742 2285 1840 2357 cuius
1867 2284 2057 2374 proprietas

510 2412 564 2481 est
591 2408 903 2481 sanctimonialium
931 2407 1049 2510 Sancti
1076 2406 1248 2479 Andreae.
1274 2407 1315 2477 In
1342 2426 1410 2497 qua
1436 2412 1518 2479 sunt
1544 2411 1677 2497 septem
1703 2407 1796 2477 lanei
1822 2404 2057 2493 cmethonales,

510 2528 553 2601 de
581 2529 705 2619 quibus
733 2530 890 2602 omnibus
918 2528 1050 2601 decima
1076 2549 1140 2618 pro
1167 2527 1298 2599 eisdem
1325 2528 1542 2617 monialibus,
1568 2532 1605 2599 11
1631 2527 1730 2599 valor
1756 2528 1831 2599 eius
1858 2526 2058 2597 aestImatur

510 2649 553 2721 ad
581 2670 642 2721 sex
667 2668 812 2721 marcas.
839 2651 927 2721 Item
953 2624 1120 2721 scblnecus
1140 2650 1183 2721 de
1209 2650 1491 2741 Bunowy'cze
1517 2649 1625 2721 habet
1641 2649 1677 2719 in
1696 2645 1934 2738 Grabyecz
1958 2668 2058 2717 unam

509 2771 690 2843 tabernam
716 2772 901 2843 habentem
928 2792 1040 2863 agros,
1069 2792 1158 2862 quae
1185 2771 1335 2842 decimat
1360 2791 1425 2861 pro
1452 2769 1599 2841 ecclesia
1624 2769 1660 2839 in
1687 2768 2000 2840 Sczekoczini

612 2891 838 2983 Rnscrurow,
865 2892 949 2963 villa
975 2893 1039 2964 sub
1066 2892 1231 2982 parochia
1257 2891 1300 2961 de
1327 2890 1437 2980 Slup
1465 2891 1543 2979 sita,
1570 2890 1669 2961 cuius
1685 2888 1854 2961 haeredes
1871 2888 2053 2977 lohannes,

509 3012 635 3085 Petrus
662 3018 698 3086 11
725 3013 888 3085 Nicolaus
916 3012 959 3084 de
985 3012 1086 3085 domo
1114 3011 1432 3084 Odrowansch.
1457 3012 1499 3083 In
1526 3032 1595 3101 qua
1621 3016 1702 3082 sunt
1719 3010 1844 3101 viginti
1861 3010 2054 3081 11111111-

508 3154 551 3204 us
578 3134 813 3224 cmethonaIIs,
840 3132 883 3204 de
912 3133 1035 3223 quibus
1063 3133 1255 3205 decimatur
1276 3134 1539 3225 praepositurae
1557 3131 1786 3221 cracoviensi,
1805 3137 1842 3201 et
1859 3132 2055 3203 aestimatur

510 3252 555 3327 ad
582 3254 776 3345 quindecim
811 3273 954 3326 marcas.
989 3255 1078 3326 Item
1106 3260 1187 3326 sunt
1220 3253 1270 3327 ibi
1298 3234 1365 3327 duo
1393 3254 1537 3346 praedia
1563 3259 1599 3326 et
1624 3253 1714 3326 dnae
1740 3253 1858 3324 curiae
1884 3253 2054 3342 militares,

509 3374 726 3466 pertinentes
753 3376 829 3445 iure
855 3375 1046 3464 parochiali
1073 3377 1117 3448 ed
1136 3377 1316 3448 ecclesiam
1333 3377 1370 3446 in
1397 3376 1716 3464 Senekocziui,
1742 3375 1786 3446 de
1805 3395 1949 3464 quorum
1968 3375 2055 3463 agris

511 3494 703 3568 decimatur
738 3495 903 3570 eeclesiae
936 3497 971 3570 in
999 3495 1295 3588 Sczekocini,
1323 3501 1358 3568 11
1384 3496 1483 3572 valor
1510 3498 1585 3570 eius
1612 3497 1816 3568 aestimatur
1842 3495 1887 3566 ad
1913 3479 2055 3588 quatuor

514 3636 676 3712 marcas„

615 3739 785 3830 Wuwun,
812 3741 896 3812 villa
922 3741 986 3814 sub
1012 3741 1179 3832 parochia
1205 3740 1248 3811 de
1276 3739 1557 3811 Sczehoczin
1585 3739 1662 3827 sita,
1689 3739 1786 3810 cuius
1804 3739 1927 3810 haeres
1946 3737 2055 3808 Steni-

512 3863 605 3932 slaus
640 3861 847 3934 Kosczen
884 3862 926 3934 de
962 3862 1063 3933 domo
1100 3860 1405 3951 Accipitrum.
1440 3861 1481 3931 In
1509 3881 1577 3951 qua
1602 3859 1694 3930 lanei
1721 3860 1955 3932 cmethonales
1981 3863 2056 3930 sunt

404 4044 413 4060 .
508 3981 698 4072 duodecim,
725 3982 768 4054 de
795 3983 920 4073 quibus
948 3983 1081 4056 decima
1107 3982 1256 4054 solvitur
1283 4002 1347 4072 pro
1374 3983 1618 4072 praepositura
1644 3979 1875 4069 Gracoviensi,
1902 3985 1939 4051 et
1964 3979 2056 4051 valor
2131 4051 2137 4066 ,

510 4104 584 4174 eius
620 4103 825 4174 aestimatur
852 4103 898 4174 ad
934 4103 1052 4174 decem
1088 4122 1231 4173 marcas.
1273 4102 1363 4174 Item
1399 4108 1455 4173 est
1489 4103 1539 4174 ibi
1573 4123 1678 4173 unum
1714 4102 1895 4192 praedium
1931 4107 1968 4172 et
1992 4121 2057 4171 una

509 4217 656 4295 11111111
681 4223 813 4294 habens
840 4245 953 4314 agros,
981 4224 1023 4296 de
1051 4224 1176 4315 quibus
1203 4225 1298 4314 agris
1317 4223 1452 4295 decima
1468 4244 1533 4314 pro
1552 4223 1696 4296 ecclesia
1714 4223 1750 4294 in
1777 4222 2057 4294 8111111111

509 4345 666 4434 solvitur,
693 4349 729 4415 et
755 4344 854 4416 valor
880 4345 954 4416 eius
982 4344 1027 4415 ad
1052 4351 1127 4416 tres
1154 4366 1289 4417 marcas
1316 4345 1531 4416 aestimatur.

611 4464 820 4547 Wsenown,
847 4465 931 4538 villa
957 4467 1020 4538 sub
1048 4466 1214 4557 parochia
1231 4467 1274 4539 de
1293 4465 1574 4538 Sczehoczin
1601 4466 1679 4555 sita,
1697 4467 1795 4537 cuius
1813 4466 1937 4538 haeres
1955 4465 2057 4557 Pye-

506 4611 528 4660 n
538 4587 683 4678 11111
709 4587 752 4658 de
779 4586 880 4658 domo
908 4585 1129 4659 Odrowan
1142 4588 1229 4667 seh.
1255 4588 1297 4659 In
1316 4607 1385 4677 qua
1403 4593 1485 4659 sunt
1503 4586 1685 4658 duodecim
1703 4587 1796 4664 lanei
1816 4587 2056 4674 cmethonales,

507 4709 550 4779 de
578 4708 703 4798 quibus
730 4707 863 4779 decima
899 4708 1046 4780 solvitur
1072 4713 1109 4779 11
1135 4709 1339 4780 conducitur
1365 4708 1592 4798 manipularis
1618 4728 1682 4798 pro
1710 4709 1954 4798 praepositura
1979 4707 2056 4778 Gra·

507 4830 677 4920 coviensi,
704 4834 740 4901 et
775 4829 873 4902 valor
908 4830 982 4901 eius
1019 4830 1224 4903 aestimatur
1260 4830 1305 4902 ad
1341 4829 1459 4902 decem
1494 4815 1638 4900 marcas.
1678 4830 1769 4900 Item
1794 4835 1851 4900 est
1877 4829 1927 4900 ibi
1953 4848 2054 4899 unum

506 4950 705 5040 praedium,
732 4951 776 5022 dc
811 4951 907 5022 cuius
944 4952 1039 5042 agris
1072 4951 1204 5023 decima
1230 4972 1294 5044 pro
1322 4951 1467 5023 ecclesia
1501 4951 1537 5019 11
1574 4948 1860 5021 8111111111
1896 4949 2056 5036 solutum

509 5072 595 5142 item
621 5071 671 5143 ibi
699 5076 777 5143 octo
804 5072 1024 5144 hortuloniae
1052 5077 1088 5145 et
1105 5073 1195 5146 duae
1212 5075 1380 5146 tabernae
1398 5072 1567 5144 habentes
1584 5090 1698 5160 agros,
1716 5053 1760 5143 de
1779 5070 1904 5164 quibus
1923 5071 2057 5144 solvunt

511 5191 678 5264 decimam
704 5193 807 5264 etiam
836 5213 900 5284 pro
927 5195 1171 5286 praepositura
1198 5194 1429 5269 Oracovieusi.

1194 5317 1388 5392 Pnzrenow.

608 5433 780 5524 Oppidum
816 5437 914 5509 iuxta
949 5437 1090 5510 fluvium
1117 5437 1407 5533 Wyerczyna
1442 5437 1566 5526 sitnm,
1592 5434 1725 5507 habeus
1752 5436 1789 5505 iu
1817 5455 1855 5506 se
1881 5437 2055 5509 ecclesiam

497 5550 662 5642 <ligneam
689 5553 835 5628 Sanctae
862 5557 1060 5630 Dorotheae
1087 5560 1255 5651 dicatam,
1283 5564 1380 5633 cuius
1406 5558 1603 5650 prophetas
1629 5555 1674 5629 ad
1700 5576 1818 5645 regem
1844 5557 1998 5645 pertinet
2021 5562 2055 5628 et

505 5671 774 5770 iuspatronatus.
800 5675 845 5772 In,
868 5699 935 5775 quo
963 5687 1044 5758 sunt
1069 5680 1162 5758 lanei
1180 5682 1441 5782 oppidanorum,
1459 5671 1502 5748 de
1522 5678 1646 5774 quibus
1664 5677 1796 5754 decima
1813 5697 1878 5773 pro
1898 5679 2058 5779 episcopo
