4550 6600
478 749 556 819 24·

501 956 570 1026 teri
601 954 735 1027 nobiles
775 952 818 1026 de
850 953 955 1026 armis
991 950 1203 1045 Strepae,
1240 949 1421 1025 fundatum
1458 957 1495 1024 et
1525 949 1683 1024 dotatum
1715 950 1953 1024 1111418
1989 951 2059 1023 sub

501 1075 704 1167 pontificatu
731 1075 925 1166 Sbignei
952 1076 1157 1165 cardinalis,
1184 1080 1219 1146 et
1245 1081 1328 1146 tunc
1355 1073 1593 1169 Cracoviensis
1620 1074 1793 1164 episcopi,
1820 1079 1856 1144 et
1873 1095 1938 1164 per
1964 1073 2058 1144 eius-

500 1197 577 1267 dem
604 1197 726 1268 literas
753 1197 1010 1286 confirmatum3
1037 1201 1227 1287 proventus
1254 1201 1369 1267 autem
1397 1195 1481 1266 dicti
1507 1195 1628 1266 altaris
1655 1195 1715 1266 isti
1741 1200 1830 1267 sunt

604 1317 932 1408 Wronurowrczu,
961 1318 1044 1388 villa
1077 1319 1141 1389 sub
1172 1299 1339 1407 parochia
1365 1317 1408 1388 de
1444 1315 1806 1406 Oppatkowicze
1834 1317 1921 1406 sita,
1956 1317 2056 1386 cuius

500 1438 668 1518 haeredes
696 1437 1050 1528 Wroblowsczy,
1077 1439 1113 1508 in
1133 1459 1202 1528 qua
1219 1444 1301 1509 sunt
1329 1438 1421 1508 lanei
1445 1438 1694 1527 emethouales,
1717 1437 1760 1508 de
1779 1438 1904 1529 quibus
1922 1437 2057 1508 decima

500 1559 666 1631 ccclesiae
694 1557 735 1630 S.
761 1559 884 1631 Jacobi
919 1560 955 1629 in
983 1557 1248 1648 Oasimiria3
1283 1560 1367 1630 item
1402 1564 1456 1630 est
1482 1559 1517 1630 in
1545 1559 1666 1630 eadem
1691 1559 1776 1630 uilla
1801 1559 1949 1629 taberna
1974 1580 2054 1648 una,

458 1747 460 1756 .
501 1680 545 1750 ad
577 1680 827 1771 proprietatem
863 1680 984 1751 altaris
1020 1679 1052 1750 S.
1079 1679 1204 1752 Jacobi
1239 1681 1276 1750 in
1303 1679 1554 1752 Gasimiria
1588 1681 1786 1770 pertinens,
1825 1680 1868 1751 de
1895 1701 1965 1770 qua
1990 1701 2055 1769 pro

501 1821 615 1872 annuo
644 1821 749 1873 censu
775 1801 957 1905 solvuntur
985 1801 1164 1872 altaristae
1191 1855 1306 1872 .....

604 1921 913 2012 Kornzrwruczn,
951 1922 1035 1992 uilla
1062 1923 1125 1994 sub
1152 1923 1317 2012 parochia
1343 1921 1507 1992 ecclesiae
1533 1922 1577 1993 de
1596 1919 1689 2012 Gay
1716 1922 1794 1992 sita.
1819 1921 1908 1991 Item
1935 1921 2056 1992 altari-

499 2046 555 2114 sta
581 2041 614 2113 S.
631 2042 756 2115 Jacobi
779 2043 818 2113 in
837 2041 1089 2114 Casimiria
1115 2041 1293 2132 praelatus
1315 2043 1424 2114 habet
1449 2042 1623 2114 incudem
1649 2042 1734 2114 villa
1759 2042 1926 2132 piscinam
1945 2063 2053 2133 prope

499 2163 641 2235 fluvium
667 2161 837 2254 Wylga.

605 2284 967 2374 Scuwoscuowrczu,
994 2283 1078 2354 villa
1105 2284 1170 2355 sub
1187 2285 1355 2373 parochia
1380 2283 1545 2356 ecclesiae
1571 2284 1615 2355 de
1634 2339 1641 2354 .
1661 2338 1668 2353 .
1688 2339 1722 2354 ..
1750 2283 1826 2355 sita.
1860 2284 1948 2355 item
1967 2284 2052 2354 alta·

498 2406 588 2476 rista
613 2405 734 2476 altaris
770 2403 803 2476 S.
829 2403 952 2476 Jacobi
987 2405 1022 2475 in
1051 2403 1305 2476 Gasimiria
1338 2406 1444 2477 habet
1478 2405 1529 2475 ibi
1554 2425 1618 2494 pro
1653 2405 1734 2476 dote
1770 2427 1833 2478 sua
1868 2405 2048 2496 praedium

502 2526 631 2598 bonum
658 2546 735 2596 cum
761 2526 854 2616 agris
881 2531 917 2597 et
943 2527 1063 2616 pratis.

603 2646 920 2738 Zuzrssuawrczn,
947 2647 1031 2719 villa
1057 2648 1121 2719 sub
1145 2648 1311 2738 parochia
1338 2647 1502 2719 ecclesiae
1528 2646 1571 2718 de
1590 2702 1705 2718 .....
1730 2648 1809 2719 situ.
1840 2648 1936 2718 item
1961 2645 2046 2715 alta-

500 2768 588 2839 rista
614 2766 646 2840 S.
664 2768 788 2840 Jacobi
814 2769 921 2842 habet
947 2769 996 2841 ibi
1022 2791 1128 2840 unum
1157 2771 1372 2842 amethonem
1388 2769 1433 2840 ad
1460 2789 1498 2839 se
1523 2769 1772 2860 pertinentem,
1799 2769 1871 2874 qui¹
1885 2757 1918 2837 ei
1947 2767 2051 2838 solvit

498 2909 562 2979 pro
587 2909 691 2960 censu
719 2911 833 2962 annuo
857 2887 964 2960 'urnam
986 2911 1148 2960 maroam.

603 3010 737 3082 Hortus
765 3009 802 3080 in
820 3009 970 3081 Casim
983 3011 1075 3080 iria
1101 3031 1144 3081 ex
1162 3011 1321 3100 opposito
1349 3011 1514 3082 ecclesiae
1541 3010 1574 3080 S.
1592 3011 1716 3082 Jacobi
1742 3011 1779 3082 iu
1797 3011 1932 3101 angulo,
1959 3009 2062 3080 inter-

498 3151 616 3202 muros
636 3129 914 3219 Casimirienses,
942 3135 978 3201 et
997 3130 1134 3202 domurn
1160 3131 1300 3221 plebani
1326 3130 1359 3202 S.
1377 3131 1501 3203 Jacobi
1526 3132 1661 3202 mediae
1688 3133 1800 3221 partis
1818 3132 1922 3221 situs,
1949 3152 2052 3220 quem

498 3250 606 3323 habet
632 3251 793 3321 altarista
819 3271 883 3341 pro
910 3251 1126 3325 habitatione
1146 3273 1218 3324 sua.
1257 3251 1373 3324 Onera
1399 3254 1656 3325 autem'altaris
1674 3243 1846 3344 praedicti
1872 3258 1954 3324 snut
1980 3258 2052 3323 tres

499 3372 627 3443 missae
655 3371 690 3443 in
710 3372 864 3462 qualibet
883 3374 1075 3462 septimana
1101 3372 1190 3444 seria
1208 3374 1359 3446 secunda
1385 3396 1449 3465 pro
1468 3373 1658 3466 debrnctis,
1685 3375 1853 3447 sabbatho
1881 3374 1924 3445 de
1942 3375 2053 3445 Beata

499 3491 663 3582 Virgine,
691 3497 727 3563 et
753 3492 809 3563 die
836 3492 1007 3565 dominica
1033 3494 1075 3565 de
1103 3494 1173 3584 die,
1201 3516 1288 3586 quae
1316 3496 1475 3567 altarista
1501 3496 1640 3585 explere
1667 3502 1816 3567 tenetur.

603 3613 798 3685 Proventus
826 3620 974 3705 quatuor
1000 3614 1317 3687 Mansionariorum
1343 3616 1379 3687 in
1403 3617 1549 3688 ecclesia
1576 3617 1695 3688 Sancti
1720 3618 1844 3689 Jacobi
1868 3618 1905 3687 in
1932 3616 2054 3688 Casi-

498 3735 652 3827 miria,
697 3757 785 3827 quae
822 3758 890 3808 non
927 3744 1007 3809 sunt
1042 3742 1249 3829 perpetuae,
1285 3740 1347 3810 sed
1383 3738 1579 3828 manuales,
1615 3744 1697 3809 sunt
1732 3739 1809 3810 isti:
1844 3739 2052 3828 Lawsow,

498 3857 581 3927 villa
616 3858 680 3929 sub
708 3859 873 3947 parochia
899 3860 1063 3931 ecclcsiae
1101 3860 1143 3931 de
1171 3860 1404 3951 ngnicze
1440 3862 1527 3950 sita,
1563 3860 1661 3931 cuius
1696 3860 1821 3930 haeres
1857 3859 2052 3949 Salyew-

500 3978 582 4067 sky
618 3978 661 4049 de
688 3978 921 4051 Prokocin
957 3981 1000 4051 de
1037 3982 1142 4051 armis
1175 3980 1389 4072 Strepae,
1423 3983 1459 4052 in
1496 4002 1564 4071 qua
1606 3985 1687 4051 sunt
1722 3986 1799 4051 octo
1834 3980 1928 4052 lanei
1961 4001 2054 4051 eme-

497 4097 673 4186 thonales,
708 4100 791 4171 item
818 4101 999 4189 praedium
1025 4124 1149 4191 uuum,
1186 4102 1228 4172 de
1260 4103 1385 4192 quibus
1412 4103 1570 4173 omnibus
1602 4102 1750 4174 solvitur
1775 4107 1813 4173 et
1846 4100 2051 4173 conducitur

498 4216 630 4292 decima
664 4220 889 4309 manipularis
925 4226 961 4291 et
988 4222 1163 4311 canapalis
1194 4242 1258 4311 pro
1286 4223 1526 4293 mansionariis
1553 4224 1760 4314 praedictis,
1787 4229 1824 4295 et
1850 4223 1949 4295 valor
1974 4224 2049 4294 eius

499 4338 704 4410 aestimatur
730 4340 774 4411 ad
802 4339 919 4412 decem
945 4362 1088 4413 marcas,

604 4458 767 4551 Ousznu,
794 4462 891 4552 villa,
917 4463 1049 4535 habens
1067 4464 1104 4535 in
1123 4484 1160 4536 se
1178 4464 1411 4554 parochialem
1438 4464 1618 4537 ecclesiam
1645 4465 1751 4536 Sanct
1768 4520 1776 4535 .
1794 4520 1802 4535 .
1821 4520 1829 4535 .
1848 4520 1856 4536 .
1891 4467 2051 4556 dicatam,

500 4582 595 4655 cuius
614 4582 738 4653 haeres
757 4581 921 4655 Nicolaus
940 4584 1059 4656 Buoz
1070 4586 1221 4677 ynsky
1239 4586 1282 4657 de
1301 4587 1407 4657 armis
1425 4586 1640 4677 Strepae,
1660 4588 1695 4657 in
1715 4608 1782 4677 qua
1800 4593 1882 4659 suut
1899 4589 2050 4680 quinque

498 4704 590 4775 lanei
617 4704 867 4795 ometbonaleS,
904 4705 946 4777 de
975 4706 1098 4796 quibus
1136 4706 1283 4778 solvitur
1309 4713 1345 4778 et
1372 4708 1576 4779 conducitur
1603 4708 1735 4778 decima
1761 4709 1987 4799 manipularis
2014 4714 2051 4780 et

499 4825 673 4915 eauapalis
700 4845 764 4915 pro
792 4826 1035 4898 mansionariis
1063 4833 1212 4917 quatuor
1239 4828 1271 4899 S.
1298 4828 1421 4900 Jacobi
1447 4831 1483 4900 in
1502 4829 1772 4919 Casimiria,
1799 4836 1835 4901 et
1852 4831 1950 4902 valor
1977 4830 2051 4900 eius

498 4946 702 5017 aestimatur
729 4947 773 5018 ad
784 5002 898 5018 .....
938 4947 1026 5019 Item
1045 4954 1099 5021 est
1117 4948 1166 5020 ibi
1184 4950 1365 5039 praedium
1391 4951 1559 5040 militare,
1587 4950 1630 5022 dc
1650 4952 1747 5022 cuius
1778 4952 1871 5041 agris
1898 4951 2051 5023 solvitur

499 5064 632 5138 decima
657 5068 882 5158 manipularis
909 5070 1014 5140 altari
1042 5123 1157 5141 .....
1193 5071 1229 5141 in
1255 5070 1493 5163 Woynica,
1529 5074 1612 5142 item
1640 5079 1721 5143 sunt
1757 5074 1793 5142 in
1819 5074 1940 5144 eadem
1967 5073 2051 5144 villa

498 5188 606 5277 aliqui
634 5190 727 5280 agri,
765 5190 807 5261 de
836 5190 959 5281 quibus
987 5190 1134 5263 solvitur
1161 5191 1294 5263 decima
1320 5195 1482 5283 episcopo
1510 5192 1750 5282 Cracoviensi,
1786 5194 1829 5265 de
1861 5194 1939 5265 aliis
1966 5216 2050 5267 vero

498 5308 591 5396 agris
619 5308 810 5381 decimatur
837 5311 1020 5383 decanatui
1048 5367 1189 5383 ......
1228 5314 1318 5385 Item
1345 5320 1426 5386 sunt
1453 5315 1502 5386 ibi
1529 5314 1618 5385 duae
1644 5316 1820 5387 tabernae.

602 5428 821 5501 Jnnowrezn
847 5431 1050 5524 Surrenrou,
1086 5434 1170 5506 villa
1205 5435 1270 5506 sub
1301 5436 1467 5525 parochia
1502 5435 1546 5506 dc
1572 5433 1936 5526 Oppatkowicze
1971 5438 2050 5528 situ,

499 5547 598 5619 cuius
625 5548 793 5623 haeredes
820 5553 953 5625 nobiles
981 5554 1024 5625 de
1043 5556 1149 5627 armis
1176 5555 1393 5647 Strepae,
1419 5558 1457 5627 in
1485 5578 1554 5646 qua
1579 5563 1662 5627 sunt
1687 5557 1778 5629 lanei
1805 5560 2050 5650 emethouales,

498 5674 535 5747 et
562 5669 708 5765 quilibet
734 5672 777 5743 de
803 5673 903 5746 laneo
931 5675 1036 5749 solvit
1061 5677 1304 5750 mansionariis
1331 5677 1364 5749 S.
1390 5677 1515 5750 Jacobi
1540 5698 1604 5768 pro
1632 5679 1765 5751 decima
1789 5681 1961 5773 pecuniali
1987 5699 2055 5775 per
