4550 6600
1575 784 1907 866 7195.

246 984 400 1055 scoltetia
426 990 481 1055 est
507 985 573 1073 ibi,
609 984 740 1056 habens
769 988 918 1075 quatuor
948 986 1085 1076 laneos,
1122 988 1226 1058 etde
1253 988 1410 1079 quolibet
1444 990 1545 1063 laneo
1572 1012 1636 1080 pro
1663 991 1796 1063 decima
1827 1022 1831 1030 ·

247 1106 469 1175 solvebantur
497 1104 576 1175 olim
596 1104 743 1193 plebano
762 1104 1011 1178 Slawkoviensi
1030 1110 1106 1178 octo
1124 1109 1251 1197 grossi,
1278 1129 1368 1180 nunc
1386 1114 1505 1181 autem*
1527 1111 1596 1181 iam
1614 1112 1796 1185 solvuntur

243 1224 406 1296 ecclesiae
432 1226 468 1295 in
496 1224 921 1299 Chroschczebrod.

348 1344 656 1435 Znnnnowrczs‚
684 1346 767 1417 villa
792 1348 857 1419 sub
875 1346 1041 1437 parochia
1067 1348 1110 1419 de
1138 1348 1555 1424 chroschczebrod
1582 1353 1667 1442 sita,
1694 1328 1818 1425 cuius'

242 1466 439 1555 proprietas
467 1465 510 1536 ad
537 1466 773 1556 episcopatum
801 1466 1064 1540 Oracoviensem
1090 1471 1252 1559 pertinet.
1278 1473 1319 1543 In
1347 1496 1415 1564 qua
1441 1478 1523 1545 sunt
1549 1478 1681 1562 septem
1699 1475 1792 1546 lanei
1929 1524 1933 1532 ι

242 1586 495 1675 cmethonales,
522 1586 565 1657 de
593 1588 716 1677 quibus
744 1588 890 1660 solvitur
916 1589 1050 1660 decima
1076 1592 1302 1680 manipularis
1329 1595 1489 1686 episcopo
1508 1591 1739 1697 Cracoviensi,
1757 1600 1794 1665 et

119 1796 120 1799 Ἴ
169 1757 174 1763 ,
242 1706 340 1777 valor
356 1706 430 1777 eius
445 1707 651 1779 aestimatur
669 1707 712 1778 ad
727 1714 858 1799 septem
873 1731 1018 1781 marces.
1044 1710 1131 1782 Item
1148 1733 1216 1783 non
1231 1719 1285 1784 est
1298 1716 1497 1805 praedium,
1512 1736 1622 1805 neque
1637 1715 1792 1785 taberna.
1833 1723 1837 1728 ’

345 1826 564 1915 Szvnonvn,
591 1828 674 1899 villa
692 1829 755 1900 sub
780 1830 946 1919 parochia
973 1830 1016 1901 de
1044 1830 1412 1906 Chroschczcbrod
1440 1836 1526 1924 sita,
1554 1836 1651 1906 cuius
1669 1835 1792 1905 haeres

241 1946 444 2019 Matthaeus
475 1948 579 2018 iudex
607 1948 867 2039 Szewyerensis‚
895 1950 938 2021 de
956 1952 1062 2021 armis
1090 1952 1295 2045 Nowyny.
1335 1955 1375 2025 In
1402 1976 1471 2045 qna
1496 1960 1579 2026 sunt
1612 1954 1792 2026 duodecim

134 2164 136 2169 Ι
240 2068 332 2138 lanei
361 2069 613 2158 cmethonaleS,
650 2068 712 2139 sed
739 2091 802 2160 pro
830 2072 982 2142 nuncin
1010 2074 1085 2143 toto
1122 2074 1270 2163 deserti,
1306 2075 1349 2145 de
1376 2076 1501 2166 quibus
1528 2077 1559 2146 si
1585 2076 1791 2164 colerentur,

240 2188 460 2260 solverentur
487 2188 530 2260 de
566 2190 721 2279 quolibet
756 2191 856 2262 laneo
894 2211 954 2262 sex
990 2194 1104 2282 grossi
1139 2194 1203 2265 lati
1237 2214 1302 2284 pro
1337 2195 1469 2266 decima
1503 2195 1692 2285 pecuniali,
1727 2216 1791 2285 pro
1823 2232 1828 2241 ·

239 2310 386 2381 ecclesia
412 2316 448 2381 et
474 2311 623 2400 plebano
651 2313 685 2381 in
714 2310 1149 2403 Ghroschczebrod3
1186 2315 1346 2387 scoltetia
1372 2320 1425 2387 est
1451 2316 1518 2406 ibi,
1543 2316 1677 2387 babens
1703 2315 1790 2387 duos
1868 2296 1872 2302 ³

238 2432 385 2519 laneoss
403 2432 554 2503 inclusos
580 2432 616 2501 in
643 2430 810 2521 praelatis
838 2432 1026 2504 duodecim.

343 2550 622 2651 Mrnzonvczn‚¹
635 2536 718 2623 villa
736 2554 800 2625 sub
815 2552 935 2625 eadem
953 2555 1120 2644 parochia
1137 2556 1304 2628 ecclesiae
1322 2558 1365 2629 de
1384 2557 1792 2657 OEvroschczebrod

238 2674 320 2762 sita,
352 2673 448 2745 cuius
484 2673 679 2763 proprietas
706 2674 750 2743 ad
777 2673 959 2745 Nicolaum
997 2674 1290 2767 Myrzowsky
1316 2678 1359 2748 de
1386 2679 1492 2749 armis
1527 2675 1791 2748 Griilonnm

237 2794 400 2883 pertinet.
441 2794 481 2863 In
509 2815 577 2883 qua
612 2799 693 2865 sunt
729 2815 791 2865 sex
825 2794 917 2865 lanei
945 2796 1194 2886 cmethonales,
1222 2798 1265 2868 de
1292 2799 1417 2888 quibus
1444 2799 1578 2870 decima
1603 2798 1791 2888 pecunialis
1922 2884 1926 2889 ,

237 2914 385 2985 solvitur
412 2914 577 2985 ecclesiae
603 2914 640 2985 in
667 2914 910 3005 Plschyna‚
938 2916 980 2985 de
1008 2917 1163 3005 quolibet
1187 2918 1288 2989 laneo
1312 2938 1375 3008 per
1392 2923 1465 2990 tres
1482 2939 1622 3009 grossos
1640 2918 1791 2989 latorum

237 3056 439 3124 grossorum
474 3035 710 3125 Prageusium.
749 3035 838 3105 Item
873 3018 1020 3107 ecclesia
1046 3037 1081 3107 in
1109 3036 1526 3111 Obroschczebrod
1551 3037 1790 3109 tantummodo

238 3156 286 3227 ibi
306 3138 421 3234 ¹habet
447 3156 745 3245 columbationem‚
773 3176 876 3246 quam
904 3157 985 3227 olim
1012 3156 1166 3228 babebat
1192 3158 1337 3229 ecclesia
1364 3160 1400 3229 in
1426 3159 1677 3250 Szyewyor.
1713 3148 1740 3185 ⁴¹
1836 3226 1839 3233 .

338 3274 540 3365 stsonn,
566 3276 650 3348 villa
677 3276 740 3348 sub
767 3277 934 3366 parochia
960 3278 1003 3349 de
1031 3276 1451 3352 Chro'schczebrod
1478 3280 1560 3368 sita,
1587 3278 1683 3350 cuius
1709 3300 1790 3369 pro-

240 3399 370 3487 prietas
407 3397 451 3467 ad
487 3396 773 3468 Salomonem
809 3397 984 3468 consulem
1021 3398 1285 3471 Cracoviensem
1321 3400 1364 3470 dc
1391 3402 1503 3471 armis'
1524 3399 1791 3491 cygnorum.

237 3518 275 3588 ln
302 3539 372 3608 qua
399 3522 480 3587 sunt
515 3516 695 3589 duodecim
731 3517 822 3588 lanei
859 3511 1110 3608 cmethonales]
1138 3525 1175 3590 et
1201 3521 1361 3591 scoltetia
1386 3521 1520 3592 habens
1546 3521 1633 3590 dnos
1658 3514 1820 3610 laneca
1930 3536 1935 3546 “

238 3639 279 3708 de
306 3639 432 3727 quibus
468 3636 627 3708 omnibns
664 3638 812 3708 solvitur·
845 3638 977 3709 decima
1003 3640 1193 3728 pecunialis
1220 3661 1283 3729 per
1309 3662 1370 3711 sex
1396 3661 1536 3729 grossos
1564 3641 1727 3711 ecclesiae
1754 3645 1791 3710 et

238 3759 434 3848 plebano‘in
453 3755 881 3848 Obroschczebrod
901 3779 988 3850 quae
1006 3760 1091 3830 alias
1109 3759 1310 3831 solvebatur
1328 3761 1493 3832 ecclesiae
1510 3761 1546 3831 in
1566 3760 1789 3852 Szyewyor.

919 3877 1104 3950 Gnaeum.
1329 3884 1334 3892 “

337 3999 434 4072 Villa
459 3999 590 4071 habens
617 3999 652 4070 in
680 4020 717 4071 se
744 4000 978 4089 parochialem
1006 4000 1185 4071 ecclesiam
1211 4001 1370 4091 ligneam,
1397 4001 1546 4072 Sanctae
1563 3999 1699 4070 Mariae
1717 4000 1788 4071 Na-

237 4123 366 4193 tivitati
394 4121 551 4222 dicatam,
580 4121 677 4191 cuius
703 4121 871 4192 haeredes
898 4121 934 4190 in
962 4125 1037 4192 toto
1064 4121 1192 4192 milites
1220 4122 1262 4192 de
1290 4123 1396 4192 armis
1423 4122 1570 4193 diversis
1597 4121 1789 4212 Pylawy,

237 4240 417 4332 Ostoya,
445 4247 482 4312 et
508 4241 640 4312 nobiles
669 4241 712 4312 de
739 4241 846 4312 armis
873 4241 1155 4331 Przegynya.
1182 4242 1222 4311 In
1251 4263 1318 4333 qna
1335 4247 1417 4313 sunt
1434 4242 1526 4313 lanei
1545 4242 1789 4331 cmethouales,

237 4362 296 4433 sed
331 4361 500 4433 haeredes
536 4367 705 4451 occupant
739 4361 835 4450 illos,
863 4367 899 4432 et
935 4362 999 4432 soli
1035 4383 1098 4451 per
1134 4383 1172 4434 se
1199 4367 1321 4450 arant3
1357 4363 1400 4432 dc
1427 4363 1552 4453 quibus
1579 4363 1727 4433 solvitur
1753 4366 1790 4432 et

239 4483 440 4553 conducitur
475 4481 608 4553 decima
642 4481 867 4571 manipularis
904 4487 940 4553 et
975 4483 1152 4576 canapalis
1188 4483 1353 4554 ecclesiae
1389 4488 1425 4553 et
1460 4482 1608 4572 plebano
1643 4483 1718 4552 eius
1753 4481 1790 4552 in

237 4601 444 4693 Ghechel,
472 4609 508 4674 et
534 4603 632 4674 valor
659 4603 732 4672 eius
760 4603 965 4674 aestimatur
993 4601 1036 4673 ad
1063 4603 1258 4694 'quindecim
1277 4623 1422 4674 marcas.
1448 4603 1537 4674 Item
1555 4602 1702 4674 taberna
1719 4621 1789 4672 uua

237 4724 399 4796 ecclesiae
427 4728 500 4795 tres
528 4743 660 4794 marcas
688 4723 792 4794 solvit
819 4727 855 4794 et
882 4723 950 4794 duo
977 4744 1062 4795 vasa
1089 4723 1256 4794 cervisiae
1283 4723 1481 4812 Pylcensis,
1508 4729 1544 4794 et
1569 4742 1675 4795 unum
1701 4721 1789 4810 lapi-

239 4843 313 4914 dem
350 4845 442 4935 sepi,
470 4849 507 4916 et
541 4844 649 4956 servit
681 4843 772 4932 quod
807 4825 1011 4931 mandatur3
1047 4845 1131 4914 item
1157 4843 1378 4915 hortulaniae
1405 4843 1493 4914 duae
1518 4843 1658 4933 plebani
1683 4863 1788 4912 unum
1909 4939 1918 4944 .

119 5026 120 5031 ,
239 4964 416 5055 fertonem,
443 4971 480 5036 et
507 4965 616 5035 servit
643 4963 734 5053 quod
761 4963 946 5034 mandatur
973 4964 1156 5054 quaelibet.
1182 4963 1271 5034 Item
1297 4965 1464 5053 plebanus
1491 4964 1598 5035 habet
1623 4983 1688 5052 pro
1707 4962 1789 5033 dote

238 5105 298 5156 sua
324 5091 398 5158 tres
424 5085 543 5157 laneos
571 5105 743 5174 agrorum,
771 5083 877 5155 babet
903 5089 939 5155 et
966 5089 1068 5174 prata
1095 5083 1302 5155 sufficientia
1328 5091 1364 5156 et
1390 5085 1543 5175 eopiosa,
1571 5085 1656 5156 item
1681 5083 1788 5154 habet

239 5209 272 5274 et
296 5205 549 5294 molendinum,
576 5203 618 5275 de
646 5225 713 5294 quo
749 5205 898 5294 plebano
926 5227 989 5294 pro
1017 5225 1121 5276 censu
1149 5205 1332 5277 solvuntur
1359 5205 1448 5275 duae
1475 5226 1629 5294 marcac,
1656 5208 1692 5274 et
1718 5203 1787 5274 duo
1850 5274 1858 5280 .

238 5327 332 5414 porci
358 5327 579 5414 nutriuntur;
617 5327 700 5396 item
727 5325 894 5416 plebanus
920 5325 1027 5399 habet
1054 5325 1141 5396 dues
1168 5326 1319 5416 piscinas
1345 5327 1473 5415 bonas,
1500 5326 1536 5396 in
1562 5325 1666 5395 fluvio
1694 5323 1787 5395 dicto
1815 5381 1822 5394 .

239 5444 494 5536 Carthoria,
522 5447 564 5518 de
592 5447 715 5536 quibus
742 5451 882 5537 praeter
907 5467 1007 5517 usum
1035 5467 1145 5536 suum,
1172 5467 1235 5537 per
1262 5446 1416 5536 singulos
1434 5452 1508 5516 tres
1527 5465 1636 5517 annos
1654 5444 1787 5534 poterit

238 5565 384 5638 vendere
411 5567 524 5656 pisces
550 5585 613 5658 pro
642 5567 836 5658 quindecim
862 5567 1006 5656 marcis;
1034 5568 1116 5638 item
1144 5568 1250 5638 habet
1276 5567 1474 5638 libertatem
1499 5565 1656 5656 piscandi
1673 5565 1787 5654 places

243 5685 581 5800 iuquatnorlluvIIS‚
600 5687 865 5798 Cartboria
890 5685 1142 5793 Przemsza2
1168 5688 1322 5794 Byala,
1350 5686 1677 5789 Obechelyecm
1703 5685 1787 5760 item
