4550 6600
534 814 604 889 142

528 1025 584 1093 est
608 1023 706 1095 iuxta
728 992 873 1098 'fluvium
908 1023 1174 1119 Dunayecz‚
1211 1027 1322 1103 traxit
1354 1030 1471 1101 autem
1497 1047 1621 1101 nomen
1657 1026 1842 1101 Grodeir
1878 1034 2066 1125 considio,

529 1144 621 1236 quod
647 1144 697 1215 ibi
722 1142 740 1215 i
763 1145 789 1215 't
815 1145 997 1237 quondam.

631 1264 825 1357 Guuuuru,
852 1268 935 1339 vilia
952 1268 1016 1341 sub
1034 1270 1201 1359 parochia
1227 1270 1271 1342 de
1296 1270 1503 1369 Podolye
1530 1273 1608 1362 sita,
1634 1273 1732 1345 cuius
1749 1274 1875 1345 baeres
1901 1274 2066 1364 praefatus

527 1384 719 1459 stanislaus
748 1386 1090 1482 Thanczyusky.
1117 1391 1158 1461 In
1186 1412 1255 1482 qua
1280 1391 1373 1463 lanei
1395 1393 1637 1484 cmetbonales,
1664 1394 1707 1465 de
1734 1395 1861 1485 quibus
1888 1394 2068 1469 decimatur

528 1508 694 1583 ecclesiae
720 1509 756 1583 in
783 1509 1004 1603 Podolye‚
1032 1512 1128 1584 cuius
1155 1513 1255 1585 valor
1281 1514 1421 1586 adires
1446 1534 1582 1587 marcas
1608 1514 1824 1587 aestimatur.

633 1684 883 1701 ..........
909 1632 993 1704 villa
1020 1634 1084 1705 sub
1111 1635 1278 1725 parocbia
1304 1634 1348 1706 de
1374 1634 1579 1727 Podolye
1605 1636 1682 1726 suta
1710 1637 1808 1707 cuius
1835 1637 1962 1707 haeres
1987 1638 2067 1708 idem

529 1750 870 1844 Tbanczynsky.
897 1753 938 1823 In
966 1775 1034 1845 qua
1061 1760 1142 1826 sunt
1168 1754 1261 1835 lanei
1287 1756 1531 1847 cmetbonales‚
1559 1755 1602 1828 de
1629 1757 1754 1848 quibus
1772 1757 1924 1829 solvitur
1947 1756 2066 1829 decima

524 1873 750 1964 manipularis
786 1876 948 1969 episcopo
976 1874 1216 1968 tirasonensi,
1253 1878 1350 1949 cuius
1377 1876 1476 1949 valor
1511 1878 1556 1949 ad
1594 1898 1656 1950 sex
1691 1899 1826 1951 marcas
1862 1880 2066 1951 aestimatur.

527 1994 616 2065 Item
643 2000 698 2067 est
724 1996 773 2067 ibi
809 1997 970 2069 scoltetia
1004 1999 1136 2070 habens
1172 1998 1259 2071 duos
1285 2000 1424 2089 laneos,
1459 1998 1504 2071 de
1530 2000 1656 2090 quibus
1691 2000 1841 2072 decimat
1866 1980 2013 2091 plebano
2036 2002 2067 2075 iu

527 2114 751 2214 Podoiye,
780 2119 876 2193 cuius
904 2119 1002 2193 valor
1027 2121 1232 2193 aestimatur
1259 2120 1417 2195 adduam
1444 2140 1588 2193 marcas.

1163 2242 1448 2316 Pazunnurczn.
1550 2302 1553 2307 .

631 2362 727 2435 Villa
752 2364 884 2435 babens
911 2364 947 2435 in
974 2384 1011 2436 se
1039 2364 1220 2436 ecclesiam
1248 2364 1395 2437 Sanctae
1413 2364 1622 2439 catherinae
1640 2364 1769 2456 uirgini
1796 2365 1959 2457 dicatam,
1983 2367 2068 2439 cuius

528 2484 653 2566 haeres
681 2484 872 2558 Stanisiaus
900 2486 1240 2579 Thanczynsky
1273 2487 1444 2559 dedomo
1471 2487 1788 2577 Bippennium
1831 2487 1874 2559 In
1903 2508 1973 2578 qua
1997 2493 2068 2561 sunt

527 2606 620 2679 lanei
647 2608 897 2699 emethonaleS‚
920 2608 976 2681 de
1004 2609 1127 2699 quibus
1155 2608 1303 2680 solvitur
1329 2612 1365 2679 et
1392 2608 1595 2679 conducitur
1630 2608 1763 2679 decIma
1798 2609 1989 2699 pecunialis
2013 2630 2066 2698 pro

453 2731 458 2739 '
528 2728 730 2819 episcopatu
757 2727 987 2821 Gronoviensi‚
1014 2730 1057 2801 de
1084 2731 1241 2821 quolibet
1265 2730 1365 2803 laneo
1392 2718 1579 2820 perunum
1605 2728 1774 2801 fertonem
1800 2728 1956 2801 latorum
1980 2750 2067 2820 gros·

530 2868 656 2920 sorum.
683 2850 772 2922 Item
799 2852 979 3045 praeffium
1006 2857 1061 2923 est
1088 2853 1137 2924 ibi
1163 2872 1285 2942 uuum,
1312 2851 1450 2943 dequo
1477 2851 1670 2923 decimatur
1695 2852 1862 2922 ecciesiae
1890 2853 1928 2922 in
1953 2850 2069 2921 Prae·

529 2969 741 3064 danicza,
777 2978 813 3045 ot
839 2995 882 3045 va
963 2974 1037 3047 eius
1064 2975 1268 3045 aestimatur
1295 2972 1340 3044 ad
1365 2978 1439 3045 tres
1466 2992 1609 3044 marcas.
1652 2972 1742 3045 Item
1769 2972 1920 3064 quilibet
1946 2972 2067 3044 cmetbo

529 3090 572 3162 de
598 3092 698 3165 laneo
725 3098 865 3165 tenetur
892 3095 1056 3166 ecciesiae
1082 3100 1118 3166 et
1145 3094 1293 3186 plebano
1320 3094 1455 3167 solvere
1482 3114 1546 3184 pro
1572 3091 1725 3165 mactae
1750 3114 1856 3165 unam
1883 3112 2068 3165 mensuram

531 3211 721 3287 confertam
748 3214 896 3310 siliginis
924 3220 958 3288 et
984 3216 1088 3289 aliam
1112 3236 1252 3290 avenae.

1203 3338 1424 3412 Wanurczu.

633 3459 728 3534 Villa
754 3459 886 3534 habens
913 3462 949 3533 in
977 3481 1013 3534 se
1041 3462 1220 3534 ecclesiam
1247 3462 1406 3552 ligneam,
1434 3459 1560 3532 Sancto
1578 3459 1767 3532 Laurentio
1795 3459 1956 3549 menum,
1981 3459 2065 3529 cuin

530 3584 726 3676 proprietas
753 3583 798 3656 ad
825 3585 1071 3656 monasterium
1099 3581 1334 3676 Thynczieuse
1360 3583 1521 3673 pertinet.
1548 3583 1589 3653 In
1616 3602 1685 3673 qua
1711 3586 1793 3653 sunt
1818 3581 1968 3671 triginta
1990 3578 2068 3650 lanei

530 3706 781 3797 cmethonales‚
817 3707 901 3778 item
928 3706 1087 3778 scoltetia
1113 3705 1246 3777 habens
1273 3703 1360 3776 duos
1386 3705 1523 3794 laneos,
1559 3704 1644 3774 item
1670 3723 1739 3774 una
1764 3702 1916 3774 taberna
1949 3701 2067 3772 babens

530 3849 643 3920 agros3
671 3829 713 3900 de
742 3829 866 3920 quibus
893 3829 1051 3901 omnibus
1079 3828 1226 3900 solvitur
1261 3825 1395 3898 decima
1421 3825 1609 3916 pecunialis
1640 3845 1705 3915 per
1730 3843 1791 3894 sex
1817 3844 1963 3914 grossos
1987 3841 2066 3893 con·

530 3951 662 4040 munis,
690 3950 733 4021 de
761 3951 916 4041 quolibet
950 3950 1051 4022 laneo
1079 3969 1144 4041 pro
1170 3948 1381 4020 monasterio
1409 3947 1646 4038 Thynoziensi.
1690 3946 1777 4018 Item
1804 3945 1952 4017 ecclesia
1976 3943 2068 4015 babet

530 4073 580 4144 ibi
607 4073 767 4162 proprios
803 4093 906 4163 agros
934 4075 969 4144 et
994 4077 1098 4162 prata
1133 4071 1280 4161 liberos,
1316 4090 1381 4161 pro
1417 4089 1479 4140 suo
1507 4067 1671 4159 praedio,
1706 4085 1773 4138 usu
1803 4071 1840 4137 et
1865 4065 2068 4138 necessitato

530 4194 620 4266 Item
647 4215 765 4266 omnes
800 4195 893 4265 lanei
919 4199 955 4265 et
981 4195 1057 4285 agri
1087 4193 1191 4265 villae
1227 4192 1368 4264 solvunt
1401 4188 1554 4261 oamcbnc
1588 4210 1654 4280 pro
1680 4187 1847 4278 ecclesia,
1875 4193 1913 4259 et
1939 4185 2069 4278 quilibet

394 4363 399 4370 -
531 4317 650 4389 laneus
678 4315 782 4388 solvit
817 4337 921 4388 unam
959 4335 1155 4388 mensuram
1182 4311 1329 4406 siliginis
1365 4306 1401 4386 et
1428 4333 1532 4384 unam
1558 4331 1697 4384 avenae.
1740 4311 1830 4382 Item
1856 4330 1928 4382 non
1954 4312 2006 4382 est
2028 4304 2070 4377 ibi

530 4439 711 4530 praedium
738 4438 946 4528 coenobiale,
974 4457 1086 4528 neque
1112 4436 1354 4509 molendinum.

635 4560 847 4651 Bunowun,
884 4560 967 4631 villa
994 4561 1059 4631 sub
1085 4557 1251 4650 parocbia
1277 4556 1320 4628 de
1348 4555 1613 4628 Warszicze
1640 4555 1727 4644 sita,
1761 4553 1859 4624 cuius
1885 4551 2068 4643 proprietas

532 4681 576 4752 ad
604 4681 850 4753 monasterium
878 4679 1113 4771 Thyncziense
1148 4679 1310 4769 pertinet.
1354 4676 1396 4748 ln
1422 4697 1491 4767 qua
1517 4680 1599 4748 sunt
1633 4674 1726 4746 lanei
1757 4674 2008 4760 cmetbonales‚
2031 4667 2068 4740 de

533 4803 656 4894 quibus
684 4803 830 4876 solvitur
857 4808 893 4873 et
919 4801 1122 4874 conducitur
1150 4800 1283 4872 decima
1302 4854 1309 4869 .
1328 4853 1336 4869 .
1355 4853 1389 4869 ..
1415 4799 1503 4870 Item
1529 4799 1713 4888 tabernae,
1740 4796 1826 4869 item
1851 4792 2066 4878 bortulauiaa

534 4924 618 4996 item
645 4924 835 5015 praedium,
863 4925 944 4994 item
972 4919 1124 4993 masciano
1126 4973 1235 4993 .....

817 5461 1061 5524 ordinariis
1083 5459 1257 5522 MAGNAE
1281 5458 1506 5520 KAZIMIRZA
1527 5455 1608 5518 VEL
1631 5455 1804 5518 VITHOW.

1117 5652 1264 5724 Macra
1288 5651 1514 5724 anrumzi.

640 5775 735 5860 Villa
752 5778 885 5860 habens
903 5777 939 5847 in
957 5795 994 5849 se
1012 5773 1243 5876 parochialem
1263 5773 1443 5849 ecclesiam
1469 5773 1618 5862 ligneam
1642 5769 1789 5846 Sanctm
1806 5765 1909 5845 Cruci
1926 5766 2069 5849 donn,
