4550 6600
1685 802 1758 885 215

213 1002 434 1084 cracoviensi
461 1003 617 1101 solvitur,
645 1012 681 1083 et
708 1004 805 1085 valor
832 1008 905 1087 eius
934 1016 1137 1086 aestimatur
1164 1012 1209 1087 ad
1241 1071 1249 1086 .
1276 1072 1283 1087 .
1312 1073 1319 1087 .
1346 1072 1354 1086 .
1381 1021 1417 1087 et
1443 1014 1591 1089 solvitur
1616 1038 1680 1107 per
1705 1040 1766 1090 sex

212 1153 354 1223 grossos
381 1132 424 1202 de
452 1132 606 1224 quolibet
631 1132 732 1206 laneo
760 1188 768 1203 .
795 1190 803 1204 .
831 1160 858 1225 .;
894 1136 978 1208 item
1004 1136 1111 1208 hahet
1137 1136 1188 1208 ibi
1213 1136 1381 1227 plebanus
1408 1138 1569 1228 proprios
1600 1159 1703 1228 agros
1730 1145 1767 1210 et
1815 1184 1820 1193 -

212 1259 323 1345 prata,
350 1275 414 1344 pro
442 1274 504 1325 suo
531 1275 598 1325 usu
624 1259 660 1324 et
686 1257 903 1327 necessitate.

315 1373 589 1464 Znnnunrczn,
617 1374 702 1446 villa
737 1376 801 1447 sub
828 1377 994 1466 parochia
1021 1377 1063 1449 de
1090 1376 1304 1449 Praerow
1331 1377 1417 1467 sita,
1444 1378 1541 1448 cuius
1567 1378 1765 1451 haereditas

212 1496 254 1568 ad
289 1494 546 1565 serenissimum
582 1494 747 1567 Poloniae
782 1516 900 1585 regern
935 1497 1108 1601 pertinet.¹
1139 1498 1181 1567 In
1214 1518 1283 1587 qua
1317 1504 1399 1584 sunt
1433 1497 1543 1588 lanei,
1571 1499 1613 1569 de
1641 1501 1765 1589 quihus

214 1615 346 1687 decima
373 1636 437 1704 pro
464 1616 625 1706 episcopo
652 1615 884 1706 Crotoniensi,
911 1624 947 1687 et
973 1617 1072 1688 valor
1098 1614 1173 1688 eius
1200 1618 1244 1689 ad
1270 1618 1417 1705 triginta
1442 1639 1577 1689 marcas
1604 1622 1765 1691 aestima·

210 1742 277 1807 tur.
304 1736 392 1806 Item
420 1742 474 1805 est
500 1736 549 1807 ibi
577 1736 756 1825 praedium
783 1737 908 1826 regale,
936 1737 979 1808 de
1007 1757 1074 1826 quo
1102 1738 1236 1809 decime
1262 1737 1410 1827 plebano
1428 1738 1464 1808 in
1490 1736 1712 1812 Przerow.

313 1854 584 1946 WrsnczcmA,
611 1856 694 1928 villa
729 1857 793 1929 sub
828 1857 995 1947 parochia
1022 1856 1065 1928 de
1091 1855 1304 1929 Przerow
1331 1859 1418 1947 sita,
1445 1859 1541 1929 cuius
1567 1862 1764 1950 proprietas

211 1975 253 2046 ad
279 1996 398 2066 regem
426 1978 588 2066 pertinet.
615 1976 655 2047 In
682 1997 751 2067 ¹qua
778 1982 859 2049 sunt
884 1978 975 2047 lanei
1003 1979 1245 2067 emethonales‚
1272 1978 1316 2047 de
1343 1979 1468 2067 quihus
1486 1979 1653 2051 medietas
1671 1981 1764 2052 deci-

210 2117 285 2167 mae
313 2118 379 2187 pro
406 2098 566 2187 episcopo
594 2095 827 2187 cracoviensi,
854 2104 891 2169 et
916 2097 1085 2169 medietas
1112 2118 1176 2188 pro
1203 2098 1350 2189 plebano
1368 2099 1405 2169 in
1431 2098 1582 2172 Lelow
1609 2102 1764 2197 solvitur.
1827 2111 1833 2120 “

651 2216 655 2229 “
912 2219 1062 2291 Zonnw.

312 2338 409 2410 Villa
444 2338 575 2411 hahens
612 2338 648 2409 in
675 2360 712 2410 se
739 2338 972 2428 parochialem
1006 2324 1188 2410 ¹ecclesiam
1215 2338 1331 2429 lapide
1357 2346 1547 2430 muratam,
1575 2346 1611 2411 et
1636 2340 1762 2413 Sancto

213 2458 480 2531 Bartholomaeo
508 2460 666 2548 dicatam,
695 2459 791 2530 cuius
810 2460 934 2531 haeres
952 2458 1129 2530 dohannes
1148 2457 1345 2531 Zaramba
1372 2459 1414 2530 de
1433 2460 1539 2531 armis
1556 2459 1764 2533 Zaramba.

210 2579 247 2651 In
275 2600 345 2671 qua
373 2585 453 2653 sunt
480 2579 741 2670 quatuordecim
776 2580 870 2651 lanei
897 2580 1149 2669 emethonales,
1176 2580 1219 2651 de
1247 2580 1372 2670 quibus
1399 2580 1548 2651 solvitur
1573 2586 1609 2651 et
1636 2583 1763 2653 condu-

182 2748 188 2753 -
211 2702 299 2771 citur
322 2700 456 2771 decima
473 2700 698 2790 manipularis
725 2706 760 2771 et
787 2700 961 2792 canapalis
986 2702 1185 2790 praeposito
1212 2701 1414 2771 monasterii
1442 2699 1699 2792 Msthoviensis
1726 2709 1763 2773 et

211 2822 306 2893 valor
333 2822 410 2891 eius
437 2822 642 2892 aestimatur
677 2821 721 2891 ad
749 2820 928 2892 duodecim
956 2842 1099 2892 marcas
1138 2820 1227 2892 Item
1254 2826 1336 2892 sunt
1361 2821 1411 2891 ibi
1437 2822 1605 2892 tabernae
1632 2822 1761 2893 hahen-

211 2948 262 3013 tes
289 2962 414 3032 agros,
441 2942 524 3011 item
555 2942 733 3032 praedium
774 2942 942 3032 militare,
979 2942 1022 3012 de
1050 2942 1174 3033 quibus
1200 2942 1350 3013 solvitur
1376 2940 1509 3012 decima
1533 2943 1760 3033 manipularis

213 3064 376 3133 ecclesiae
411 3064 446 3133 in
472 3061 639 3134 Zoraw.

316 3182 463 3275 Lusum,
490 3184 574 3257 villa
600 3184 665 3256 sub
691 3184 856 3274 parochia
882 3183 1047 3255 ecclesiae
1075 3183 1118 3255 de
1145 3180 1303 3255 Zoraw
1330 3185 1407 3274 sita,
1434 3182 1532 3255 ouius
1557 3184 1762 3256 haeres...

214 3301 526 3396 Gorzkowshy
553 3307 596 3378 de
621 3307 727 3377 armis
755 3361 762 3376 .
789 3361 796 3376 .
825 3361 832 3376 .
867 3306 909 3377 In
935 3327 1004 3397 qua
1030 3312 1112 3376 sunt
1138 3305 1230 3376 lanei
1257 3305 1509 3396 cmethonaleS‚
1537 3307 1619 3376 item
1645 3308 1762 3378 taher-

212 3447 283 3518 nae,
310 3427 353 3498 de
384 3429 507 3517 quihus
535 3427 693 3498 omnibus
721 3424 867 3499 solvitur
894 3433 929 3497 et
956 3427 1161 3498 conducitur
1187 3427 1320 3497 decima
1345 3426 1569 3516 manipularis
1597 3433 1632 3498 et
1658 3447 1761 3498 cana-
1812 3483 1817 3492 .

213 3549 296 3637 palis
322 3549 587 3638 praepositurae
613 3547 857 3638 Msthoviensi,
884 3554 920 3619 et
947 3548 1045 3619 valor
1071 3549 1147 3617 eius
1174 3548 1378 3618 aestimatur
1404 3547 1476 3618 ad.
1503 3602 1511 3618 .
1538 3602 1546 3617 .
1572 3547 1661 3619 Item
1680 3554 1762 3619 sunt

212 3669 245 3738 in
271 3670 392 3740 eadem
419 3671 502 3741 villa
529 3670 596 3741 duo
624 3669 767 3760 praedia
792 3669 967 3758 militaria,
995 3667 1037 3738 de
1065 3669 1191 3757 quihus
1217 3668 1365 3741 solvitur
1384 3668 1517 3738 decima
1533 3668 1760 3758 manipularis

216 3790 377 3862 ecclesiae
404 3791 440 3862 in
466 3789 634 3863 Zoraw.

310 3912 470 4002 Woarn,
497 3912 581 3982 villa
608 3913 672 3983 suh
699 3911 867 4001 parochia
894 3909 936 3981 de
963 3907 1120 3982 Zoraw
1151 3909 1236 4000 sita,
1263 3908 1360 3981 cuius
1387 3907 1555 3980 haeredes
1580 3906 1759 3982 Johannes

176 4015 249 4103 '‘et
273 4031 439 4104 Nicolaus
465 4032 736 4116 Mohresscz
744 4054 767 4123 y
794 4032 836 4102 de
864 4031 996 4102 armis.
1024 4085 1031 4100 .
1059 4086 1066 4099 .
1094 4085 1101 4100 .
1128 4031 1169 4100 ln
1197 4051 1265 4120 qua
1291 4036 1373 4101 sunt
1398 4030 1491 4102 lanei
1517 4030 1760 4118 cmethonaleS,

216 4151 254 4223 de
280 4155 406 4244 quihus
432 4153 579 4225 solvitur
605 4151 737 4224 decima
763 4151 952 4243 pecunialis
979 4151 1022 4224 de
1050 4149 1205 4241 quolibet
1230 4151 1330 4223 laneo
1357 4171 1421 4242 per
1447 4206 1454 4221 .
1482 4205 1490 4221 .
1517 4206 1525 4220 .
1551 4153 1762 4223 monasterio

216 4275 248 4344 in
273 4275 470 4347 Msthow
497 4330 504 4345 .
532 4275 544 4345 .'
568 4329 575 4344 .
601 4275 688 4345 Item
716 4274 896 4364 praedium
923 4295 992 4345 non
1019 4279 1082 4344 est.

314 4395 581 4486 Kosmozrozn‚
608 4393 691 4467 villa
719 4395 782 4467 sub
810 4395 975 4485 parochia
1002 4394 1044 4464 de
1071 4393 1230 4465 Zoraw
1257 4394 1343 4484 sita,
1371 4396 1468 4465 cuius
1494 4394 1691 4484 proprietas
1717 4393 1761 4465 ad

216 4517 447 4608 praepositum
473 4517 746 4589 Msthoviensem
773 4516 936 4606 pertinet.
963 4515 1003 4586 In
1031 4536 1099 4605 qua
1126 4521 1207 4586 sunt
1232 4515 1325 4585 lanei
1352 4515 1595 4604 emethonales,
1623 4514 1666 4584 de
1685 4494 1779 4604 qui-⁶

217 4638 276 4707 hus
310 4640 459 4710 solvitur
494 4639 627 4711 decima
661 4638 888 4728 manipularis
924 4637 1034 4708 eidem
1071 4636 1271 4727 praeposito
1308 4637 1343 4707 in
1370 4634 1411 4706 M
1419 4637 1575 4725 sthow,
1592 4641 1638 4706 'et
1664 4635 1762 4708 valor

217 4759 285 4829 eius
311 4761 514 4832 aestimatur
540 4760 583 4831 ad
611 4815 619 4830 .
647 4815 653 4829 .
682 4815 689 4829 .
716 4757 903 4830 Praedium
929 4779 998 4830 non
1026 4764 1087 4829 est.

312 4880 506 4971 Zneonzn,
534 4881 617 4952 villa
652 4880 716 4952 sub
753 4879 917 4970 parochia
944 4879 987 4950 de
1014 4877 1172 4950 Zoraw
1200 4878 1285 4968 sita,
1312 4877 1408 4949 euius
1434 4877 1558 4948 haeres
1583 4863 1760 4949 Johannes
1838 4904 1846 4913 ’

218 4997 504 5094 Pothoczslry
532 5001 574 5073 de
601 5001 706 5072 armis
734 5000 1017 5092 Srzenyaua.
1043 4999 1084 5068 In
1112 5019 1181 5088 qua
1200 5004 1280 5068 sunt
1296 4997 1389 5069 lanei
1408 4997 1652 5087 amethonales,
1675 4999 1760 5069 item

218 5122 364 5213 taberna,
391 5123 473 5193 item
500 5122 727 5212 hortulaniae‚
755 5121 797 5192 de
825 5120 949 5210 quibus
977 5119 1124 5190 solvitur
1151 5125 1188 5190 et
1214 5118 1418 5190 conducitur
1444 5118 1577 5188 decima
1602 5119 1760 5208 manipu-

219 5239 296 5314 laris
323 5250 358 5315 et
385 5243 560 5335 canapalis
587 5243 797 5314 monasterio
834 5241 1085 5328 Msthoviensi3
1120 5241 1204 5310 item
1232 5245 1287 5310 est
1313 5240 1362 5310 ibi
1387 5237 1569 5328 praedium
1596 5239 1758 5329 militare,

221 5361 259 5432 de
283 5365 379 5436 cuius
405 5366 499 5454 agris
526 5365 672 5436 solvitur
699 5363 831 5434 decima
856 5361 1081 5452 manipularis
1108 5359 1273 5430 ecclesiae
1300 5361 1336 5429 in
1363 5357 1552 5430 Pothoh.

316 5485 569 5576 Lusnawrezn,
596 5485 679 5556 villa
706 5485 769 5556 suh
797 5483 963 5574 parochia
989 5481 1154 5552 ecclesiae
1177 5479 1220 5550 de
1238 5477 1397 5551 Zoraw
1423 5479 1501 5569 sita,
1519 5479 1617 5551 cuius
1636 5479 1759 5553 haeres

222 5601 389 5678 lohannes
415 5591 442 5677 Z
452 5607 645 5678 aramba.
672 5606 710 5676 In
731 5626 799 5697 qua
816 5610 898 5674 sunt
916 5609 993 5675 octo
1012 5601 1101 5672 lanei
1120 5600 1363 5691 emethonales,
1381 5601 1463 5672 item
1481 5601 1657 5691 tabernae,
1675 5601 1759 5673 item

223 5723 447 5823 hortulanus,
474 5729 517 5800 de
544 5719 668 5819 quibus
704 5725 851 5801 solvitur
884 5723 1016 5798 decima
1042 5721 1268 5814 manipularis
1295 5728 1331 5794 et
1357 5721 1532 5815 canapalis
1558 5725 1757 5818 praeposito
