4550 6600
422 764 597 835 ‘sao
744 721 753 736 “

521 965 792 1041 illustrissimum
819 961 985 1035 Poloniae
1011 980 1129 1052 regern
1156 959 1318 1051 pertinet.
1361 959 1402 1031 In
1430 978 1501 1051 qua
1526 956 1685 1031 undecim
1711 958 1804 1029 lanei
1830 957 2051 1053 cmethoualau

522 1091 608 1162 item
634 1087 801 1159 tabernac
827 1088 901 1157 tres
918 1083 1088 1157 hahentes
1115 1102 1237 1173 agros,
1264 1080 1450 1173 dequibus
1477 1080 1636 1153 omnihus
1652 1079 1802 1187 solvitur
1819 1083 1857 1151 et
1873 1079 2053 1155 conducitur
2126 1118 2127 1167 ;

521 1211 654 1283 decima
679 1207 904 1298 manipularis
930 1208 968 1277 et
984 1204 1162 1297 canapalis
1188 1224 1251 1294 pro
1279 1203 1438 1275 custodia
1464 1201 1752 1291 Sandomiriensi,
1779 1201 1880 1273 cuius
1905 1202 2052 1277 valorad

520 1334 639 1405 decem
656 1350 800 1401 marcas.
843 1329 932 1399 Item
958 1330 1013 1405 est
1029 1325 1079 1397 ihi
1097 1324 1277 1416 praedium
1303 1324 1430 1415 regale,
1457 1324 1501 1397 de
1518 1324 1616 1397 cuius
1634 1324 1729 1413 agris
1756 1323 1946 1395 decimatur
1962 1326 2051 1399 mani-
2126 1356 2127 1403 1

520 1454 604 1545 pulo
630 1451 794 1523 ecclesiae
829 1449 866 1521 in
892 1445 925 1519 G
933 1446 1109 1539 yedlna.
1149 1446 1237 1519 Item
1275 1450 1357 1517 suut
1391 1445 1440 1517 ihi
1467 1446 1556 1519 deae
1583 1444 1801 1519 hortulaniae
1827 1444 1890 1519 aed
1916 1468 1981 1519 non
2003 1447 2052 1519 ha·

521 1576 607 1647 hant
633 1592 747 1663 agros.

1192 1686 1404 1760 Tuszczow.
1699 1765 1701 1769 ,

625 1812 721 1885 Villa
745 1810 878 1883 habens
906 1810 943 1881 in
961 1829 1001 1881 se
1018 1807 1199 1880 ecclesiam
1217 1808 1450 1901 parochialem
1468 1808 1627 1900 ligneam,
1655 1808 1780 1881 Sancto
1809 1864 1816 1881 .
1835 1864 1843 1879 .
1863 1862 1871 1880 .
1890 1862 1898 1879 .
1915 1810 2053 1903 mmmm,

506 1935 619 2009 'umus
655 1933 853 2025 proprietas
892 1930 937 2003 ad
972 1929 1244 2003 illustrissimum
1279 1929 1444 2003 Poloniaa
1481 1951 1597 2021 regem
1623 1930 1786 2021 pertinet.
1830 1931 1873 2003 lu
1899 1952 1965 2022 qua
1987 1942 2053 2007 sunt

523 2056 649 2147 vigInti
673 2054 766 2126 lanei
792 2052 1045 2142 cmethouales,
1072 2051 1116 2123 de
1143 2051 1268 2142 quibus
1295 2052 1443 2125 solvitur
1470 2056 1505 2123 et
1531 2051 1734 2125 conducitur
1759 2052 1896 2125 decima
1920 2056 2053 2147 manipu-

521 2179 607 2249 laris
633 2183 668 2249 et
695 2176 870 2267 canapalis
904 2195 968 2267 pro
995 2173 1155 2245 custodIa
1181 2172 1471 2263 Sandomiriensi‚
1507 2174 1604 2249 cuius
1631 2174 1729 2246 valor
1764 2174 1809 2247 ad
1837 2175 1959 2265 uiginti
1983 2176 2052 2251 duas

522 2320 658 2373 marcas
684 2299 898 2369 aestimatur.
937 2296 1026 2367 Item
1053 2302 1136 2368 sunt
1161 2295 1211 2367 ihi
1237 2296 1404 2369 tabernae
1430 2294 1603 2385 undecim,
1630 2296 1692 2369 sed
1709 2316 1779 2369 non
1805 2297 1938 2371 hahent
1961 2320 2052 2390 agros,

523 2422 607 2493 item
641 2418 861 2492 hortulaniae
896 2416 985 2489 duae
1020 2420 1121 2507 sunt,
1156 2415 1217 2489 sed
1252 2436 1322 2487 non
1348 2416 1478 2489 habent
1508 2436 1621 2507 agros.
1665 2416 1753 2489 Item
1780 2422 1837 2491 ost
1864 2417 1914 2491 ihi
1938 2420 2051 2491 unicuu

523 2538 704 2630 praedium
730 2538 882 2627 regium,
909 2536 953 2608 de
971 2536 1068 2607 cuius
1085 2535 1180 2626 agris
1199 2535 1392 2607 decimatur
1410 2536 1576 2608 ecclesiae
1602 2536 1639 2607 in
1667 2536 1953 2611 Thrchczou.
1982 2540 2052 2613 Itan
2126 2516 2127 2519 Ἴ

523 2661 692 2753 plebanus
718 2659 826 2731 habet
852 2658 902 2729 ihi
928 2678 1032 2747 agros
1058 2656 1227 2747 speciales
1255 2662 1291 2744 et
1317 2662 1437 2749 prata,
1465 2678 1528 2748 pro
1555 2678 1618 2729 suo
1645 2679 1711 2731 usu
1737 2665 1774 2731 at
1791 2660 1998 2733 necessitate.

628 2782 871 2869 Boanum,
897 2778 982 2850 villa
999 2778 1064 2851 sub
1081 2779 1249 2869 parochia
1275 2778 1318 2850 de
1338 2779 1614 2853 Thschczow
1642 2778 1729 2870 sita,
1765 2781 1866 2853 culus
1884 2782 2052 2873 proprietas

524 2904 572 2975 ad
600 2902 793 2993 dapiferum
826 2900 1142 2979 Sandomirienseur
1177 2921 1241 2991 pro
1264 2905 1435 2991 tempore,
1461 2902 1624 2991 pertinet.
1667 2901 1708 2973 ln
1727 2922 1796 2993 qua
1813 2908 1897 2975 sunt
1912 2904 2050 2977 tredecim

522 3024 617 3115 lanei
643 3022 895 3111 cmethouales,
931 3021 975 3093 de
1003 3021 1129 3112 quibus
1155 3022 1315 3098 omnihus
1342 3022 1491 3094 solvitur
1517 3028 1554 3094 et
1580 3022 1784 3095 conducitur
1810 3022 1943 3097 decima
1966 3026 2051 3097 mani-

524 3145 657 3235 polaris
684 3149 721 3215 et
744 3143 934 3233 canapalis,
960 3163 1024 3233 pro
1052 3142 1210 3235 custodia
1236 3141 1527 3233 Sandomi'rieusi‚
1554 3144 1651 3217 errius
1678 3143 1775 3217 valor
1802 3146 1997 3219 aestlmatur
2018 3147 2051 3217 ad

524 3265 692 3338 tredecim
718 3284 861 3336 marcas.
905 3263 994 3354 Item
1020 3268 1103 3340 sunt
1128 3264 1179 3336 ibi
1204 3263 1371 3338 tabernac
1398 3264 1497 3356 duae,
1525 3264 1587 3338 sed
1604 3286 1674 3340 non
1691 3265 1823 3340 hahent
1851 3286 1960 3358 agros.
1982 3267 2050 3340 lten

525 3386 744 3460 hortulaniae
770 3406 840 3456 non
856 3390 947 3458 suut.
972 3385 1061 3458 Item
1077 3385 1258 3476 praedium
1277 3391 1332 3458 est
1349 3386 1399 3458 ihi
1426 3386 1563 3458 unicum
1590 3386 1759 3477 militare,
1787 3387 1918 3481 dequo
1943 3389 2050 3462 decim

526 3507 753 3598 manipularis
780 3507 928 3579 solvitur
954 3507 1119 3580 ecclesiae
1146 3507 1183 3580 iu
1211 3507 1499 3582 Thechczow.
1607 3581 1612 3590 ,

629 3630 954 3720 Banruoozrnru,
990 3629 1074 3701 villa
1100 3630 1164 3702 suh
1191 3630 1358 3721 parochia
1384 3629 1428 3702 de
1455 3629 1731 3726 Thschczow
1759 3631 1846 3724 sita,
1875 3634 1967 3708 cuius
1989 3653 2050 3724 pro

527 3754 663 3844 prietas
690 3751 734 3824 ad
761 3751 1036 3824 illustrissimum
1062 3751 1228 3826 Poloniae
1254 3772 1372 3844 regem
1398 3752 1560 3843 pertinet.
1603 3753 1645 3824 In
1671 3774 1740 3844 qua
1764 3761 1849 3828 sunt
1874 3755 2052 3830 undana

525 3873 699 3964 thonales‚
725 3874 811 3946 item
829 3873 897 3946 duo
915 3873 1008 3946 lanei
1025 3873 1252 3963 scoltetiales,
1275 3873 1319 3946 de
1338 3873 1462 3964 quihus
1481 3873 1640 3948 omnihus
1658 3874 1807 3948 solvitur
1824 3881 1864 3948 et
1880 3875 2051 3950 conducitur

527 3996 662 4068 decima
688 3996 915 4086 manipularis
941 4001 979 4068 et
996 3995 1172 4086 cenapolis
1198 4016 1262 4085 pro
1281 3995 1428 4086 ecclesia
1453 3995 1801 4087 inThsehczou,
1828 4005 1867 4070 et
1885 3998 1975 4072 solor
1996 3997 2051 4070 ou

345 4127 351 4134 '
406 4111 411 4120 ’
528 4119 735 4190 aestimatur
763 4116 808 4188 ad
834 4117 960 4207 viginti
985 4138 1130 4189 marcas.
1170 4116 1259 4188 Item
1285 4117 1471 4206 tabernae,
1498 4118 1581 4190 item
1608 4118 1829 4192 hortulaniae
1848 4173 1857 4190 .
1876 4175 1883 4190 .
1901 4173 1909 4190 .

631 4236 801 4328 Oranus,
828 4237 913 4310 villa
938 4236 1003 4309 suh
1029 4237 1197 4328 parochia
1223 4237 1267 4308 de
1294 4236 1468 4310 Szucha
1495 4239 1581 4329 sita,
1617 4239 1714 4312 cuius
1741 4240 1925 4314 haeredes:
1950 4239 2048 4312 Potrur

527 4358 725 4433 Saulima
752 4365 788 4430 et
814 4358 1069 4450 Szkarbek,
1095 4365 1133 4431 et
1160 4359 1353 4430 Stanialans
1380 4358 1423 4430 de
1442 4359 1548 4432 armis
1575 4360 1797 4452 Saulyma
1837 4363 1879 4434 In
1906 4383 1968 4453 qua
1989 4363 2050 4432 sunl

526 4481 619 4554 lanei
645 4480 893 4570 cmethouales,
921 4480 1107 4571 dequibus
1134 4480 1283 4552 solvitur
1310 4480 1443 4553 decima
1468 4483 1694 4574 maniprdaris
1720 4503 1784 4573 pro
1812 4484 1964 4556 custodia
1985 4481 2050 4554 Sau-

528 4602 744 4688 caminensi,
772 4607 808 4674 et
826 4603 924 4674 valor
951 4602 1025 4674 eius
1052 4602 1259 4674 aestimatur
1285 4602 1330 4673 ad
1348 4608 1498 4694 quatuor
1524 4623 1669 4676 mareas.
1708 4604 1795 4676 Item
1823 4611 1905 4678 sunt
1930 4605 1973 4677 ihi
1994 4609 2049 4674 tres

526 4726 713 4814 tabernae,
748 4723 832 4796 item
858 4723 1087 4796 hortulaniae.
1127 4723 1217 4796 Item
1253 4729 1334 4796 sunt
1360 4723 1410 4796 ibi
1437 4730 1586 4816 quatuor
1617 4726 1761 4816 praedia
1786 4725 2048 4817 muitum-tan

527 4846 660 4936 aliquot
685 4846 778 4917 lanei
804 4845 1039 4918 cmethonales
1066 4846 1340 4936 ultramuros,
1367 4845 1410 4918 de
1438 4847 1563 4938 quihus
1591 4849 1739 4922 solutor
1766 4847 1900 4922 decima
1923 4847 2048 4937 manipu-

527 4968 611 5038 laris
639 4989 703 5058 pro
730 4968 876 5041 ecclesia
901 4967 1094 5059 parochiali
1128 4968 1166 5041 ln
1193 4967 1481 5067 Thschczou,
1517 4973 1553 5042 et
1578 4969 1677 5044 valor
1702 4970 1777 5044 eius
1805 4964 2047 5046 aesdmaturad

1215 5207 1394 5284 Gonmrn.

630 5332 726 5404 Villa
751 5332 883 5405 habens
910 5331 1145 5423 parochialem
1171 5332 1351 5406 ecclesiam
1376 5333 1414 5406 in
1441 5352 1478 5404 ae
1505 5333 1665 5425 ligneam,
1692 5333 1798 5407 Sauct
1815 5387 1952 5406 ......
1974 5331 2044 5404 dica·

528 5459 615 5543 tam,
647 5455 744 5526 cuius
771 5455 894 5526 haeres
912 5454 1100 5528 ⁴Iohannes
1119 5453 1361 5546 Sbosszky
1388 5454 1431 5528 dc
1449 5455 1556 5528 armis
1584 5456 1797 5528 Nalancz.
1837 5457 1878 5530 In
1902 5477 1966 5548 qua
1988 5453 2047 5524 sunt

528 5575 621 5645 lanei
648 5576 899 5666 cmethouales,
935 5577 978 5648 de
1006 5577 1131 5667 quibus
1159 5576 1384 5668 manipularis
1411 5576 1561 5666 decima,
1598 5583 1634 5650 et
1668 5599 1732 5669 per
1758 5582 1905 5670 quamor
1936 5577 2043 5664 ionga

533 5697 711 5786 cenapolis
749 5697 896 5771 soletur
931 5698 1158 5772 scholastriae
1193 5697 1483 5790 Sauronisena,
1519 5703 1555 5770 et
1580 5699 1680 5774 valor
1708 5699 1783 5774 eiua
1810 5689 2046 5774 acmnaturd
