4550 6600
505 722 578 795 332
1053 750 1069 792 a
1206 788 1211 797 .

603 927 806 999 Wrssonrn
833 923 955 1013 tertia,
982 907 1066 993 uilla
1092 921 1158 993 sub
1184 918 1352 1010 parochia
1377 917 1422 990 de
1449 917 1721 1007 Scae-plicae
1744 914 1954 1005 sirmeum
1974 914 2050 989 hee·
2129 981 2130 1028 3

500 1050 619 1122 redes:
645 1044 839 1119 Dobeslaus
874 1040 1191 1133 Bisszowsky,
1217 1044 1254 1113 et
1288 1034 1641 1111 Prandotha'de
1667 1037 1775 1109 armis
1798 1036 2051 1129 Nyecnuya
2129 1099 2130 1112 ,

403 1162 405 1167 ’
503 1177 540 1241 et
573 1169 728 1240 lacobus
764 1166 807 1239 de
842 1165 949 1237 armis
984 1162 1316 1251 Odrowansch,
1351 1165 1389 1232 et
1423 1158 1577 1233 lacobus
1610 1156 1984 1249 alug'ossnowekp
2014 1158 2052 1229 de

501 1289 739 1361 Habdanh.
765 1288 902 1377 Inque
926 1292 1011 1357 sunt
1036 1302 1160 1357 novem
1187 1282 1280 1355 lanai
1306 1281 1662 1371 cmetboeeleeitam
1687 1301 1758 1353 una
1782 1280 1955 1368 tabema,
1979 1278 2054 1350 iton

502 1417 576 1483 tres
603 1410 822 1481 hortulaniae
855 1408 1025 1490 habentes
1060 1426 1183 1495 agros,
1208 1404 1252 1476 de
1279 1403 1405 1494 quibus
1432 1403 1592 1475 omnibus
1618 1401 1767 1475 solvitur
1790 1407 1831 1473 ot
1846 1399 2055 1473 conducitur

503 1534 637 1605 decima
663 1529 889 1619 manipularis
916 1533 953 1601 et
979 1525 1154 1617 oauapalis
1179 1546 1245 1616 pro
1260 1522 1555 1597 archidiaconum
1581 1522 1875 1611 Sanmnitium,
1903 1526 1942 1593 et
1966 1520 2055 1594 raim

503 1654 578 1725 eins
612 1651 821 1723 aestimatur
857 1648 902 1721 ud
938 1648 1056 1719 decem
1092 1666 1238 1719 mareas.
1276 1646 1366 1719 Item
1388 1649 1455 1719 eet
1480 1644 1540 1717 eibi
1557 1643 1746 1735 praedium
1765 1642 1903 1717 sembi
1916 1640 2057 1715 ¹Odro·

393 1782 396 1788 ’
502 1773 693 1860 mensch,
720 1770 764 1843 de
789 1792 858 1861 quo
886 1768 1079 1843 decimatum
1105 1768 1272 1841 eeclesiae
1288 1766 1335 1839 in
1355 1764 1645 1857 Suaeglicze.
1661 1765 1758 1837 dtem
1777 1763 2057 1855 estihipunrta

503 1893 720 1982 hortulanis,
746 1892 791 1965 de
824 1912 896 1983 qua
922 1912 986 1983 pro
1012 1890 1202 1963 medietate
1233 1888 1431 1963 decimatur
1451 1885 2058 1977 wambariniani-annominaret,

505 2023 541 2089 et
568 2035 632 2106 pro
658 2014 846 2087 medietate
873 2012 1039 2103 eeclesiae
1062 2012 1098 2085 in
1124 2010 1395 2102 Kyelozina

613 2135 729 2207 Villae
764 2134 997 2226 parochiales:
1033 2132 1323 2222 Sczeglicze,
1349 2130 1734 2220 Domaradzicze,
1767 2129 2059 2221 Zagornicae,

505 2255 862 2345 Panozlawiaze,
880 2254 1121 2344 Laeiszlra,
1136 2246 1527 2344 ‘Wissobyaalcaia
1544 2248 2058 2343 Wiesokpetartiaillys

350 2476 354 2484 Ι
507 2379 659 2471 salpe,
687 2378 849 2469 Wolya
873 2370 1241 2449 Panczalaweka

1165 2493 1395 2569 bosionem.

610 2620 705 2693 Villa
731 2620 863 2703 babens
890 2618 1069 2692 ecclesiam
1086 2617 1332 2709 parochialem
1345 2620 1530 2691 muratam
1560 2615 1677 2707 lepide
1692 2616 1739 2689 -iu
1765 2636 1822 2706 se,
1845 2620 1889 2688 et
1905 2614 2059 2689 dicatum

506 2742 744 2831 Assumptioni
770 2741 902 2813 Beatae
928 2740 1064 2811 Mariae
1092 2738 1261 2830 Virginis,
1286 2738 1385 2811 meina
1411 2742 1526 2811 rector
1544 2736 1737 2811 Stanislaus
1755 2738 1955 2829 presbyter,
1970 2738 2061 2809 cuius

506 2864 631 2933 haeres
659 2861 819 2933 Andreas
847 2860 1319 2951 Glymyuuthowezky
1345 2858 1472 2931 nobilis
1490 2858 1653 2931 dedomo
1680 2858 2059 2949 bipponninmln

507 3004 576 3073 qua
602 2988 683 3054 sunt
709 2982 802 3053 lanei
827 2981 1082 3071 emethonales,
1109 2980 1153 3053 de
1180 2979 1304 3071 quibus
1328 2979 1508 3073 perceptio
1531 2978 1689 3053 decimae
1708 2978 1892 3068 'vammum
1908 2998 1999 3052 mm
2022 2978 2060 3050 de

506 3104 636 3193 campis
663 3124 726 3175 seu
752 3104 847 3193 agris
873 3122 995 3174 versus
1022 3101 1219 3193 aquilonem
1246 3106 1283 3173 et
1309 3120 1432 3175 versus
1447 3120 1618 3175 -occasmu
1638 3100 1729 3173 ⁴solis
1742 3121 1866 3192 -uepue
1879 3100 1944 3175 aa
1968 3120 2059 3191 gapt

509 3226 592 3297 item
629 3224 767 3296 exalia
801 3229 903 3316 parte
937 3223 1042 3297 villae
1077 3243 1199 3297 versus
1234 3222 1434 3314 meridiem,
1459 3242 1524 3315 per
1550 3221 1998 3316 necessariamque
2021 3220 2060 3293 ad

506 3346 614 3436 gades
642 3346 744 3418 villae
771 3345 998 3436 Zakrzow‚
1022 3345 1159 3418 decima
1176 3345 1466 3437 marripolariset
1492 3345 1668 3436 mapalia
1690 3344 1844 3420 sotrum
1869 3349 1910 3418 et
1936 3344 2058 3418 wudu

507 3469 598 3539 citur
625 3489 688 3558 pro
715 3467 863 3540 ecelesia
888 3467 924 3540 in
952 3465 1192 3557 Gozlicze3
1218 3468 1302 3540 item
1328 3466 1373 3540 de
1398 3465 1493 3558 agria
1519 3463 2060 3558 dudem-villmsitis-au'fflb

510 3589 709 3678 passionum
745 3587 895 3680 Christi,
923 3610 1032 3681 usque
1067 3588 1113 3662 ad
1147 3610 1253 3680 agros
1289 3589 1392 3664 villae
1417 3587 1598 3679 Curam,
1622 3587 1772 3664 solvitur
1794 3593 1835 3662 et
1861 3587 2060 3682 conducitur

508 3709 640 3782 decima
666 3709 892 3802 manipularis
920 3716 957 3784 et
983 3711 1160 3802 canapalis
1186 3731 1251 3802 pro
1265 3709 1423 3784 eeclesia
1447 3710 1485 3782 in
1512 3708 1755 3802 Wlosto3m3
1778 3710 1874 3786 „iton
1895 3709 2060 3801 dte-agris

507 3851 629 3904 versus
656 3832 931 3906 llikowicze
959 3837 1003 3918 ,at
1039 3832 1203 3904 Zukow
1238 3832 1335 3922 sitis,
1357 3831 1509 3906 solmon
1534 3835 1572 3904 et
1597 3830 1802 3906 conducitur
1826 3831 2061 3923 paneadam

508 3952 609 4024 Beati
636 3951 736 4024 Pauli
763 3957 862 4024 entra
889 3975 1007 4026 muros
1034 3952 2060 4045 Sandomirionses.1mminescanella-astronomos

508 4075 647 4144 unicum
683 4073 854 4164 militare,
889 4074 933 4146 de
970 4073 1068 4146 cuins
1104 4074 1199 4165 agris
1235 4075 1382 4148 solvitur
1416 4073 1553 4148 desim
1582 4073 1811 4167 manipularis
1824 4072 2059 4150 -ecclcsiaein

508 4191 737 4266 Gozlicze.
777 4195 864 4266 Item
900 4195 1006 4268 habet
1041 4215 1158 4266 aream
1200 4195 1413 4287 praedialem
1446 4196 1592 4268 liberam
1623 4216 1689 4286 pro
1721 4196 1884 4286 ccclesia,
1905 4201 1959 4270 et
1993 4201 2060 4268 tros

508 4335 610 4388 arvos
638 4336 699 4388 seu
726 4335 865 4406 campos
892 4321 987 4388 retro
1013 4315 1154 4390 domum
1171 4317 1330 4408 plebani,
1356 4339 1434 4390 cum
1459 4323 1562 4408 preto
1588 4323 1627 4390 et
1643 4316 1779 4392 duabus
1795 4317 1951 4408 piscinis.
1970 4297 2095 4390 -lten‘

508 4437 615 4509 hahet
640 4438 820 4510 tabernam
846 4437 1033 4510 habentem
1060 4458 1163 4538 agros
1189 4443 1227 4511 et
1252 4438 1463 4530 bertetrude
1481 4459 1549 4530 qino
1567 4439 1636 4512 sibi
1651 4460 1717 4530 pro
1737 4459 1843 4512 ceusu
1859 4439 2057 4514 salvitate..

507 4558 596 4632 Item
622 4560 730 4632 habet
756 4578 859 4630 unam
886 4559 1119 4632 hortulaniam
1133 4560 1332 4633 habentem
1358 4580 1473 4651 agros,
1494 4580 1590 4652 uuae
1614 4560 1859 4636 sibiselvit...

613 4680 824 4772 Durmnom,
841 4679 935 4752 'villa
961 4681 1025 4754 sub
1052 4682 1220 4773 parochia
1244 4681 1289 4754 de
1308 4679 1643 4756 -Goalinzeata
1660 4682 1711 4755 :ln
1729 4682 2058 4774 premeditatu-

509 4823 589 4873 nam
617 4808 653 4874 ot
680 4822 796 4874 aream
822 4802 1149 4894 habentemagros,
1175 4823 1264 4896 puae
1281 4803 1397 4878 solvit
1416 4803 1588 4878 ecelesiae
1614 4824 1679 4895 pro
1692 4824 1811 4878 cumn
1837 4858 1846 4875 .
1872 4858 1881 4874 .
1907 4857 1926 4898 ·.
1943 4859 1952 4874 .
1967 4804 2058 4878 ultan

508 4923 614 4996 habet
639 4923 873 5008 hortulaniam
900 4923 1029 4998 ibidem
1055 4925 1242 4998 habentem
1264 4945 1383 5016 »agrae
1410 4930 1447 4998 et
1462 4924 1517 5000 =de
1543 4925 2059 5018 umopne;poroipitaoainan;

508 5049 585 5116 tota
611 5064 694 5116 vero
720 5044 861 5118 residua
883 5043 1022 5118 ,decima
1047 5047 1202 5138 pertinet
1227 5045 1273 5118 ad
1297 5046 1498 5138 episcopum
1507 5043 1798 5120 ''Graeovieusam

613 5146 811 5240 Znnrrzow,
838 5148 922 5221 villa
939 5149 1012 5222 -eub
1039 5150 1207 5242 parochia
1229 5150 1395 5224 ecclesiae
1414 5149 1463 5224 de
1482 5147 1701 5224 Gozlicze
1728 5150 1807 5242 sita,
1825 5151 1924 5227 ouius
1941 5152 2059 5229 haeret

508 5273 545 5340 et
572 5267 732 5342 dominus
758 5269 918 5343 Andreas
945 5269 1257 5366 Oeszolinsky
1284 5269 1328 5346 de
1355 5271 1456 5346 domo
1483 5271 1799 5366 Bi-ppeunium.
1824 5272 1866 5344 In
1890 5294 1963 5366 qua
1985 5277 2058 5347 snut

508 5389 601 5461 lanei
636 5392 890 5484 emethonales,
924 5392 1007 5466 item
1043 5393 1229 5486 tabernae,
1255 5393 1341 5468 item
1376 5393 1728 5488 hortulaniae,·item
1743 5394 1935 5488 praedium
1961 5414 2056 5468 unum

380 5527 386 5532 ·
509 5509 657 5583 militare
665 5568 682 5604 ,.
703 5513 746 5586 de
780 5515 905 5626 quibus
941 5515 1101 5590 omuibus
1136 5515 1285 5591 solvitur
1323 5521 1360 5589 et
1386 5517 1591 5593 conducitur
1606 5516 1752 5593 decima
1777 5517 2002 5610 omipohris
2026 5519 2058 5588 ct

510 5633 686 5722 canapalis
713 5635 878 5712 ecclesiae
905 5637 941 5711 in
969 5635 1200 5732 Gozlicze,
1227 5644 1265 5712 et
1290 5637 1389 5712 valor
1416 5640 1491 5715 eius
1517 5641 1723 5716 aestimatur
1748 5639 1794 5714 ad
1820 5693 1829 5712 .
1856 5695 1863 5711 .
1891 5641 2057 5736 ..practer
