4550 6600
1758 798 1833 871 433

282 1008 346 1059 sua
372 989 525 1081 cultura,
552 990 635 1061 item
662 989 770 1063 babet
788 992 856 1063 dno
874 992 1054 1065 obstacula
1079 995 1116 1067 in
1137 995 1217 1067 lacn
1241 996 1404 1070 haeredis
1430 998 1524 1071 dicto
1541 1000 1718 1073 Visllra.
1744 1005 1833 1079 Item

279 1109 463 1184 incudem
502 1111 585 1183 villa
611 1116 693 1184 sunt
719 1113 809 1184 lanei
846 1115 1097 1207 enodandos,
1133 1117 1189 1187 vel
1225 1119 1342 1208 potius
1377 1121 1454 1211 agri
1480 1122 1665 1215 partiales,
1700 1146 1769 1199 non
1794 1130 1832 1204 in

280 1231 410 1323 laneos,
437 1232 498 1304 sed
525 1234 561 1303 in
588 1234 700 1323 petias
727 1234 891 1326 distincti,
918 1242 955 1308 et
973 1239 1161 1328 separatim
1179 1239 1215 1309 in
1233 1239 1319 1311 lucis
1344 1241 1630 1319 eminentioribus
1656 1247 1832 1339 extirpati,

281 1354 366 1425 item
394 1358 448 1425 est
474 1353 523 1426 ibi
537 1376 656 1427 unum
683 1356 862 1447 praedium
889 1357 1051 1449 militare,
1078 1359 1121 1431 de
1141 1361 1266 1451 quibus
1284 1361 1442 1433 omnibus
1469 1362 1617 1436 solvitur
1641 1370 1679 1437 et
1704 1368 1831 1446 condu-

279 1474 370 1545 citur
397 1474 531 1547 decima
558 1476 785 1568 manipularis
812 1482 848 1549 11
875 1479 1052 1569 campalis
1077 1500 1142 1571 pro
1169 1481 1315 1553 ecclesia
1339 1476 1385 1554 in'
1402 1474 1645 1576 Bol'eslaw,
1670 1492 1709 1558 ut
1733 1488 1831 1561 valor

276 1596 351 1667 eins
378 1596 584 1669 aestimatur
611 1598 655 1670 ad
681 1602 755 1671 tres
782 1620 926 1673 marcas.
961 1601 1050 1673 Item
1075 1602 1184 1675 babet
1217 1603 1365 1677 ecclesia
1389 1604 1425 1677 in
1452 1604 1573 1678 eadem
1609 1607 1694 1679 villa
1718 1608 1830 1682 lacum

278 1718 458 1811 proprium
476 1719 633 1812 liberum,
661 1721 720 1811 qui
746 1719 875 1793 dicitur
899 1721 1257 1813 Lnbyescbowo.

383 1838 670 1933 Spu-runcum,
706 1842 789 1913 villa
816 1844 880 1915 sub
906 1844 1073 1933 parocbia
1108 1844 1152 1917 de
1177 1844 1410 1919 Buleslaw
1444 1848 1529 1938 sita,
1569 1849 1667 1921 cuins
1702 1852 1827 1924 haeres

274 1958 454 2032 lohannes
480 1960 742 2054 Lipniczlry
768 1962 810 2034 de
838 1966 943 2035 amnis
981 1964 1251 2037 Polukosza.
1287 1966 1334 2039 Jn
1362 1989 1431 2059 qua
1456 1974 1538 2042 suut
1572 1971 1650 2060 egri
1676 1972 1828 2044 111111111-

275 2082 383 2172 nales,
410 2081 454 2153 de
482 2082 606 2175 qulbus
632 2084 778 2157 solvitur
797 2088 833 2156 et
850 2084 1054 2157 conducitur
1072 2086 1205 2159 decima
1226 2088 1454 2178 manipularis
1472 2096 1508 2162 et
1526 2092 1702 2182 canapalis
1719 2093 1828 2165 11111-

273 2202 346 2273 siae
373 2203 409 2274 in
437 2202 640 2297 Bolyeslaw,
667 2208 704 2277 et
729 2206 828 2278 valor
854 2206 928 2279 cius
955 2207 1161 2279 aestimatur
1186 2207 1231 2279 ad
1258 2208 1344 2280 duas
1361 2230 1506 2283 marcas.
1532 2210 1621 2284 Item
1647 2212 1826 2302 praedium

273 2346 343 2396 nun
371 2330 427 2429 est
452 2324 511 2397 ibi.

380 2444 540 2537 Gunnnr,
567 2446 651 2519 villa
678 2448 742 2520 sub
768 2444 934 2540 parochia
961 2448 1127 2523 ecclesiae
1154 2450 1198 2522 de
1225 2449 1456 2523 Boleslaw
1483 2450 1561 2541 sita,
1588 2452 1686 2525 cuius
1702 2452 1827 2526 haeres

270 2564 451 2639 Jobanncs
476 2567 856 2667 Wyelonyeozlr'y
883 2570 926 2642 de
953 2570 1058 2643 armis
1085 2571 1363 2643 Polukosza
1389 2573 1430 2643 ln
1457 2574 1827 2664 quasuntagricme·

271 2688 428 2780 thomum,
454 2689 490 2760 111
517 2690 629 2780 petias
655 2711 724 2761 non
751 2691 787 2761 in
814 2692 933 2763 laneos
961 2692 1134 2783 distincti,
1163 2691 1205 2763 de
1233 2692 1358 2783 quibus
1385 2692 1532 2792 solvitur
1557 2693 1692 2765 decima
1716 2696 1826 2767 mani-

271 2810 406 2900 pularis
442 2813 479 2882 ct
514 2810 691 2902 canapalis
727 2832 791 2902 pro
827 2812 1029 2903 episcopatu
1065 2810 1306 2903 aasumensi,
1333 2817 1370 2884 11
1404 2812 1503 2886 valor
1539 2814 1615 2886 eins
1649 2814 1695 2886 ad
1720 2835 1825 2887 unam

269 2950 424 3003 marcam
459 2932 673 3003 aestimatur.
712 2930 799 3003 Item
836 2954 904 3003 non
932 2937 987 3005 est
1011 2934 1061 3005 ibi
1087 2933 1278 3024 praedium.
1317 2933 1407 3006 Item
1433 2934 1602 3025 plebanus
1628 2934 1674 3009 de
1698 2935 1824 3008 Bole-

249 3053 383 3125 ·slaw
408 3054 516 3125 babet
541 3054 591 3125 ibi
618 3054 916 3126 columbationem,

246 3222 250 3228 -
376 3156 779 3266 Mannzncnow,'villa
814 3176 878 3248 sub
913 3176 1080 3267 parocbia
1115 3176 1159 3248 de
1194 3176 1428 3248 Bolesla‘w
1460 3176 1548 3266 sita,
1575 3177 1824 3251 cuinsbaeres

268 3296 448 3372 Jobannes
475 3296 840 3390 Wyelcpniczky
875 3297 918 3370 de
951 3300 1056 3370 armis
1083 3297 1326 3370 Polukoza.
1365 3296 1407 3372 In
1433 3318 1503 3389 qua
1528 3320 1597 3369 non
1625 3305 1708 3373 sunt
1731 3301 1824 3372 lanei

269 3421 481 3491 emensurati
509 3420 581 3491 siva
609 3419 773 3510 distincti,
802 3420 862 3492 sed
889 3421 1032 3492 suntin
1059 3421 1121 3493 illa
1148 3420 1266 3492 decem
1292 3420 1495 3492 cmetbones
1521 3420 1692 3493 babentes
1709 3442 1823 3512 agros,

269 3542 458 3614 secundum
494 3543 603 3632 magis
630 3541 848 3632 autminus,
875 3562 987 3632 neque
1015 3542 1174 3614 ordinate
1200 3541 1278 3614 illos
1305 3542 1476 3632 colentes,
1502 3542 1565 3614 sed
1590 3563 1655 3633 pro
1681 3543 1823 3635 proprio

268 3663 415 3734 arbitrio
442 3667 479 3734 ct
505 3663 694 3753 voluntate,
721 3662 764 3734 da
791 3663 916 3754 quibus
943 3665 1103 3736 omnibns
1129 3662 1288 3752 solvunt,
1314 3662 1517 3753 salvareque
1541 3661 1706 3734 tenentur
1731 3663 1823 3735 deci-

268 3805 359 3854 mam
388 3784 647 3875 manipularem,
675 3785 824 3855 vicariae
851 3781 1069 3874 praebendae
1095 3783 1322 3872 Vinicianus,
1341 3793 1430 3874 quae
1448 3783 1576 3855 dicitnr
1594 3781 1821 3874 sirmiensis,

268 3908 306 3976 et
331 3906 367 3975 in
394 3906 557 3976 borreum
585 3905 776 3977 conducere
803 3925 825 3975 1
850 3903 980 3976 vicario
1006 3903 1198 3976 locandum.
1225 3903 1356 3975 Verum
1384 3903 1465 3993 quia
1490 3902 1574 3974 villa
1600 3902 1759 3993 praetuta
1783 3905 1820 3976 in

267 4027 346 4099 loco
372 4027 474 4099 basso
502 4027 589 4118 sita,
616 4031 652 4098 ct
677 4026 801 4099 fluvius
827 4026 962 4098 Visla
988 4025 1090 4097 undis
1117 4031 1155 4102 et
1181 4025 1412 4098 alluvionibus
1438 4023 1595 4114 indatus,
1620 4023 1820 4114 frequenter
1883 4107 1886 4112 ¹
1972 4110 1974 4115 ¹

127 4166 131 4176 ’
270 4149 346 4219 eins
382 4152 516 4239 segetes
552 4148 716 4239 devorat,
752 4148 885 4219 incolae
920 4147 1023 4220 villae
1055 4146 1253 4238 praefatae,
1287 4167 1331 4218 ex
1366 4151 1469 4237 pacto
1495 4164 1573 4217 cum
1598 4145 1729 4217 1111111
1755 4167 1820 4236 pro

269 4276 426 4360 ternpore
453 4270 551 4361 inito,
577 4270 718 4341 solvunt
744 4269 812 4348 sibi
838 4290 902 4361 pro
928 4269 1013 4340 villa
1039 4271 1177 4341 eteius
1203 4270 1288 4358 iure,
1316 4268 1415 4339 annis
1443 4266 1588 4358 singulis
1615 4265 1701 4338 duas
1727 4287 1825 4370 mar3

268 4413 336 4462 1111.
362 4391 449 4462 111111
476 4391 511 4463 in
539 4390 658 4462 eadem
692 4409 761 4461 non
788 4395 843 4461 est
869 4390 1049 4480 praedium
1076 4391 1246 4481 militare,
1272 4410 1383 4480 neque
1409 4389 1711 4478 taberna„ncque
1737 4388 1819 4460 bor·

268 4513 413 4602 tulania,
441 4513 728 4609 columbationem
755 4515 888 4582 tantum
915 4512 1021 4584 babet
1046 4511 1096 4584 ibi
1121 4512 1291 4602 plebanus
1317 4511 1361 4583 de
1388 4509 1628 4582 Boleslaw.
1717 4565 1723 4581 .

373 4635 638 4723 Baznsznrczn,
666 4633 749 4704 villa
775 4633 838 4705 sub
866 4633 1031 4723 parochia
1058 4633 1100 4704 de
1118 4633 1350 4706 Boleslaw
1375 4633 1451 4721 sita,
1469 4630 1566 4701 cuins
1582 4629 1707 4700 haeres
1724 4627 1817 4700 idem

267 4755 446 4829 Jobannes
473 4755 735 4845 Lipniczky
761 4754 804 4825 de
832 4755 938 4825 curnis
964 4728 1238 4826 Polukosza.
1264 4753 1304 4823 In
1332 4772 1401 4842 qua
1418 4737 1589 4822 sunt'trcs
1607 4750 1816 4839 anathemes,

267 4879 433 4969 piscator,
460 4877 503 4948 de
534 4875 659 4968 quibus
685 4876 853 4966 plebanus
881 4876 923 4946 de
951 4876 1183 4947 Boleslaw
1208 4874 1303 4947 tollit
1329 4871 1635 4960 columbationem,
1662 4875 1699 4942 et
1724 4869 1816 4944 deci-

268 5020 361 5070 mam
388 4997 639 5090 manipularem
666 4998 887 5088 episcopatus
913 4993 1161 5068 Gracuviensis.

374 5117 499 5210 cnnr,
528 5119 613 5191 villa
640 5119 703 5190 sub
730 5119 896 5208 parochia
922 5117 965 5190 de
991 5116 1224 5189 Boleslaw
1250 5116 1335 5206 sito,
1364 5114 1460 5186 cuius
1486 5113 1611 5185 haeres
1637 5111 1815 5184 Jobannes

265 5241 526 5332 Lipniczky
551 5238 738 5332 praefatus.
764 5239 805 5310 In
833 5261 901 5330 qua
927 5243 1010 5310 sunt
1036 5258 1097 5310 sex
1123 5238 1335 5328 umetbones‚
1362 5235 1406 5309 dc
1433 5235 1558 5326 quibus
1584 5233 1752 5325 plebanus
1778 5233 1815 5304 in

264 5363 500 5439 Boleslaw
535 5361 630 5434 tollit
664 5359 950 5432 columbationem
986 5365 1023 5431 et
1058 5360 1226 5432 decimam
1259 5342 1528 5448 manipudarem,
1554 5359 1591 5427 et
1616 5354 1715 5427 valor
1740 5353 1815 5426 eins
1906 5427 1910 5434 ,

266 5491 350 5557 ante
375 5489 534 5574 tempora
560 5481 810 5555 aestimabatur
837 5481 880 5553 ad
908 5485 1040 5570 septem
1067 5499 1217 5570 marcas,
1245 5479 1307 5551 sed
1332 5498 1396 5569 per
1422 5476 1681 5550 inundationem
1708 5494 1814 5566 aqua·
1916 5555 1921 5565 ,

265 5627 344 5681 rum
371 5603 537 5695 absorpta
562 5605 710 5677 ridetur.

371 5725 627 5816 Zamocznczn,
654 5725 737 5798 villa
772 5723 836 5796 sub
863 5721 1029 5816 parochia
1054 5721 1098 5794 de
1124 5721 1356 5794 Boleslau
1382 5720 1465 5811 sita,
1492 5719 1590 5792 cuius
1616 5718 1814 5810 proprietas

371 5893 418 5936 ut.
432 5892 531 5938 Benene.
545 5892 577 5934 11.
1610 5867 1648 5919 Μ
