4550 6600
516 725 586 809 lca

512 940 761 1029 cmethonaleS,
799 932 881 1010 item
907 940 980 1011 tres
1007 932 1192 1027 tabernae,
1221 932 1305 1009 item
1332 933 1483 1029 quinque
1509 929 1729 1010 hortulaniae
1755 931 1927 1011 habentes
1952 953 2060 1029 agros,

403 1134 408 1141 ,
512 1062 706 1151 dequibus
734 1059 892 1130 omnibus
928 1060 1059 1149 absque
1094 1058 1323 1130 diminutione
1359 1058 1507 1129 solvitur
1532 1058 1665 1129 decima
1699 1058 1926 1149 manipularis
1952 1058 2061 1129 archi·

510 1182 708 1254 diaconatui
749 1178 987 1271 Gracoviensi,
1024 1180 1201 1270 canapalis
1228 1200 1311 1251 vero
1349 1180 1497 1250 solvitur
1522 1200 1587 1269 per
1613 1185 1761 1271 quatuor
1796 1180 1994 1267 iuncturas,
2028 1186 2061 1249 et

509 1302 609 1375 valor
636 1303 711 1373 eius
738 1302 941 1372 aestimatur
964 1301 1009 1371 ad
1027 1301 1152 1391 viginti
1179 1321 1321 1371 marcas.
1348 1300 1437 1372 Item
1464 1306 1518 1371 est
1543 1301 1593 1371 ibi
1619 1302 1717 1371 curia
1742 1300 1905 1371 militaris
1933 1300 2061 1371 babens

510 1444 621 1513 agree,
650 1423 693 1493 de
720 1423 845 1513 quibus
873 1421 1063 1492 decimatur
1089 1422 1253 1493 ecclesiae
1280 1422 1418 1493 eteius
1444 1422 1591 1512 plebano
1619 1422 1655 1491 in
1681 1421 1935 1511 Lopyszno.

614 1542 800 1633 Gucnsnr,
829 1542 912 1613 villa
939 1543 1003 1613 sub
1030 1541 1197 1631 parochia
1221 1542 1389 1612 ecclesiae
1416 1542 1459 1613 de
1485 1541 1696 1632 Antiqua
1721 1542 1960 1614 Brzeszlro
1988 1541 2062 1631 sita,

486 1664 607 1742 cuius
638 1664 834 1753 proprietas
870 1670 906 1734 et
942 1663 1130 1733 dominium
1167 1662 1212 1733 ad
1238 1663 1496 1735 serenissimum
1532 1663 1709 1751 dominum
1744 1662 1911 1739 Poloniae
1947 1682 2063 1751 regem

510 1784 672 1875 pertinet.
700 1782 740 1853 In
760 1803 827 1873 qua
845 1788 925 1853 sunt
952 1788 1029 1853 octo
1057 1782 1149 1853 lanei
1167 1782 1410 1872 cmethonales‚
1438 1783 1521 1853 item
1548 1781 1638 1853 duae
1663 1782 1841 1872 tabernae,
1868 1782 1912 1853 de
1940 1783 2062 1873 qnibns

510 1904 656 1976 solvitur
675 1910 711 1975 et
729 1904 933 1975 conducitur
959 1903 1091 1974 decima
1116 1903 1344 1993 manipularis
1362 1909 1399 1975 et
1417 1924 1480 1993 per
1507 1909 1656 1993 quatuor
1682 1904 1860 1975 iuncturas
1890 1902 2063 1993 canapalis

511 2024 808 2095 archidiaconatui
844 2023 1083 2113 Cracoviensi,
1120 2029 1157 2094 et
1183 2022 1281 2095 valor
1312 2024 1386 2094 eius
1413 2023 1459 2095 ad
1485 2023 1666 2095 decernet
1692 2030 1769 2095 octo
1796 2044 1932 2094 marcas
1960 2024 2061 2093 aesti-

509 2151 635 2216 matur.
670 2144 758 2215 Item
785 2149 839 2214 est
865 2144 914 2215 ibi
941 2143 1121 2233 praedium
1148 2143 1283 2234 regale,
1321 2144 1363 2215 de
1391 2164 1459 2235 quo
1486 2144 1619 2217 decima
1654 2144 1759 2215 datur
1785 2164 1863 2215 cnm
1889 2143 2062 2233 aliquibus

509 2266 612 2355 agris,
631 2265 737 2335 etiam
751 2263 885 2336 duabus
899 2264 1055 2335 tabernis
1074 2263 1255 2355 adiunctis,
1273 2264 1437 2337 ecclesiae
1450 2269 1486 2337 et
1499 2265 1573 2337 eins
1587 2264 1733 2357 plebano
1752 2265 1788 2335 in
1806 2263 1829 2336 J
1837 2263 2061 2354 adownylry

511 2405 619 2476 prope
646 2384 871 2475 Bochnya.

613 2504 818 2607 Praebenda
836 2504 955 2577 Sancti
973 2504 1152 2577 Pancratii
1169 2506 1205 2576 in
1219 2505 1429 2597 Antiqua
1455 2506 1697 2597 Brzessko,
1725 2506 1821 2577 cuius
1839 2512 2010 2596 patronus
2026 2510 2061 2577 et

512 2626 659 2698 collator
685 2632 738 2698 est
756 2627 865 2698 abbas
884 2647 960 2697 cum
979 2648 1041 2699 suo
1065 2632 1236 2698 conventu
1253 2628 1289 2699 in
1308 2626 1517 2717 Obebdow,
1545 2627 1676 2699 ordinis
1694 2626 2060 2699 Praemonstratensis·
2160 2631 2161 2636 ’

511 2746 556 2819 ad
592 2746 736 2819 eandem
770 2747 1003 2837 praebendam
1045 2748 1172 2851 dantur
1217 2747 1370 2819 decimae
1405 2748 1639 2837 manipulares
1675 2748 1859 2819 cuiuslibet
1892 2748 1995 2838 gram
2031 2753 2064 2816 et

510 2869 651 2939 seminis
678 2868 931 2959 praebendario
959 2889 1023 2959 pro
1050 2875 1207 2959 tempore
1243 2869 1424 2959 existenti,
1461 2889 1503 2940 ex
1530 2868 1621 2941 uillis
1656 2867 2001 2959 Syroslawicze
2028 2874 2061 2938 et

510 2988 895 3080 Maczeyowicze,
932 3010 1065 3077 necnon
1101 2996 1182 3079 post
1217 2990 1349 3061 curiam
1384 2988 1549 3082 konve*)
1578 2989 1621 3060 de
1647 3010 1716 3061 uno
1743 2990 1863 3079 laneo,
1901 2990 1962 3081 qui
1997 2988 2062 3060 fnit

510 3109 746 3199 cmethonalis‚
773 3110 970 3181 abstractus
997 3116 1112 3180 tanmn
1131 3116 1167 3181 et
1186 3110 1342 3182 adiectus
1367 3111 1509 3201 praedio
1527 3110 1672 3181 militari
1698 3111 1734 3182 in
1761 3108 2061 3201 Syroslawicze

510 3230 682 3302 existenti.
720 3228 775 3300 Ex
803 3230 927 3320 quibus
955 3231 1117 3304 omnibus¹
1141 3232 1235 3320 agris
1262 3232 1432 3303 dictarum
1468 3232 1629 3303 villarum
1655 3229 1680 3303 S
1688 3231 2002 3324 yroslawicze
2028 3234 2063 3302 et

510 3349 860 3442 Macyeouicze,
888 3357 923 3422 et
951 3372 992 3423 ex
1020 3353 1121 3423 laneo
1149 3353 1243 3424 dicto
1270 3349 1533 3448 Kooeocnczslcy,
1561 3359 1597 3424 et
1615 3373 1658 3424 ex
1676 3353 1754 3424 aliis
1781 3353 1942 3424 omnibus
1968 3354 2061 3442 agris

476 3453 480 3460 ¹
510 3471 766 3560 praedictarum
794 3471 963 3562 villarum,
992 3473 1195 3544 conducitur
1222 3473 1354 3544 decima
1380 3473 1606 3564 manipularis
1633 3474 1885 3564 incommune,
1912 3474 2060 3544 aliasin

506 3589 721 3688 qooitluoozn.
749 3591 844 3682 Quae
863 3594 1001 3685 quidem
1020 3594 1154 3666 decima
1171 3594 1215 3665 ad
1233 3594 1521 3685 praebendarium
1541 3593 1661 3666 Sancti
1686 3594 1863 3666 Pancratii
1889 3601 2059 3684 spectans,

509 3713 636 3785 dicitur
664 3714 797 3786 decima
823 3735 958 3806 magna.
1608 3703 1612 3707 ’

740 3905 744 3914 .
1222 3836 1362 3910 Boaru.

612 3953 707 4028 Villa
732 3957 865 4049 habens
892 3958 928 4028 in
956 3979 993 4030 se
1019 3957 1254 4049 parochialem
1284 3959 1452 4050 ligneam,
1478 3955 1584 4034 Sanct
1602 4011 1742 4029 ......
1770 3956 1939 4049 donam,
1967 3958 2060 4030 cuins

509 4075 634 4148 haeres
660 4077 762 4168 Ray,
801 4079 843 4150 de
870 4079 975 4150 armis
995 4132 1137 4148 ......
1182 4079 1223 4148 In
1251 4100 1319 4168 qua
1355 4085 1436 4150 sunt
1471 4069 1531 4150 s‘ex
1563 4079 1654 4150 lanei
1691 4079 1943 4169 cmethonales‚
1979 4080 2060 4150 item

510 4197 697 4286 tabernac,
724 4197 807 4268 item
835 4198 1028 4288 hortulani,
1056 4197 1098 4269 de
1127 4199 1251 4289 quibus
1278 4200 1437 4270 omnibus
1464 4199 1611 4272 solvitur
1637 4206 1673 4270 et
1699 4201 1902 4272 conducitur
1930 4201 2060 4273 decima

510 4317 735 4408 manipularis
763 4324 800 4389 et
826 4320 1000 4410 canapalis
1027 4339 1091 4408 pro
1119 4321 1272 4410 capitulo
1286 4316 1542 4424 'Gracoyiensi3
1568 4327 1605 4392 et
1631 4322 1729 4393 valor
1755 4323 1830 4392 eius
1856 4323 2059 4392 aestimatur

509 4440 606 4512 ad..
626 4494 633 4510 .
653 4493 660 4509 .
679 4462 705 4529 .;
733 4440 816 4510 item
844 4447 898 4511 est
915 4441 965 4511 ibi
992 4461 1061 4511 una
1087 4442 1233 4512 taberna
1252 4442 1296 4514 ad
1314 4442 1458 4533 plebani
1479 4443 1730 4533 proprietatem
1756 4443 1945 4532 pertinens
1972 4462 2058 4534 quae

508 4582 572 4651 pro
601 4581 705 4632 censu
733 4561 837 4632 solvit
863 4561 950 4632 duas
978 4575 1168 4652 sexagenas
1195 4563 1363 4654 plebano;
1390 4565 1475 4635 item
1502 4564 1670 4658 decimam
1692 4563 1735 4634 de
1754 4565 1848 4653 agris
1875 4565 1947 4635 suis
1976 4582 2058 4654 qnos

509 4683 630 4772 habet,
658 4683 762 4754 etiarn
790 4682 937 4773 plebano
974 4683 1100 4772 solvit,
1133 4684 1217 4755 item
1244 4690 1298 4756 est
1324 4685 1374 4755 ibi
1400 4685 1568 4774 septimus
1594 4685 1714 4756 laneus
1745 4684 1991 4774 cmethonalis‚
2017 4683 2057 4754 de

511 4825 578 4894 quo
606 4803 797 4876 decimatur
823 4825 887 4895 pro
913 4803 1078 4895 plebano;
1104 4805 1187 4878 item
1213 4806 1320 4877 habet
1345 4807 1394 4877 ibi
1421 4806 1567 4878 ecclesia
1592 4813 1629 4878 et
1654 4806 1823 4898 plebanus
1849 4827 1954 4896 agros
1980 4825 2058 4896 pro

509 4925 606 5017 prios
634 4933 670 4996 et
696 4931 813 5018 prata,
841 4939 905 5018 pro
933 4947 995 4999 suo
1022 4947 1089 4999 usu
1115 4932 1151 5000 et
1176 4928 1394 5000 necessitate.

1097 5049 1474 5122 Mrsnuscuowrczn.

611 5166 706 5242 Villa
732 5169 864 5242 habens
892 5169 1072 5243 ecclesiam
1109 5169 1343 5264 parocbialem
1369 5171 1406 5243 in
1432 5190 1469 5242 se
1496 5171 1665 5261 ligneam,
1702 5168 1807 5242 Sanct
1825 5223 1941 5242 .....
1967 5169 2056 5243 diea-

507 5295 588 5381 tam,
616 5292 713 5364 cuins
740 5292 863 5364 haeres
890 5292 1054 5364 Nicolaus
1081 5290 1367 5384 Czylrowslry
1395 5291 1558 5363 dedomo
1585 5291 1791 5364 Radwan.
1817 5291 1858 5364 In
1886 5314 1955 5384 qua
1981 5298 2057 5364 sunt

510 5410 628 5480 decem
655 5412 746 5484 lanei
774 5414 1016 5506 cmethonales‚
1044 5413 1128 5485 item
1146 5413 1236 5486 dnae
1254 5415 1440 5504 tabernae,
1467 5435 1536 5485 nna
1553 5412 1693 5504 plebani
1710 5435 1778 5486 non
1797 5415 1931 5487 habens
1949 5434 2058 5506 agros,

613 5664 643 5748 *l
666 5677 825 5734 conuentus
847 5671 898 5754 (l),
