<?xml version="1.0" encoding="UTF-8"?>
<!DOCTYPE html PUBLIC "-//W3C//DTD XHTML 1.0 Transitional//EN"
    "http://www.w3.org/TR/xhtml1/DTD/xhtml1-transitional.dtd">
<html xmlns="http://www.w3.org/1999/xhtml" xml:lang="en" lang="en">
 <head>
  <title>
</title>
<meta http-equiv="Content-Type" content="text/html;charset=utf-8" />
  <meta name='ocr-system' content='tesseract 3.04.00' />
  <meta name='ocr-capabilities' content='ocr_page ocr_carea ocr_par ocr_line ocrx_word'/>
</head>
<body>
  <div class='ocr_page' id='page_1' title='image "./operaomnia03paulgoog_0188.png"; bbox 0 0 4550 6600; ppageno 0'>
   <div class='ocr_carea' id='block_1_1' title="bbox 1534 768 1888 863">
    <p class='ocr_par' dir='ltr' id='par_1_1' title="bbox 1534 768 1888 863">
     <span class='ocr_line' id='line_1_1' title="bbox 1534 768 1888 863; baseline -0.034 -1"><span class='ocrx_word' id='word_1_1' title='bbox 1534 768 1888 863; x_wconf 74' lang='lat' dir='ltr'>-ito‘</span> 
     </span>
    </p>
   </div>
   <div class='ocr_carea' id='block_1_2' title="bbox 221 912 1773 1065">
    <p class='ocr_par' dir='ltr' id='par_1_2' title="bbox 221 912 1773 1065">
     <span class='ocr_line' id='line_1_2' title="bbox 221 912 1773 1065; baseline 0.006 -30"><span class='ocrx_word' id='word_1_2' title='bbox 221 962 484 1053; x_wconf 82' lang='lat' dir='ltr'>Accipitrum.</span> <span class='ocrx_word' id='word_1_3' title='bbox 510 962 551 1035; x_wconf 95' lang='lat' dir='ltr'>In</span> <span class='ocrx_word' id='word_1_4' title='bbox 579 984 648 1054; x_wconf 88' lang='lat' dir='ltr'>qua</span> <span class='ocrx_word' id='word_1_5' title='bbox 674 968 756 1037; x_wconf 90' lang='lat' dir='ltr'>sunt</span> <span class='ocrx_word' id='word_1_6' title='bbox 783 964 1044 1055; x_wconf 88' lang='lat' dir='ltr'>quatuordecim</span> <span class='ocrx_word' id='word_1_7' title='bbox 1071 965 1164 1039; x_wconf 89' lang='lat' dir='ltr'>lanei</span> <span class='ocrx_word' id='word_1_8' title='bbox 1190 913 1433 1059; x_wconf 84' lang='lat' dir='ltr'>cmetbcnales,</span> <span class='ocrx_word' id='word_1_9' title='bbox 1459 912 1651 1062; x_wconf 87' lang='lat' dir='ltr'>dequibus</span> <span class='ocrx_word' id='word_1_10' title='bbox 1668 972 1773 1065; x_wconf 85' lang='lat' dir='ltr'>solvi-</span> 
     </span>
    </p>
   </div>
   <div class='ocr_carea' id='block_1_3' title="bbox 214 1082 1846 2400">
    <p class='ocr_par' dir='ltr' id='par_1_3' title="bbox 216 1082 1773 2021">
     <span class='ocr_line' id='line_1_3' title="bbox 221 1082 1772 1202; baseline 0.005 -44"><span class='ocrx_word' id='word_1_11' title='bbox 221 1090 279 1158; x_wconf 89' lang='lat' dir='ltr'>tur</span> <span class='ocrx_word' id='word_1_12' title='bbox 296 1087 331 1157; x_wconf 87' lang='lat' dir='ltr'>et</span> <span class='ocrx_word' id='word_1_13' title='bbox 357 1082 561 1158; x_wconf 77' lang='lat' dir='ltr'>conducitur</span> <span class='ocrx_word' id='word_1_14' title='bbox 587 1083 720 1167; x_wconf 85' lang='lat' dir='ltr'>decima</span> <span class='ocrx_word' id='word_1_15' title='bbox 746 1084 972 1176; x_wconf 78' lang='lat' dir='ltr'>manipularis</span> <span class='ocrx_word' id='word_1_16' title='bbox 999 1091 1036 1158; x_wconf 93' lang='lat' dir='ltr'>et</span> <span class='ocrx_word' id='word_1_17' title='bbox 1053 1086 1227 1179; x_wconf 88' lang='lat' dir='ltr'>canapalis</span> <span class='ocrx_word' id='word_1_18' title='bbox 1243 1107 1308 1179; x_wconf 92' lang='lat' dir='ltr'>pro</span> <span class='ocrx_word' id='word_1_19' title='bbox 1325 1088 1525 1202; x_wconf 82' lang='lat' dir='ltr'>praebenda</span> <span class='ocrx_word' id='word_1_20' title='bbox 1541 1089 1772 1187; x_wconf 80' lang='lat' dir='ltr'>Gracoviensi,</span> 
     </span>
     <span class='ocr_line' id='line_1_4' title="bbox 219 1202 1773 1307; baseline 0.008 -30"><span class='ocrx_word' id='word_1_21' title='bbox 219 1226 306 1297; x_wconf 87' lang='lat' dir='ltr'>qnae</span> <span class='ocrx_word' id='word_1_22' title='bbox 333 1210 479 1279; x_wconf 91' lang='lat' dir='ltr'>vocatur</span> <span class='ocrx_word' id='word_1_23' title='bbox 506 1202 799 1297; x_wconf 83' lang='lat' dir='ltr'>Sczytbnyczska:</span> <span class='ocrx_word' id='word_1_24' title='bbox 826 1206 911 1281; x_wconf 90' lang='lat' dir='ltr'>item</span> <span class='ocrx_word' id='word_1_25' title='bbox 937 1211 1010 1282; x_wconf 90' lang='lat' dir='ltr'>tres</span> <span class='ocrx_word' id='word_1_26' title='bbox 1037 1208 1214 1301; x_wconf 84' lang='lat' dir='ltr'>tabernae,</span> <span class='ocrx_word' id='word_1_27' title='bbox 1240 1208 1324 1283; x_wconf 89' lang='lat' dir='ltr'>item</span> <span class='ocrx_word' id='word_1_28' title='bbox 1349 1208 1569 1294; x_wconf 84' lang='lat' dir='ltr'>bortrdaniae</span> <span class='ocrx_word' id='word_1_29' title='bbox 1585 1234 1719 1307; x_wconf 88' lang='lat' dir='ltr'>novem,</span> <span class='ocrx_word' id='word_1_30' title='bbox 1736 1222 1773 1289; x_wconf 88' lang='lat' dir='ltr'>et</span> 
     </span>
     <span class='ocr_line' id='line_1_5' title="bbox 219 1324 1771 1427; baseline 0.006 -30"><span class='ocrx_word' id='word_1_31' title='bbox 219 1326 333 1397; x_wconf 88' lang='lat' dir='ltr'>omnia</span> <span class='ocrx_word' id='word_1_32' title='bbox 357 1324 488 1397; x_wconf 90' lang='lat' dir='ltr'>babent</span> <span class='ocrx_word' id='word_1_33' title='bbox 514 1346 627 1417; x_wconf 79' lang='lat' dir='ltr'>agros,</span> <span class='ocrx_word' id='word_1_34' title='bbox 655 1326 698 1399; x_wconf 88' lang='lat' dir='ltr'>de</span> <span class='ocrx_word' id='word_1_35' title='bbox 725 1327 849 1423; x_wconf 72' lang='lat' dir='ltr'>quibas</span> <span class='ocrx_word' id='word_1_36' title='bbox 875 1327 981 1399; x_wconf 90' lang='lat' dir='ltr'>etiam</span> <span class='ocrx_word' id='word_1_37' title='bbox 1008 1328 1156 1401; x_wconf 87' lang='lat' dir='ltr'>solvitur</span> <span class='ocrx_word' id='word_1_38' title='bbox 1181 1333 1219 1403; x_wconf 89' lang='lat' dir='ltr'>et</span> <span class='ocrx_word' id='word_1_39' title='bbox 1244 1328 1448 1424; x_wconf 75' lang='lat' dir='ltr'>conducitur</span> <span class='ocrx_word' id='word_1_40' title='bbox 1465 1331 1598 1421; x_wconf 78' lang='lat' dir='ltr'>decima</span> <span class='ocrx_word' id='word_1_41' title='bbox 1614 1334 1771 1427; x_wconf 82' lang='lat' dir='ltr'>manipu-</span> 
     </span>
     <span class='ocr_line' id='line_1_6' title="bbox 218 1445 1771 1548; baseline 0.006 -31"><span class='ocrx_word' id='word_1_42' title='bbox 218 1446 300 1517; x_wconf 89' lang='lat' dir='ltr'>laris</span> <span class='ocrx_word' id='word_1_43' title='bbox 326 1466 391 1535; x_wconf 88' lang='lat' dir='ltr'>pro</span> <span class='ocrx_word' id='word_1_44' title='bbox 418 1445 539 1517; x_wconf 88' lang='lat' dir='ltr'>eadem</span> <span class='ocrx_word' id='word_1_45' title='bbox 565 1446 763 1536; x_wconf 89' lang='lat' dir='ltr'>praebenda</span> <span class='ocrx_word' id='word_1_46' title='bbox 789 1445 1026 1537; x_wconf 71' lang='lat' dir='ltr'>cracoviensi,</span> <span class='ocrx_word' id='word_1_47' title='bbox 1053 1454 1090 1521; x_wconf 89' lang='lat' dir='ltr'>et</span> <span class='ocrx_word' id='word_1_48' title='bbox 1116 1448 1214 1520; x_wconf 91' lang='lat' dir='ltr'>valor</span> <span class='ocrx_word' id='word_1_49' title='bbox 1241 1448 1316 1521; x_wconf 89' lang='lat' dir='ltr'>eius</span> <span class='ocrx_word' id='word_1_50' title='bbox 1343 1450 1549 1540; x_wconf 83' lang='lat' dir='ltr'>aestimatur</span> <span class='ocrx_word' id='word_1_51' title='bbox 1574 1453 1618 1548; x_wconf 83' lang='lat' dir='ltr'>ad</span> <span class='ocrx_word' id='word_1_52' title='bbox 1646 1455 1771 1547; x_wconf 81' lang='lat' dir='ltr'>vIginti</span> 
     </span>
     <span class='ocr_line' id='line_1_7' title="bbox 218 1566 1771 1671; baseline 0.005 -32"><span class='ocrx_word' id='word_1_53' title='bbox 218 1586 361 1639; x_wconf 88' lang='lat' dir='ltr'>marcas.</span> <span class='ocrx_word' id='word_1_54' title='bbox 395 1566 484 1639; x_wconf 83' lang='lat' dir='ltr'><strong>Item</strong></span> <span class='ocrx_word' id='word_1_55' title='bbox 519 1567 603 1639; x_wconf 86' lang='lat' dir='ltr'>villa</span> <span class='ocrx_word' id='word_1_56' title='bbox 638 1566 795 1657; x_wconf 85' lang='lat' dir='ltr'>praefata</span> <span class='ocrx_word' id='word_1_57' title='bbox 827 1568 1006 1641; x_wconf 89' lang='lat' dir='ltr'>consvevit</span> <span class='ocrx_word' id='word_1_58' title='bbox 1032 1568 1163 1641; x_wconf 89' lang='lat' dir='ltr'>babere</span> <span class='ocrx_word' id='word_1_59' title='bbox 1190 1568 1259 1641; x_wconf 91' lang='lat' dir='ltr'>duc</span> <span class='ocrx_word' id='word_1_60' title='bbox 1285 1570 1431 1661; x_wconf 87' lang='lat' dir='ltr'>praedia</span> <span class='ocrx_word' id='word_1_61' title='bbox 1455 1572 1638 1665; x_wconf 72' lang='lat' dir='ltr'>militaria,</span> <span class='ocrx_word' id='word_1_62' title='bbox 1665 1580 1701 1671; x_wconf 75' lang='lat' dir='ltr'>pt</span> <span class='ocrx_word' id='word_1_63' title='bbox 1727 1576 1771 1667; x_wconf 71' lang='lat' dir='ltr'>de</span> 
     </span>
     <span class='ocr_line' id='line_1_8' title="bbox 217 1686 1770 1793; baseline 0.006 -32"><span class='ocrx_word' id='word_1_64' title='bbox 217 1693 365 1778; x_wconf 90' lang='lat' dir='ltr'>utroque</span> <span class='ocrx_word' id='word_1_65' title='bbox 399 1686 545 1759; x_wconf 89' lang='lat' dir='ltr'>solvitur</span> <span class='ocrx_word' id='word_1_66' title='bbox 581 1688 716 1761; x_wconf 89' lang='lat' dir='ltr'>decima</span> <span class='ocrx_word' id='word_1_67' title='bbox 751 1688 916 1759; x_wconf 85' lang='lat' dir='ltr'>ecclesiae</span> <span class='ocrx_word' id='word_1_68' title='bbox 953 1694 990 1761; x_wconf 88' lang='lat' dir='ltr'>et</span> <span class='ocrx_word' id='word_1_69' title='bbox 1024 1690 1174 1781; x_wconf 89' lang='lat' dir='ltr'>plebano</span> <span class='ocrx_word' id='word_1_70' title='bbox 1209 1690 1246 1761; x_wconf 90' lang='lat' dir='ltr'>in</span> <span class='ocrx_word' id='word_1_71' title='bbox 1272 1689 1646 1787; x_wconf 83' lang='lat' dir='ltr'>Proscbovvicze,</span> <span class='ocrx_word' id='word_1_72' title='bbox 1673 1698 1770 1793; x_wconf 79' lang='lat' dir='ltr'>opina</span> 
     </span>
     <span class='ocr_line' id='line_1_9' title="bbox 216 1808 1770 1913; baseline 0.004 -32"><span class='ocrx_word' id='word_1_73' title='bbox 216 1809 312 1886; x_wconf 89' lang='lat' dir='ltr'>valor</span> <span class='ocrx_word' id='word_1_74' title='bbox 340 1808 544 1881; x_wconf 87' lang='lat' dir='ltr'>aestimatur</span> <span class='ocrx_word' id='word_1_75' title='bbox 571 1809 617 1881; x_wconf 90' lang='lat' dir='ltr'>ad</span> <span class='ocrx_word' id='word_1_76' title='bbox 645 1810 795 1901; x_wconf 89' lang='lat' dir='ltr'>quinque</span> <span class='ocrx_word' id='word_1_77' title='bbox 823 1830 971 1883; x_wconf 86' lang='lat' dir='ltr'>marcas.</span> <span class='ocrx_word' id='word_1_78' title='bbox 1004 1810 1119 1883; x_wconf 90' lang='lat' dir='ltr'>Unum</span> <span class='ocrx_word' id='word_1_79' title='bbox 1146 1810 1328 1905; x_wconf 79' lang='lat' dir='ltr'>praedium</span> <span class='ocrx_word' id='word_1_80' title='bbox 1354 1817 1408 1888; x_wconf 84' lang='lat' dir='ltr'>est</span> <span class='ocrx_word' id='word_1_81' title='bbox 1432 1833 1497 1905; x_wconf 91' lang='lat' dir='ltr'>pro</span> <span class='ocrx_word' id='word_1_82' title='bbox 1523 1815 1664 1907; x_wconf 72' lang='lat' dir='ltr'>vicariis</span> <span class='ocrx_word' id='word_1_83' title='bbox 1689 1816 1770 1913; x_wconf 72' lang='lat' dir='ltr'>lita-</span> 
     </span>
     <span class='ocr_line' id='line_1_10' title="bbox 216 1918 1224 2021; baseline -0.003 -17"><span class='ocrx_word' id='word_1_84' title='bbox 216 1935 297 2021; x_wconf 83' lang='lat' dir='ltr'>tum,</span> <span class='ocrx_word' id='word_1_85' title='bbox 325 1930 475 2001; x_wconf 89' lang='lat' dir='ltr'>alterum</span> <span class='ocrx_word' id='word_1_86' title='bbox 502 1951 566 2021; x_wconf 92' lang='lat' dir='ltr'>pro</span> <span class='ocrx_word' id='word_1_87' title='bbox 593 1930 741 2021; x_wconf 84' lang='lat' dir='ltr'>plebano</span> <span class='ocrx_word' id='word_1_88' title='bbox 768 1929 906 2003; x_wconf 87' lang='lat' dir='ltr'>ibidem.</span> <span class='ocrx_word' id='word_1_89' title='bbox 1220 1918 1224 1924; x_wconf 75' lang='grc'><strong>’</strong></span> 
     </span>
    </p>

    <p class='ocr_par' dir='ltr' id='par_1_4' title="bbox 214 2048 1846 2400">
     <span class='ocr_line' id='line_1_11' title="bbox 315 2048 1769 2151; baseline 0.007 -30"><span class='ocrx_word' id='word_1_90' title='bbox 315 2048 506 2140; x_wconf 73' lang='lat' dir='ltr'>Koussai,</span> <span class='ocrx_word' id='word_1_91' title='bbox 533 2050 618 2123; x_wconf 91' lang='lat' dir='ltr'>villa</span> <span class='ocrx_word' id='word_1_92' title='bbox 653 2050 717 2123; x_wconf 92' lang='lat' dir='ltr'>sub</span> <span class='ocrx_word' id='word_1_93' title='bbox 753 2050 920 2141; x_wconf 83' lang='lat' dir='ltr'>parochie</span> <span class='ocrx_word' id='word_1_94' title='bbox 946 2050 990 2121; x_wconf 90' lang='lat' dir='ltr'>de</span> <span class='ocrx_word' id='word_1_95' title='bbox 1016 2049 1382 2145; x_wconf 81' lang='lat' dir='ltr'>Proscbovycze</span> <span class='ocrx_word' id='word_1_96' title='bbox 1408 2054 1494 2146; x_wconf 87' lang='lat' dir='ltr'>sita,</span> <span class='ocrx_word' id='word_1_97' title='bbox 1520 2055 1618 2151; x_wconf 73' lang='lat' dir='ltr'>cuius</span> <span class='ocrx_word' id='word_1_98' title='bbox 1644 2057 1769 2133; x_wconf 78' lang='lat' dir='ltr'>haeres</span> 
     </span>
     <span class='ocr_line' id='line_1_12' title="bbox 216 2169 1770 2265; baseline 0.005 -22"><span class='ocrx_word' id='word_1_99' title='bbox 216 2170 393 2245; x_wconf 85' lang='lat' dir='ltr'>lohannes</span> <span class='ocrx_word' id='word_1_100' title='bbox 420 2169 674 2261; x_wconf 87' lang='lat' dir='ltr'>Kavarsky</span> <span class='ocrx_word' id='word_1_101' title='bbox 701 2170 744 2241; x_wconf 94' lang='lat' dir='ltr'>de</span> <span class='ocrx_word' id='word_1_102' title='bbox 770 2170 873 2243; x_wconf 88' lang='lat' dir='ltr'>domo</span> <span class='ocrx_word' id='word_1_103' title='bbox 899 2170 1123 2263; x_wconf 88' lang='lat' dir='ltr'>Druzyna.</span> <span class='ocrx_word' id='word_1_104' title='bbox 1150 2172 1192 2244; x_wconf 92' lang='lat' dir='ltr'>In</span> <span class='ocrx_word' id='word_1_105' title='bbox 1210 2193 1279 2265; x_wconf 90' lang='lat' dir='ltr'>qna</span> <span class='ocrx_word' id='word_1_106' title='bbox 1296 2179 1377 2245; x_wconf 91' lang='lat' dir='ltr'>sunt</span> <span class='ocrx_word' id='word_1_107' title='bbox 1393 2174 1554 2265; x_wconf 85' lang='lat' dir='ltr'>bipartiti</span> <span class='ocrx_word' id='word_1_108' title='bbox 1569 2177 1663 2252; x_wconf 82' lang='lat' dir='ltr'>lanei</span> <span class='ocrx_word' id='word_1_109' title='bbox 1680 2198 1770 2254; x_wconf 87' lang='lat' dir='ltr'>cmc·</span> 
     </span>
     <span class='ocr_line' id='line_1_13' title="bbox 214 2291 1846 2400; baseline 0.004 -35"><span class='ocrx_word' id='word_1_110' title='bbox 214 2291 455 2382; x_wconf 70' lang='lat' dir='ltr'>thonales‘de</span> <span class='ocrx_word' id='word_1_111' title='bbox 482 2291 791 2382; x_wconf 80' lang='lat' dir='ltr'>quibusomnibus</span> <span class='ocrx_word' id='word_1_112' title='bbox 819 2292 966 2364; x_wconf 82' lang='lat' dir='ltr'>solvitur</span> <span class='ocrx_word' id='word_1_113' title='bbox 993 2291 1127 2363; x_wconf 88' lang='lat' dir='ltr'>decima</span> <span class='ocrx_word' id='word_1_114' title='bbox 1152 2294 1378 2400; x_wconf 84' lang='lat' dir='ltr'>manipularis</span> <span class='ocrx_word' id='word_1_115' title='bbox 1403 2316 1469 2387; x_wconf 90' lang='lat' dir='ltr'>pro</span> <span class='ocrx_word' id='word_1_116' title='bbox 1495 2297 1626 2372; x_wconf 89' lang='lat' dir='ltr'>vicaria</span> <span class='ocrx_word' id='word_1_117' title='bbox 1644 2296 1770 2384; x_wconf 78' lang='lat' dir='ltr'>Gracc·</span> <span class='ocrx_word' id='word_1_118' title='bbox 1842 2291 1846 2296; x_wconf 70' lang='grc'><strong>’</strong></span> 
     </span>
    </p>
   </div>
   <div class='ocr_carea' id='block_1_4' title="bbox 214 2410 1870 2513">
    <p class='ocr_par' dir='ltr' id='par_1_5' title="bbox 214 2410 1870 2513">
     <span class='ocr_line' id='line_1_14' title="bbox 214 2410 1870 2513; baseline 0.002 -26"><span class='ocrx_word' id='word_1_119' title='bbox 214 2412 337 2503; x_wconf 80' lang='lat' dir='ltr'>riensi,</span> <span class='ocrx_word' id='word_1_120' title='bbox 366 2432 454 2503; x_wconf 89' lang='lat' dir='ltr'>qnae</span> <span class='ocrx_word' id='word_1_121' title='bbox 481 2417 627 2485; x_wconf 89' lang='lat' dir='ltr'>vocatur</span> <span class='ocrx_word' id='word_1_122' title='bbox 654 2410 894 2503; x_wconf 82' lang='lat' dir='ltr'>Ozechowska,</span> <span class='ocrx_word' id='word_1_123' title='bbox 922 2418 958 2485; x_wconf 91' lang='lat' dir='ltr'>et</span> <span class='ocrx_word' id='word_1_124' title='bbox 971 2413 1083 2487; x_wconf 61' lang='lat' dir='ltr'>vvalor</span> <span class='ocrx_word' id='word_1_125' title='bbox 1110 2414 1185 2485; x_wconf 87' lang='lat' dir='ltr'>eins</span> <span class='ocrx_word' id='word_1_126' title='bbox 1203 2416 1410 2492; x_wconf 88' lang='lat' dir='ltr'>aestimatur</span> <span class='ocrx_word' id='word_1_127' title='bbox 1427 2416 1472 2505; x_wconf 82' lang='lat' dir='ltr'>ad</span> <span class='ocrx_word' id='word_1_128' title='bbox 1490 2416 1608 2513; x_wconf 79' lang='lat' dir='ltr'>decem</span> <span class='ocrx_word' id='word_1_129' title='bbox 1625 2424 1770 2496; x_wconf 81' lang='lat' dir='ltr'>marcas.</span> <span class='ocrx_word' id='word_1_130' title='bbox 1812 2471 1819 2481; x_wconf 83' lang='lat'><strong><em>.</em></strong></span> <span class='ocrx_word' id='word_1_131' title='bbox 1868 2452 1870 2456; x_wconf 95' lang='lat'>·</span> 
     </span>
    </p>
   </div>
   <div class='ocr_carea' id='block_1_5' title="bbox 213 2522 1770 4442">
    <p class='ocr_par' dir='ltr' id='par_1_6' title="bbox 213 2522 1769 3472">
     <span class='ocr_line' id='line_1_15' title="bbox 213 2522 1769 2637; baseline 0.006 -32"><span class='ocrx_word' id='word_1_132' title='bbox 213 2532 419 2623; x_wconf 84' lang='lat' dir='ltr'>Proprietas</span> <span class='ocrx_word' id='word_1_133' title='bbox 447 2538 563 2607; x_wconf 90' lang='lat' dir='ltr'>autem</span> <span class='ocrx_word' id='word_1_134' title='bbox 589 2532 693 2605; x_wconf 89' lang='lat' dir='ltr'>villae</span> <span class='ocrx_word' id='word_1_135' title='bbox 719 2533 821 2612; x_wconf 86' lang='lat' dir='ltr'>huius</span> <span class='ocrx_word' id='word_1_136' title='bbox 839 2534 1007 2625; x_wconf 89' lang='lat' dir='ltr'>bipartita</span> <span class='ocrx_word' id='word_1_137' title='bbox 1025 2540 1097 2624; x_wconf 88' lang='lat' dir='ltr'>est;</span> <span class='ocrx_word' id='word_1_138' title='bbox 1124 2555 1204 2607; x_wconf 89' lang='lat' dir='ltr'>nam</span> <span class='ocrx_word' id='word_1_139' title='bbox 1222 2536 1329 2610; x_wconf 90' lang='lat' dir='ltr'>habet</span> <span class='ocrx_word' id='word_1_140' title='bbox 1345 2536 1579 2637; x_wconf 27' lang='lat' dir='ltr'>medietatem!</span> <span class='ocrx_word' id='word_1_141' title='bbox 1593 2522 1769 2631; x_wconf 83' lang='lat' dir='ltr'>palatinus</span> 
     </span>
     <span class='ocr_line' id='line_1_16' title="bbox 215 2641 1769 2749; baseline 0.004 -22"><span class='ocrx_word' id='word_1_142' title='bbox 215 2652 455 2727; x_wconf 83' lang='lat' dir='ltr'>Oracnviensis</span> <span class='ocrx_word' id='word_1_143' title='bbox 482 2674 545 2745; x_wconf 89' lang='lat' dir='ltr'>pro</span> <span class='ocrx_word' id='word_1_144' title='bbox 572 2641 747 2745; x_wconf 84' lang='lat' dir='ltr'>tempore,</span> <span class='ocrx_word' id='word_1_145' title='bbox 775 2674 864 2745; x_wconf 90' lang='lat' dir='ltr'>quae</span> <span class='ocrx_word' id='word_1_146' title='bbox 890 2654 997 2727; x_wconf 91' lang='lat' dir='ltr'>babet</span> <span class='ocrx_word' id='word_1_147' title='bbox 1023 2655 1204 2746; x_wconf 83' lang='lat' dir='ltr'>praedium</span> <span class='ocrx_word' id='word_1_148' title='bbox 1231 2660 1267 2727; x_wconf 92' lang='lat' dir='ltr'>et</span> <span class='ocrx_word' id='word_1_149' title='bbox 1293 2662 1444 2749; x_wconf 84' lang='lat' dir='ltr'>quatuor</span> <span class='ocrx_word' id='word_1_150' title='bbox 1469 2658 1588 2732; x_wconf 87' lang='lat' dir='ltr'>laneos</span> <span class='ocrx_word' id='word_1_151' title='bbox 1615 2660 1769 2733; x_wconf 89' lang='lat' dir='ltr'>cmetbo-</span> 
     </span>
     <span class='ocr_line' id='line_1_17' title="bbox 215 2774 1769 2869; baseline 0.003 -20"><span class='ocrx_word' id='word_1_152' title='bbox 215 2776 332 2865; x_wconf 88' lang='lat' dir='ltr'>nales,</span> <span class='ocrx_word' id='word_1_153' title='bbox 359 2779 396 2847; x_wconf 88' lang='lat' dir='ltr'>et</span> <span class='ocrx_word' id='word_1_154' title='bbox 431 2774 613 2847; x_wconf 81' lang='lat' dir='ltr'>tabernam</span> <span class='ocrx_word' id='word_1_155' title='bbox 650 2795 773 2865; x_wconf 87' lang='lat' dir='ltr'>unam,</span> <span class='ocrx_word' id='word_1_156' title='bbox 801 2779 836 2845; x_wconf 88' lang='lat' dir='ltr'>et</span> <span class='ocrx_word' id='word_1_157' title='bbox 870 2774 1106 2848; x_wconf 90' lang='lat' dir='ltr'>hortulaniam</span> <span class='ocrx_word' id='word_1_158' title='bbox 1138 2776 1313 2849; x_wconf 87' lang='lat' dir='ltr'>babentes</span> <span class='ocrx_word' id='word_1_159' title='bbox 1332 2796 1454 2869; x_wconf 72' lang='lat' dir='ltr'>agros,</span> <span class='ocrx_word' id='word_1_160' title='bbox 1480 2778 1628 2851; x_wconf 84' lang='lat' dir='ltr'>alteram</span> <span class='ocrx_word' id='word_1_161' title='bbox 1653 2784 1769 2854; x_wconf 81' lang='lat' dir='ltr'>autem</span> 
     </span>
     <span class='ocr_line' id='line_1_18' title="bbox 215 2890 1769 2992; baseline 0.003 -23"><span class='ocrx_word' id='word_1_162' title='bbox 215 2897 438 2983; x_wconf 83' lang='lat' dir='ltr'>medietatem</span> <span class='ocrx_word' id='word_1_163' title='bbox 456 2895 563 2973; x_wconf 89' lang='lat' dir='ltr'>babet</span> <span class='ocrx_word' id='word_1_164' title='bbox 580 2894 757 2987; x_wconf 85' lang='lat' dir='ltr'>praelatus</span> <span class='ocrx_word' id='word_1_165' title='bbox 770 2894 949 2967; x_wconf 84' lang='lat' dir='ltr'>Iohannes</span> <span class='ocrx_word' id='word_1_166' title='bbox 966 2894 1130 2969; x_wconf 82' lang='lat' dir='ltr'>Komar</span> <span class='ocrx_word' id='word_1_167' title='bbox 1140 2916 1157 2967; x_wconf 87' lang='lat' dir='ltr'>a</span> <span class='ocrx_word' id='word_1_168' title='bbox 1167 2896 1233 2986; x_wconf 87' lang='lat' dir='ltr'>ky,</span> <span class='ocrx_word' id='word_1_169' title='bbox 1250 2890 1287 2967; x_wconf 89' lang='lat' dir='ltr'>in</span> <span class='ocrx_word' id='word_1_170' title='bbox 1310 2916 1379 2986; x_wconf 90' lang='lat' dir='ltr'>qua</span> <span class='ocrx_word' id='word_1_171' title='bbox 1396 2898 1502 2971; x_wconf 91' lang='lat' dir='ltr'>etiam</span> <span class='ocrx_word' id='word_1_172' title='bbox 1520 2903 1602 2976; x_wconf 88' lang='lat' dir='ltr'>snut</span> <span class='ocrx_word' id='word_1_173' title='bbox 1620 2903 1769 2992; x_wconf 83' lang='lat' dir='ltr'>quatuor</span> 
     </span>
     <span class='ocr_line' id='line_1_19' title="bbox 215 3016 1769 3115; baseline 0 -22"><span class='ocrx_word' id='word_1_174' title='bbox 215 3018 305 3097; x_wconf 85' lang='lat' dir='ltr'>lanei</span> <span class='ocrx_word' id='word_1_175' title='bbox 332 3016 581 3109; x_wconf 88' lang='lat' dir='ltr'>cmetbouales‚</span> <span class='ocrx_word' id='word_1_176' title='bbox 608 3036 679 3089; x_wconf 88' lang='lat' dir='ltr'>nna</span> <span class='ocrx_word' id='word_1_177' title='bbox 704 3016 903 3090; x_wconf 85' lang='lat' dir='ltr'>bortudauia</span> <span class='ocrx_word' id='word_1_178' title='bbox 928 3021 965 3087; x_wconf 91' lang='lat' dir='ltr'>et</span> <span class='ocrx_word' id='word_1_179' title='bbox 991 3036 1061 3089; x_wconf 89' lang='lat' dir='ltr'>una</span> <span class='ocrx_word' id='word_1_180' title='bbox 1087 3016 1234 3090; x_wconf 84' lang='lat' dir='ltr'>taberna</span> <span class='ocrx_word' id='word_1_181' title='bbox 1260 3016 1427 3090; x_wconf 88' lang='lat' dir='ltr'>babentia</span> <span class='ocrx_word' id='word_1_182' title='bbox 1451 3038 1565 3111; x_wconf 80' lang='lat' dir='ltr'>agras,</span> <span class='ocrx_word' id='word_1_183' title='bbox 1583 3019 1626 3091; x_wconf 93' lang='lat' dir='ltr'>de</span> <span class='ocrx_word' id='word_1_184' title='bbox 1644 3020 1769 3115; x_wconf 82' lang='lat' dir='ltr'>quibus</span> 
     </span>
     <span class='ocr_line' id='line_1_20' title="bbox 215 3132 1767 3235; baseline 0 -22"><span class='ocrx_word' id='word_1_185' title='bbox 215 3140 319 3214; x_wconf 84' lang='lat' dir='ltr'>etiam</span> <span class='ocrx_word' id='word_1_186' title='bbox 346 3137 541 3218; x_wconf 79' lang='lat' dir='ltr'>dealmatur</span> <span class='ocrx_word' id='word_1_187' title='bbox 566 3136 716 3213; x_wconf 83' lang='lat' dir='ltr'>vicariae</span> <span class='ocrx_word' id='word_1_188' title='bbox 743 3136 919 3228; x_wconf 81' lang='lat' dir='ltr'>praefatae</span> <span class='ocrx_word' id='word_1_189' title='bbox 945 3137 982 3209; x_wconf 91' lang='lat' dir='ltr'>in</span> <span class='ocrx_word' id='word_1_190' title='bbox 1005 3132 1234 3232; x_wconf 76' lang='lat' dir='ltr'>ponitbwam3</span> <span class='ocrx_word' id='word_1_191' title='bbox 1260 3136 1367 3210; x_wconf 91' lang='lat' dir='ltr'>babet</span> <span class='ocrx_word' id='word_1_192' title='bbox 1392 3138 1498 3209; x_wconf 89' lang='lat' dir='ltr'>etiam</span> <span class='ocrx_word' id='word_1_193' title='bbox 1515 3139 1706 3235; x_wconf 85' lang='lat' dir='ltr'>praedium,</span> <span class='ocrx_word' id='word_1_194' title='bbox 1723 3139 1767 3213; x_wconf 90' lang='lat' dir='ltr'>de</span> 
     </span>
     <span class='ocr_line' id='line_1_21' title="bbox 215 3256 1766 3354; baseline -0.003 -15"><span class='ocrx_word' id='word_1_195' title='bbox 215 3261 309 3339; x_wconf 79' lang='lat' dir='ltr'>cuna</span> <span class='ocrx_word' id='word_1_196' title='bbox 345 3259 442 3352; x_wconf 82' lang='lat' dir='ltr'>agris</span> <span class='ocrx_word' id='word_1_197' title='bbox 478 3258 627 3335; x_wconf 85' lang='lat' dir='ltr'>decimat</span> <span class='ocrx_word' id='word_1_198' title='bbox 661 3279 725 3352; x_wconf 89' lang='lat' dir='ltr'>pro</span> <span class='ocrx_word' id='word_1_199' title='bbox 761 3258 905 3335; x_wconf 86' lang='lat' dir='ltr'>ecclesia</span> <span class='ocrx_word' id='word_1_200' title='bbox 935 3258 972 3330; x_wconf 92' lang='lat' dir='ltr'>in</span> <span class='ocrx_word' id='word_1_201' title='bbox 998 3256 1370 3351; x_wconf 79' lang='lat' dir='ltr'>Proscbovycze,</span> <span class='ocrx_word' id='word_1_202' title='bbox 1396 3263 1434 3332; x_wconf 91' lang='lat' dir='ltr'>et</span> <span class='ocrx_word' id='word_1_203' title='bbox 1460 3258 1558 3335; x_wconf 87' lang='lat' dir='ltr'>valor</span> <span class='ocrx_word' id='word_1_204' title='bbox 1584 3259 1766 3354; x_wconf 80' lang='lat' dir='ltr'>utriusque</span> 
     </span>
     <span class='ocr_line' id='line_1_22' title="bbox 213 3379 1234 3472; baseline -0.004 -18"><span class='ocrx_word' id='word_1_205' title='bbox 213 3380 367 3456; x_wconf 88' lang='lat' dir='ltr'>decimae</span> <span class='ocrx_word' id='word_1_206' title='bbox 393 3380 580 3472; x_wconf 79' lang='lat' dir='ltr'>praedIaIIs</span> <span class='ocrx_word' id='word_1_207' title='bbox 606 3380 812 3454; x_wconf 87' lang='lat' dir='ltr'>aestimatur</span> <span class='ocrx_word' id='word_1_208' title='bbox 839 3379 884 3453; x_wconf 91' lang='lat' dir='ltr'>ad</span> <span class='ocrx_word' id='word_1_209' title='bbox 910 3380 1062 3472; x_wconf 89' lang='lat' dir='ltr'>quinque</span> <span class='ocrx_word' id='word_1_210' title='bbox 1089 3399 1234 3460; x_wconf 79' lang='lat' dir='ltr'>marcas.</span> 
     </span>
    </p>

    <p class='ocr_par' dir='ltr' id='par_1_7' title="bbox 213 3499 1770 4442">
     <span class='ocr_line' id='line_1_23' title="bbox 315 3499 1769 3592; baseline -0.001 -16"><span class='ocrx_word' id='word_1_211' title='bbox 315 3499 648 3592; x_wconf 79' lang='lat' dir='ltr'>Grvrnznowvczn,</span> <span class='ocrx_word' id='word_1_212' title='bbox 676 3501 760 3578; x_wconf 91' lang='lat' dir='ltr'>villa</span> <span class='ocrx_word' id='word_1_213' title='bbox 796 3501 860 3574; x_wconf 86' lang='lat' dir='ltr'>sub</span> <span class='ocrx_word' id='word_1_214' title='bbox 897 3501 1063 3592; x_wconf 89' lang='lat' dir='ltr'>parocbia</span> <span class='ocrx_word' id='word_1_215' title='bbox 1098 3499 1142 3574; x_wconf 92' lang='lat' dir='ltr'>de</span> <span class='ocrx_word' id='word_1_216' title='bbox 1175 3499 1533 3576; x_wconf 84' lang='lat' dir='ltr'>Proscboviczc</span> <span class='ocrx_word' id='word_1_217' title='bbox 1558 3501 1645 3591; x_wconf 82' lang='lat' dir='ltr'>sita,</span> <span class='ocrx_word' id='word_1_218' title='bbox 1671 3501 1769 3587; x_wconf 80' lang='lat' dir='ltr'>cuius</span> 
     </span>
     <span class='ocr_line' id='line_1_24' title="bbox 214 3621 1768 3716; baseline -0.001 -20"><span class='ocrx_word' id='word_1_219' title='bbox 214 3622 542 3696; x_wconf 83' lang='lat' dir='ltr'>haeres-lohannes</span> <span class='ocrx_word' id='word_1_220' title='bbox 570 3621 846 3713; x_wconf 86' lang='lat' dir='ltr'>Skawinsky</span> <span class='ocrx_word' id='word_1_221' title='bbox 874 3621 917 3692; x_wconf 92' lang='lat' dir='ltr'>de</span> <span class='ocrx_word' id='word_1_222' title='bbox 944 3621 1045 3695; x_wconf 89' lang='lat' dir='ltr'>domo</span> <span class='ocrx_word' id='word_1_223' title='bbox 1071 3621 1271 3713; x_wconf 89' lang='lat' dir='ltr'>Dolywa.</span> <span class='ocrx_word' id='word_1_224' title='bbox 1310 3621 1352 3692; x_wconf 89' lang='lat' dir='ltr'>In</span> <span class='ocrx_word' id='word_1_225' title='bbox 1380 3641 1448 3716; x_wconf 86' lang='lat' dir='ltr'>qua</span> <span class='ocrx_word' id='word_1_226' title='bbox 1474 3626 1557 3695; x_wconf 85' lang='lat' dir='ltr'>snat</span> <span class='ocrx_word' id='word_1_227' title='bbox 1582 3621 1674 3697; x_wconf 91' lang='lat' dir='ltr'>lanei</span> <span class='ocrx_word' id='word_1_228' title='bbox 1700 3621 1768 3694; x_wconf 90' lang='lat' dir='ltr'>duc</span> 
     </span>
     <span class='ocr_line' id='line_1_25' title="bbox 216 3741 1769 3836; baseline -0.001 -20"><span class='ocrx_word' id='word_1_229' title='bbox 216 3743 469 3834; x_wconf 88' lang='lat' dir='ltr'>emethonales,</span> <span class='ocrx_word' id='word_1_230' title='bbox 497 3745 570 3816; x_wconf 90' lang='lat' dir='ltr'>sive</span> <span class='ocrx_word' id='word_1_231' title='bbox 606 3744 734 3834; x_wconf 88' lang='lat' dir='ltr'>campi,</span> <span class='ocrx_word' id='word_1_232' title='bbox 762 3742 805 3815; x_wconf 92' lang='lat' dir='ltr'>de</span> <span class='ocrx_word' id='word_1_233' title='bbox 840 3743 964 3834; x_wconf 87' lang='lat' dir='ltr'>quibus</span> <span class='ocrx_word' id='word_1_234' title='bbox 992 3741 1125 3816; x_wconf 87' lang='lat' dir='ltr'>decima</span> <span class='ocrx_word' id='word_1_235' title='bbox 1150 3741 1377 3832; x_wconf 87' lang='lat' dir='ltr'>manipularis</span> <span class='ocrx_word' id='word_1_236' title='bbox 1404 3742 1551 3817; x_wconf 90' lang='lat' dir='ltr'>solvitur</span> <span class='ocrx_word' id='word_1_237' title='bbox 1576 3763 1641 3836; x_wconf 89' lang='lat' dir='ltr'>pro</span> <span class='ocrx_word' id='word_1_238' title='bbox 1667 3763 1769 3832; x_wconf 89' lang='lat' dir='ltr'>prae·</span> 
     </span>
     <span class='ocr_line' id='line_1_26' title="bbox 214 3862 1770 3956; baseline -0.002 -18"><span class='ocrx_word' id='word_1_239' title='bbox 214 3865 326 3945; x_wconf 86' lang='lat' dir='ltr'>banda</span> <span class='ocrx_word' id='word_1_240' title='bbox 354 3863 577 3938; x_wconf 84' lang='lat' dir='ltr'>Gracoviensi</span> <span class='ocrx_word' id='word_1_241' title='bbox 603 3863 851 3956; x_wconf 80' lang='lat' dir='ltr'>Ozecbovska,</span> <span class='ocrx_word' id='word_1_242' title='bbox 879 3863 1053 3956; x_wconf 89' lang='lat' dir='ltr'>canapalis</span> <span class='ocrx_word' id='word_1_243' title='bbox 1081 3883 1164 3934; x_wconf 89' lang='lat' dir='ltr'>vero</span> <span class='ocrx_word' id='word_1_244' title='bbox 1191 3882 1255 3956; x_wconf 91' lang='lat' dir='ltr'>per</span> <span class='ocrx_word' id='word_1_245' title='bbox 1282 3867 1431 3956; x_wconf 89' lang='lat' dir='ltr'>quatuor</span> <span class='ocrx_word' id='word_1_246' title='bbox 1457 3863 1595 3952; x_wconf 64' lang='lat' dir='ltr'>brugas</span> <span class='ocrx_word' id='word_1_247' title='bbox 1623 3862 1770 3937; x_wconf 89' lang='lat' dir='ltr'>solvitur</span> 
     </span>
     <span class='ocr_line' id='line_1_27' title="bbox 214 3981 1769 4080; baseline -0.003 -20"><span class='ocrx_word' id='word_1_248' title='bbox 214 3987 323 4062; x_wconf 91' lang='lat' dir='ltr'>eidem</span> <span class='ocrx_word' id='word_1_249' title='bbox 351 3985 580 4080; x_wconf 86' lang='lat' dir='ltr'>praebendae,</span> <span class='ocrx_word' id='word_1_250' title='bbox 608 3990 644 4058; x_wconf 89' lang='lat' dir='ltr'>et</span> <span class='ocrx_word' id='word_1_251' title='bbox 669 3985 768 4058; x_wconf 90' lang='lat' dir='ltr'>valor</span> <span class='ocrx_word' id='word_1_252' title='bbox 794 3985 869 4058; x_wconf 89' lang='lat' dir='ltr'>eius</span> <span class='ocrx_word' id='word_1_253' title='bbox 895 3984 1101 4059; x_wconf 88' lang='lat' dir='ltr'>aestimatur</span> <span class='ocrx_word' id='word_1_254' title='bbox 1127 3983 1172 4056; x_wconf 91' lang='lat' dir='ltr'>ad</span> <span class='ocrx_word' id='word_1_255' title='bbox 1199 3987 1273 4054; x_wconf 89' lang='lat' dir='ltr'>tres</span> <span class='ocrx_word' id='word_1_256' title='bbox 1299 4003 1443 4054; x_wconf 89' lang='lat' dir='ltr'>marcas.</span> <span class='ocrx_word' id='word_1_257' title='bbox 1469 3981 1558 4057; x_wconf 89' lang='lat' dir='ltr'>Item</span> <span class='ocrx_word' id='word_1_258' title='bbox 1584 3982 1627 4054; x_wconf 91' lang='lat' dir='ltr'>de</span> <span class='ocrx_word' id='word_1_259' title='bbox 1645 3983 1769 4074; x_wconf 89' lang='lat' dir='ltr'>aliqui-</span> 
     </span>
     <span class='ocr_line' id='line_1_28' title="bbox 213 4103 1768 4198; baseline -0.006 -16"><span class='ocrx_word' id='word_1_260' title='bbox 213 4109 278 4182; x_wconf 87' lang='lat' dir='ltr'>bus</span> <span class='ocrx_word' id='word_1_261' title='bbox 305 4108 437 4198; x_wconf 85' lang='lat' dir='ltr'>campis</span> <span class='ocrx_word' id='word_1_262' title='bbox 473 4107 620 4180; x_wconf 83' lang='lat' dir='ltr'>soletnr</span> <span class='ocrx_word' id='word_1_263' title='bbox 646 4104 780 4180; x_wconf 89' lang='lat' dir='ltr'>decima</span> <span class='ocrx_word' id='word_1_264' title='bbox 805 4126 870 4198; x_wconf 88' lang='lat' dir='ltr'>pro</span> <span class='ocrx_word' id='word_1_265' title='bbox 903 4107 1065 4198; x_wconf 89' lang='lat' dir='ltr'>episcopo</span> <span class='ocrx_word' id='word_1_266' title='bbox 1093 4103 1332 4196; x_wconf 82' lang='lat' dir='ltr'>Gracoviensi,</span> <span class='ocrx_word' id='word_1_267' title='bbox 1359 4104 1457 4176; x_wconf 91' lang='lat' dir='ltr'>cuius</span> <span class='ocrx_word' id='word_1_268' title='bbox 1483 4103 1582 4176; x_wconf 87' lang='lat' dir='ltr'>valor</span> <span class='ocrx_word' id='word_1_269' title='bbox 1608 4105 1768 4177; x_wconf 87' lang='lat' dir='ltr'>aestima-</span> 
     </span>
     <span class='ocr_line' id='line_1_29' title="bbox 213 4224 1768 4319; baseline -0.005 -17"><span class='ocrx_word' id='word_1_270' title='bbox 213 4234 270 4302; x_wconf 89' lang='lat' dir='ltr'>tur</span> <span class='ocrx_word' id='word_1_271' title='bbox 296 4229 343 4302; x_wconf 88' lang='lat' dir='ltr'>ad</span> <span class='ocrx_word' id='word_1_272' title='bbox 369 4233 442 4301; x_wconf 90' lang='lat' dir='ltr'>tres</span> <span class='ocrx_word' id='word_1_273' title='bbox 469 4231 613 4302; x_wconf 86' lang='lat' dir='ltr'>marcas.</span> <span class='ocrx_word' id='word_1_274' title='bbox 639 4227 728 4300; x_wconf 91' lang='lat' dir='ltr'>Item</span> <span class='ocrx_word' id='word_1_275' title='bbox 755 4226 798 4299; x_wconf 90' lang='lat' dir='ltr'>de</span> <span class='ocrx_word' id='word_1_276' title='bbox 825 4227 998 4319; x_wconf 89' lang='lat' dir='ltr'>aliquibus</span> <span class='ocrx_word' id='word_1_277' title='bbox 1026 4225 1120 4318; x_wconf 79' lang='lat' dir='ltr'>agris</span> <span class='ocrx_word' id='word_1_278' title='bbox 1138 4225 1286 4298; x_wconf 80' lang='lat' dir='ltr'>soletnr</span> <span class='ocrx_word' id='word_1_279' title='bbox 1303 4225 1471 4302; x_wconf 89' lang='lat' dir='ltr'>ecclesiae</span> <span class='ocrx_word' id='word_1_280' title='bbox 1488 4226 1525 4298; x_wconf 89' lang='lat' dir='ltr'>iu</span> <span class='ocrx_word' id='word_1_281' title='bbox 1542 4224 1635 4297; x_wconf 93' lang='lat' dir='ltr'>Pob</span> <span class='ocrx_word' id='word_1_282' title='bbox 1644 4249 1668 4319; x_wconf 80' lang='lat' dir='ltr'>v</span> <span class='ocrx_word' id='word_1_283' title='bbox 1678 4247 1698 4303; x_wconf 88' lang='lat' dir='ltr'>a</span> <span class='ocrx_word' id='word_1_284' title='bbox 1708 4224 1768 4298; x_wconf 87' lang='lat' dir='ltr'>dr.</span> 
     </span>
     <span class='ocr_line' id='line_1_30' title="bbox 214 4333 1769 4442; baseline -0.001 -20"><span class='ocrx_word' id='word_1_285' title='bbox 214 4350 301 4434; x_wconf 86' lang='lat' dir='ltr'>Item</span> <span class='ocrx_word' id='word_1_286' title='bbox 329 4355 385 4422; x_wconf 92' lang='lat' dir='ltr'>est</span> <span class='ocrx_word' id='word_1_287' title='bbox 411 4349 461 4422; x_wconf 93' lang='lat' dir='ltr'>ibi</span> <span class='ocrx_word' id='word_1_288' title='bbox 492 4350 589 4422; x_wconf 77' lang='lat' dir='ltr'>cuma</span> <span class='ocrx_word' id='word_1_289' title='bbox 617 4369 704 4441; x_wconf 86' lang='lat' dir='ltr'>una,</span> <span class='ocrx_word' id='word_1_290' title='bbox 733 4333 822 4442; x_wconf 82' lang='lat' dir='ltr'>quae</span> <span class='ocrx_word' id='word_1_291' title='bbox 853 4348 1002 4422; x_wconf 90' lang='lat' dir='ltr'>decimat</span> <span class='ocrx_word' id='word_1_292' title='bbox 1032 4347 1200 4420; x_wconf 89' lang='lat' dir='ltr'>ecclesiae</span> <span class='ocrx_word' id='word_1_293' title='bbox 1230 4351 1267 4420; x_wconf 91' lang='lat' dir='ltr'>et</span> <span class='ocrx_word' id='word_1_294' title='bbox 1295 4347 1444 4440; x_wconf 91' lang='lat' dir='ltr'>plebano</span> <span class='ocrx_word' id='word_1_295' title='bbox 1475 4346 1511 4418; x_wconf 91' lang='lat' dir='ltr'>in</span> <span class='ocrx_word' id='word_1_296' title='bbox 1543 4345 1769 4420; x_wconf 87' lang='lat' dir='ltr'>Proscbo·</span> 
     </span>
    </p>
   </div>
   <div class='ocr_carea' id='block_1_6' title="bbox 214 4490 1770 4692">
    <p class='ocr_par' dir='ltr' id='par_1_8' title="bbox 214 4490 1770 4692">
     <span class='ocr_line' id='line_1_31' title="bbox 286 4490 374 4544; baseline -0.011 -1"><span class='ocrx_word' id='word_1_297' title='bbox 286 4490 374 4544; x_wconf 88' lang='lat' dir='ltr'>eze.</span> 
     </span>
     <span class='ocr_line' id='line_1_32' title="bbox 214 4492 1770 4692; baseline -0.003 -28"><span class='ocrx_word' id='word_1_298' title='bbox 214 4492 277 4563; x_wconf 57' lang='grc' dir='ltr'>Ἡ</span> <span class='ocrx_word' id='word_1_299' title='bbox 316 4591 574 4681; x_wconf 78' lang='lat' dir='ltr'>Masoczrczn,</span> <span class='ocrx_word' id='word_1_300' title='bbox 600 4589 683 4664; x_wconf 89' lang='lat' dir='ltr'>villa</span> <span class='ocrx_word' id='word_1_301' title='bbox 710 4590 774 4664; x_wconf 93' lang='lat' dir='ltr'>sub</span> <span class='ocrx_word' id='word_1_302' title='bbox 797 4589 963 4684; x_wconf 88' lang='lat' dir='ltr'>parocbia</span> <span class='ocrx_word' id='word_1_303' title='bbox 980 4589 1024 4662; x_wconf 88' lang='lat' dir='ltr'>da</span> <span class='ocrx_word' id='word_1_304' title='bbox 1041 4588 1404 4692; x_wconf 82' lang='lat' dir='ltr'>Proschovycze</span> <span class='ocrx_word' id='word_1_305' title='bbox 1431 4588 1507 4678; x_wconf 73' lang='lat' dir='ltr'>alta</span> <span class='ocrx_word' id='word_1_306' title='bbox 1525 4586 1623 4660; x_wconf 89' lang='lat' dir='ltr'>cuius</span> <span class='ocrx_word' id='word_1_307' title='bbox 1640 4584 1770 4660; x_wconf 84' lang='lat' dir='ltr'>medie·</span> 
     </span>
    </p>
   </div>
   <div class='ocr_carea' id='block_1_7' title="bbox 213 4706 1912 4804">
    <p class='ocr_par' dir='ltr' id='par_1_9' title="bbox 213 4706 1912 4804">
     <span class='ocr_line' id='line_1_33' title="bbox 213 4706 1912 4804; baseline -0.004 -18"><span class='ocrx_word' id='word_1_308' title='bbox 213 4717 267 4786; x_wconf 89' lang='lat' dir='ltr'>tas</span> <span class='ocrx_word' id='word_1_309' title='bbox 293 4713 450 4804; x_wconf 85' lang='lat' dir='ltr'>pertiuet</span> <span class='ocrx_word' id='word_1_310' title='bbox 476 4711 522 4784; x_wconf 90' lang='lat' dir='ltr'>ad</span> <span class='ocrx_word' id='word_1_311' title='bbox 546 4712 796 4804; x_wconf 89' lang='lat' dir='ltr'>proprietatem</span> <span class='ocrx_word' id='word_1_312' title='bbox 823 4710 1136 4790; x_wconf 83' lang='lat' dir='ltr'>sanctimonialium</span> <span class='ocrx_word' id='word_1_313' title='bbox 1155 4708 1198 4782; x_wconf 94' lang='lat' dir='ltr'>de</span> <span class='ocrx_word' id='word_1_314' title='bbox 1215 4707 1553 4802; x_wconf 82' lang='lat' dir='ltr'>Stanyantbky,</span> <span class='ocrx_word' id='word_1_315' title='bbox 1570 4706 1767 4802; x_wconf 79' lang='lat' dir='ltr'>medietatis</span> <span class='ocrx_word' id='word_1_316' title='bbox 1811 4745 1814 4754; x_wconf 94' lang='lat'>·</span> <span class='ocrx_word' id='word_1_317' title='bbox 1905 4749 1912 4769; x_wconf 52' lang='lat'><strong><em>¹</em></strong></span> 
     </span>
    </p>
   </div>
   <div class='ocr_carea' id='block_1_8' title="bbox 214 4814 1801 4920">
    <p class='ocr_par' dir='ltr' id='par_1_10' title="bbox 214 4814 1801 4920">
     <span class='ocr_line' id='line_1_34' title="bbox 214 4814 1801 4920; baseline -0.003 -16"><span class='ocrx_word' id='word_1_318' title='bbox 214 4853 297 4906; x_wconf 89' lang='lat' dir='ltr'>vero</span> <span class='ocrx_word' id='word_1_319' title='bbox 324 4833 471 4906; x_wconf 89' lang='lat' dir='ltr'>alterius</span> <span class='ocrx_word' id='word_1_320' title='bbox 509 4839 564 4906; x_wconf 89' lang='lat' dir='ltr'>est</span> <span class='ocrx_word' id='word_1_321' title='bbox 599 4833 722 4906; x_wconf 88' lang='lat' dir='ltr'>haeres</span> <span class='ocrx_word' id='word_1_322' title='bbox 749 4831 971 4906; x_wconf 82' lang='lat' dir='ltr'>chorek</span> <span class='ocrx_word' id='word_1_323' title='bbox 998 4831 1041 4907; x_wconf 91' lang='lat' dir='ltr'>de</span> <span class='ocrx_word' id='word_1_324' title='bbox 1068 4830 1170 4904; x_wconf 89' lang='lat' dir='ltr'>domo</span> <span class='ocrx_word' id='word_1_325' title='bbox 1196 4814 1343 4903; x_wconf 50' lang='lat' dir='ltr'>Rava‘</span> <span class='ocrx_word' id='word_1_326' title='bbox 1379 4829 1421 4900; x_wconf 89' lang='lat' dir='ltr'>In</span> <span class='ocrx_word' id='word_1_327' title='bbox 1448 4849 1517 4920; x_wconf 89' lang='lat' dir='ltr'>qua</span> <span class='ocrx_word' id='word_1_328' title='bbox 1541 4833 1624 4902; x_wconf 88' lang='lat' dir='ltr'>sunt</span> <span class='ocrx_word' id='word_1_329' title='bbox 1650 4827 1769 4916; x_wconf 84' lang='lat' dir='ltr'>decem</span> <span class='ocrx_word' id='word_1_330' title='bbox 1797 4823 1801 4830; x_wconf 85' lang='grc'><strong>’</strong></span> 
     </span>
    </p>
   </div>
   <div class='ocr_carea' id='block_1_9' title="bbox 106 4947 1769 5046">
    <p class='ocr_par' dir='ltr' id='par_1_11' title="bbox 106 4947 1769 5046">
     <span class='ocr_line' id='line_1_35' title="bbox 106 4947 1769 5046; baseline -0.004 -19"><span class='ocrx_word' id='word_1_331' title='bbox 106 4947 107 4952; x_wconf 55' lang='lat'>‘</span> <span class='ocrx_word' id='word_1_332' title='bbox 214 4953 306 5027; x_wconf 92' lang='lat' dir='ltr'>lanei</span> <span class='ocrx_word' id='word_1_333' title='bbox 334 4955 579 5046; x_wconf 85' lang='lat' dir='ltr'>emethonales,</span> <span class='ocrx_word' id='word_1_334' title='bbox 606 4955 689 5028; x_wconf 88' lang='lat' dir='ltr'>item</span> <span class='ocrx_word' id='word_1_335' title='bbox 716 4975 786 5026; x_wconf 90' lang='lat' dir='ltr'>una</span> <span class='ocrx_word' id='word_1_336' title='bbox 811 4953 1028 5044; x_wconf 83' lang='lat' dir='ltr'>hortularia,</span> <span class='ocrx_word' id='word_1_337' title='bbox 1056 4952 1099 5024; x_wconf 89' lang='lat' dir='ltr'>de</span> <span class='ocrx_word' id='word_1_338' title='bbox 1126 4951 1251 5042; x_wconf 89' lang='lat' dir='ltr'>quibus</span> <span class='ocrx_word' id='word_1_339' title='bbox 1278 4951 1437 5026; x_wconf 87' lang='lat' dir='ltr'>omnibus</span> <span class='ocrx_word' id='word_1_340' title='bbox 1463 4950 1611 5026; x_wconf 90' lang='lat' dir='ltr'>solvitur</span> <span class='ocrx_word' id='word_1_341' title='bbox 1636 4948 1769 5025; x_wconf 80' lang='lat' dir='ltr'>decium</span> 
     </span>
    </p>
   </div>
   <div class='ocr_carea' id='block_1_10' title="bbox 112 5058 1769 5650">
    <p class='ocr_par' dir='ltr' id='par_1_12' title="bbox 112 5058 1769 5530">
     <span class='ocr_line' id='line_1_36' title="bbox 112 5058 1768 5167; baseline -0.001 -18"><span class='ocrx_word' id='word_1_342' title='bbox 112 5083 116 5090; x_wconf 88' lang='lat'>&#39;</span> <span class='ocrx_word' id='word_1_343' title='bbox 213 5075 440 5166; x_wconf 87' lang='lat' dir='ltr'>manipularis</span> <span class='ocrx_word' id='word_1_344' title='bbox 466 5076 684 5167; x_wconf 85' lang='lat' dir='ltr'>praebendae</span> <span class='ocrx_word' id='word_1_345' title='bbox 712 5073 931 5148; x_wconf 73' lang='lat' dir='ltr'>cracoviensi</span> <span class='ocrx_word' id='word_1_346' title='bbox 958 5075 1072 5148; x_wconf 90' lang='lat' dir='ltr'>dictae</span> <span class='ocrx_word' id='word_1_347' title='bbox 1099 5071 1348 5164; x_wconf 82' lang='lat' dir='ltr'>Ozecbovska,</span> <span class='ocrx_word' id='word_1_348' title='bbox 1374 5077 1411 5144; x_wconf 92' lang='lat' dir='ltr'>et</span> <span class='ocrx_word' id='word_1_349' title='bbox 1436 5071 1534 5145; x_wconf 86' lang='lat' dir='ltr'>valor</span> <span class='ocrx_word' id='word_1_350' title='bbox 1560 5071 1635 5145; x_wconf 91' lang='lat' dir='ltr'>eius</span> <span class='ocrx_word' id='word_1_351' title='bbox 1662 5058 1768 5148; x_wconf 80' lang='lat' dir='ltr'>aesti-</span> 
     </span>
     <span class='ocr_line' id='line_1_37' title="bbox 214 5192 1769 5286; baseline -0.003 -20"><span class='ocrx_word' id='word_1_352' title='bbox 214 5201 329 5268; x_wconf 90' lang='lat' dir='ltr'>matur</span> <span class='ocrx_word' id='word_1_353' title='bbox 356 5195 402 5268; x_wconf 90' lang='lat' dir='ltr'>ad</span> <span class='ocrx_word' id='word_1_354' title='bbox 427 5196 545 5270; x_wconf 90' lang='lat' dir='ltr'>decem</span> <span class='ocrx_word' id='word_1_355' title='bbox 572 5203 609 5270; x_wconf 93' lang='lat' dir='ltr'>et</span> <span class='ocrx_word' id='word_1_356' title='bbox 635 5201 711 5270; x_wconf 90' lang='lat' dir='ltr'>octo</span> <span class='ocrx_word' id='word_1_357' title='bbox 738 5215 873 5270; x_wconf 89' lang='lat' dir='ltr'>marcas</span> <span class='ocrx_word' id='word_1_358' title='bbox 900 5201 936 5268; x_wconf 91' lang='lat' dir='ltr'>et</span> <span class='ocrx_word' id='word_1_359' title='bbox 962 5195 1101 5268; x_wconf 90' lang='lat' dir='ltr'>solvunt</span> <span class='ocrx_word' id='word_1_360' title='bbox 1127 5193 1295 5266; x_wconf 90' lang='lat' dir='ltr'>decimam</span> <span class='ocrx_word' id='word_1_361' title='bbox 1321 5192 1522 5284; x_wconf 89' lang='lat' dir='ltr'>canapalem</span> <span class='ocrx_word' id='word_1_362' title='bbox 1539 5211 1603 5286; x_wconf 89' lang='lat' dir='ltr'>per</span> <span class='ocrx_word' id='word_1_363' title='bbox 1621 5195 1769 5284; x_wconf 82' lang='lat' dir='ltr'>quatuor</span> 
     </span>
     <span class='ocr_line' id='line_1_38' title="bbox 214 5309 1768 5409; baseline -0.002 -22"><span class='ocrx_word' id='word_1_364' title='bbox 214 5316 392 5389; x_wconf 87' lang='lat' dir='ltr'>iuncturas</span> <span class='ocrx_word' id='word_1_365' title='bbox 428 5318 560 5409; x_wconf 91' lang='lat' dir='ltr'>canapi.</span> <span class='ocrx_word' id='word_1_366' title='bbox 600 5318 688 5390; x_wconf 90' lang='lat' dir='ltr'>Item</span> <span class='ocrx_word' id='word_1_367' title='bbox 723 5321 777 5391; x_wconf 90' lang='lat' dir='ltr'>est</span> <span class='ocrx_word' id='word_1_368' title='bbox 811 5317 860 5392; x_wconf 94' lang='lat' dir='ltr'>ibi</span> <span class='ocrx_word' id='word_1_369' title='bbox 895 5337 1002 5388; x_wconf 78' lang='lat' dir='ltr'>unuin</span> <span class='ocrx_word' id='word_1_370' title='bbox 1031 5315 1212 5408; x_wconf 89' lang='lat' dir='ltr'>praedium</span> <span class='ocrx_word' id='word_1_371' title='bbox 1236 5313 1389 5388; x_wconf 88' lang='lat' dir='ltr'>militare</span> <span class='ocrx_word' id='word_1_372' title='bbox 1414 5314 1547 5389; x_wconf 91' lang='lat' dir='ltr'>babens</span> <span class='ocrx_word' id='word_1_373' title='bbox 1570 5331 1698 5405; x_wconf 75' lang='lat' dir='ltr'>agros,</span> <span class='ocrx_word' id='word_1_374' title='bbox 1724 5309 1768 5389; x_wconf 82' lang='lat' dir='ltr'>de</span> 
     </span>
     <span class='ocr_line' id='line_1_39' title="bbox 215 5435 1406 5530; baseline -0.005 -20"><span class='ocrx_word' id='word_1_375' title='bbox 215 5437 342 5527; x_wconf 86' lang='lat' dir='ltr'>quibus</span> <span class='ocrx_word' id='word_1_376' title='bbox 369 5437 515 5510; x_wconf 89' lang='lat' dir='ltr'>solvitur</span> <span class='ocrx_word' id='word_1_377' title='bbox 541 5439 674 5512; x_wconf 89' lang='lat' dir='ltr'>decima</span> <span class='ocrx_word' id='word_1_378' title='bbox 699 5460 764 5530; x_wconf 92' lang='lat' dir='ltr'>pro</span> <span class='ocrx_word' id='word_1_379' title='bbox 791 5438 953 5513; x_wconf 88' lang='lat' dir='ltr'>altarista</span> <span class='ocrx_word' id='word_1_380' title='bbox 979 5438 1015 5513; x_wconf 92' lang='lat' dir='ltr'>in</span> <span class='ocrx_word' id='word_1_381' title='bbox 1042 5435 1406 5508; x_wconf 84' lang='lat' dir='ltr'>Proscbowicze.</span> 
     </span>
    </p>

    <p class='ocr_par' dir='ltr' id='par_1_13' title="bbox 320 5552 1768 5650">
     <span class='ocr_line' id='line_1_40' title="bbox 320 5552 1768 5650; baseline -0.001 -20"><span class='ocrx_word' id='word_1_382' title='bbox 320 5556 600 5650; x_wconf 81' lang='lat' dir='ltr'>Gnvmunrnovv,</span> <span class='ocrx_word' id='word_1_383' title='bbox 627 5559 710 5632; x_wconf 91' lang='lat' dir='ltr'>villa</span> <span class='ocrx_word' id='word_1_384' title='bbox 736 5560 800 5632; x_wconf 92' lang='lat' dir='ltr'>sub</span> <span class='ocrx_word' id='word_1_385' title='bbox 826 5558 991 5650; x_wconf 87' lang='lat' dir='ltr'>parochia</span> <span class='ocrx_word' id='word_1_386' title='bbox 1018 5555 1061 5629; x_wconf 91' lang='lat' dir='ltr'>de</span> <span class='ocrx_word' id='word_1_387' title='bbox 1087 5554 1442 5628; x_wconf 87' lang='lat' dir='ltr'>Proschovicze</span> <span class='ocrx_word' id='word_1_388' title='bbox 1469 5553 1545 5645; x_wconf 77' lang='lat' dir='ltr'>sita,</span> <span class='ocrx_word' id='word_1_389' title='bbox 1572 5552 1669 5646; x_wconf 86' lang='lat' dir='ltr'>cuius</span> <span class='ocrx_word' id='word_1_390' title='bbox 1686 5573 1768 5646; x_wconf 81' lang='lat' dir='ltr'>pro·</span> 
     </span>
    </p>
   </div>
   <div class='ocr_carea' id='block_1_11' title="bbox 214 5672 1770 5774">
    <p class='ocr_par' dir='ltr' id='par_1_14' title="bbox 214 5672 1770 5774">
     <span class='ocr_line' id='line_1_41' title="bbox 214 5672 1770 5774; baseline -0.004 -21"><span class='ocrx_word' id='word_1_391' title='bbox 214 5678 350 5774; x_wconf 81' lang='lat' dir='ltr'>prietas</span> <span class='ocrx_word' id='word_1_392' title='bbox 376 5678 421 5756; x_wconf 85' lang='lat' dir='ltr'>ad</span> <span class='ocrx_word' id='word_1_393' title='bbox 448 5680 724 5768; x_wconf 70' lang='lat' dir='ltr'>mncbmcnialcs</span> <span class='ocrx_word' id='word_1_394' title='bbox 751 5680 787 5762; x_wconf 82' lang='lat' dir='ltr'>io</span> <span class='ocrx_word' id='word_1_395' title='bbox 815 5677 1147 5774; x_wconf 76' lang='lat' dir='ltr'>stanvanrhky</span> <span class='ocrx_word' id='word_1_396' title='bbox 1172 5675 1335 5772; x_wconf 81' lang='lat' dir='ltr'>peutmet</span> <span class='ocrx_word' id='word_1_397' title='bbox 1373 5674 1415 5747; x_wconf 92' lang='lat' dir='ltr'>In</span> <span class='ocrx_word' id='word_1_398' title='bbox 1442 5695 1512 5770; x_wconf 67' lang='lat' dir='ltr'>qua</span> <span class='ocrx_word' id='word_1_399' title='bbox 1537 5678 1619 5768; x_wconf 79' lang='lat' dir='ltr'>suut</span> <span class='ocrx_word' id='word_1_400' title='bbox 1643 5672 1770 5768; x_wconf 80' lang='lat' dir='ltr'>viginti</span> 
     </span>
    </p>
   </div>
   <div class='ocr_carea' id='block_1_12' title="bbox 0 0 2280 6599">
    <p class='ocr_par' dir='ltr' id='par_1_15' title="bbox 0 0 2280 6599">
     <span class='ocr_line' id='line_1_42' title="bbox 0 0 2280 6599; baseline 0 0"><span class='ocrx_word' id='word_1_401' title='bbox 0 0 2280 6599; x_wconf 95' lang='lat' dir='ltr'> </span> 
     </span>
    </p>
   </div>
  </div>
 </body>
</html>
