4550 6600
1718 778 1794 850 463

241 978 447 1071 quibusdam
475 982 569 1072 agris
596 980 689 1052 tollit
706 1002 781 1053 eam
800 982 983 1074 episcopus
1011 980 1261 1075 Gracoviensis,
1289 984 1333 1057 de
1356 984 1565 1077 quibusdam
1591 1010 1674 1061 vero
1692 1008 1795 1078 prae-

242 1102 402 1193 positura
419 1102 646 1195 Kyelciensis.
673 1103 761 1191 Item
781 1124 849 1175 non
868 1109 922 1176 est
941 1105 990 1177 ibi
1008 1105 1196 1197 praedium.
1227 1106 1316 1177 ltem
1333 1108 1501 1199 plebanas
1520 1110 1563 1182 de
1590 1111 1795 1204 Szwyan-

241 1224 486 1297 thamarza
520 1246 588 1297 non
624 1225 732 1297 habet
767 1224 834 1317 ibi,
870 1226 938 1297 nisi
974 1226 1265 1301 columbationem
1292 1232 1328 1299 et
1346 1229 1530 1301 denarium
1551 1230 1669 1305 Sancti
1688 1233 1794 1328 Petri,

236 1350 276 1416 et
301 1345 467 1417 decimam
494 1346 743 1438 manipularem
771 1346 882 1419 omnis
908 1348 1020 1439 grani,
1046 1353 1127 1439 post
1153 1348 1242 1421 duos
1268 1350 1387 1421 laneos
1414 1349 1626 1425 advocatiae.

287 1498 318 1531 .-
344 1465 551 1559 Koursou,
578 1468 661 1541 villa
688 1468 752 1541 sub
776 1469 942 1559 parochia
968 1469 1011 1541 de
1038 1468 1477 1561 Szwyanthamarza
1503 1474 1580 1565 sita,
1607 1478 1705 1549 cuius
1731 1477 1793 1551 do-

236 1590 382 1662 minium
410 1590 455 1661 ad
482 1584 681 1682 episcopum
708 1588 971 1663 Oracoviensem
1007 1592 1169 1680 pertinet.
1213 1594 1254 1664 In
1282 1615 1351 1685 qua
1376 1598 1459 1668 sunt
1494 1616 1555 1667 sen
1582 1596 1676 1669 lanei
1703 1620 1793 1671 cme-
1931 1581 1935 1587 ¹

236 1711 416 1801 thonales,
453 1710 496 1783 de
524 1712 649 1802 quibus
677 1711 825 1785 solvitur
851 1698 887 1784 et
913 1712 1116 1785 conducitur
1144 1714 1278 1787 decima
1293 1716 1530 1807 manipularis
1556 1723 1593 1788 et
1618 1721 1793 1811 canapalis

234 1854 304 1924 pro
330 1834 492 1925 episcopo
519 1833 751 1907 Gracoviensi.
795 1834 883 1906 Item
910 1854 979 1906 non
1007 1840 1061 1906 est
1087 1836 1286 1927 praedium,
1327 1858 1438 1930 neque
1464 1839 1641 1931 scollata,
1681 1862 1793 1933 neque
1922 1844 1929 1855 '

237 1956 469 2029 hortulaniae.
509 1956 598 2027 Item
625 1955 771 2027 ecclesia
798 1956 840 2027 de
867 1954 1302 2048 Szwyanthamarza
1327 1981 1396 2032 non
1423 1961 1614 2053 natatili,
1641 1964 1709 2035 nisi
1736 1982 1792 2036 co-

234 2077 487 2150 lumbationem
515 2082 551 2149 et
577 2076 759 2150 denarium
786 2076 905 2149 Sancti
931 2078 1039 2151 Petri.
1180 2116 1185 2122 ·

343 2199 653 2291 laureacensem,
680 2200 763 2272 villa
789 2200 854 2272 sub
880 2200 1046 2292 parochia
1073 2200 1117 2273 de
1144 2201 1551 2293 Swyanthamarza
1575 2206 1663 2299 sita,
1695 2209 1793 2281 cuius

236 2322 437 2415 proprietas
464 2323 508 2394 ad
536 2323 734 2415 epIscopum
761 2321 1024 2394 cracoviensem
1052 2324 1213 2414 pertinet
1256 2325 1298 2395 In
1325 2348 1395 2417 qua
1420 2331 1502 2398 suut
1528 2328 1676 2399 sedecim
1703 2329 1795 2401 lanei

235 2444 487 2536 emethonales,
515 2450 551 2517 et
577 2466 648 2517 una
672 2445 820 2517 taberna
846 2444 978 2517 habens
1006 2464 1129 2537 agros,
1165 2446 1210 2518 de
1236 2446 1361 2538 quibus
1387 2448 1545 2540 solvitur,
1572 2450 1794 2524 conducitur·

233 2588 305 2657 qua
331 2566 464 2639 decima
489 2566 715 2658 manipularis
743 2571 779 2638 et
806 2566 993 2659 canapalis,
1022 2566 1238 2658 episcopatui
1265 2567 1503 2661 Statoniensi,
1534 2576 1571 2643 et
1596 2572 1695 2645 valor
1720 2574 1795 2645 eius

234 2690 442 2761 aestimatur
477 2688 522 2760 ad
549 2688 667 2761 decem
694 2668 837 2761 mareas.¹
861 2689 969 2761 .Item
996 2709 1065 2761 non
1092 2695 1148 2761 est
1174 2690 1373 2782 praedium,
1415 2713 1484 2764 non
1511 2698 1591 2764 snnt
1616 2695 1794 2767 tabernae.
1867 2758 1873 2769 .

235 2810 328 2883 Item
356 2811 500 2883 eeclesia
527 2810 569 2883 de
601 2810 1040 2904 Szwyanthamarza
1073 2832 1142 2883 non
1169 2810 1276 2885 habet
1302 2813 1370 2904 ibi,
1410 2813 1478 2886 nisi
1505 2814 1793 2891 columbationem

235 2938 276 3007 et
301 2934 480 3007 denarium
508 2933 627 3006 Sancti
653 2932 761 3006 Petri.

343 3056 543 3149 Braurona,
583 3056 666 3129 villa
691 3056 756 3128 sub
783 3054 948 3146 parochia
974 3052 1018 3126 de
1043 3053 1172 3127 Nova
1196 3055 1307 3148 Slup
1342 3058 1429 3149 sita,
1469 3059 1568 3131 cuins
1594 3061 1793 3151 proprietas

234 3180 284 3255 ad
306 3180 553 3253 monasterium
580 3178 727 3252 Sanctae
754 3176 874 3251 Crucis
900 3178 1070 3269 pertinet;
1111 3177 1399 3252 Bartholomaeus
1426 3181 1518 3253 enim
1557 3182 1793 3255 Bosthow·

233 3306 320 3397 skp
348 3303 391 3377 de
417 3305 522 3376 aruris
549 3301 816 3397 Byelyaua,
844 3321 920 3373 enm
947 3305 1041 3374 osset
1067 3301 1175 3372 orbus
1202 3301 1466 3406 donavitillam
1491 3306 1712 3380 monasterio.
1751 3307 1793 3377 ln

234 3447 307 3519 qua
332 3431 414 3499 sunt
439 3425 591 3518 quinqua
617 3425 709 3497 lanei
737 3424 981 3514 emethonales,
1008 3443 1078 3498 una
1096 3422 1297 3497 hortulania
1322 3425 1456 3498 habens
1479 3447 1592 3518 agros,
1609 3432 1647 3500 et
1663 3427 1794 3500 molen·

234 3549 357 3622 dinam
384 3548 515 3626 habeus
541 3567 655 3639 agros,
683 3545 726 3618 de
754 3545 880 3637 quibus
907 3545 1067 3618 omnibus
1090 3545 1239 3618 solvitur
1265 3551 1302 3619 et
1326 3547 1532 3619 conducitur
1557 3548 1692 3621 decima
1718 3571 1795 3622 ma-

234 3670 407 3763 nipularis
434 3675 471 3742 et
497 3669 672 3760 canapalis
699 3688 763 3759 pro
790 3667 936 3739 ecclesia
962 3668 997 3738 in
1034 3667 1496 3770 Szwyanthamarza‚
1531 3675 1567 3741 et
1592 3670 1691 3743 valor
1716 3671 1793 3744 eius

233 3792 511 3891 aestimatur-ad
538 3791 689 3883 qulnque
715 3809 857 3862 marcas.

341 3914 527 4005 Baznzrn,
568 3912 651 3985 villa
677 3912 741 3985 sub
768 3910 935 4004 parochia
961 3909 1004 3982 de
1032 3907 1444 4003 Swyanthamarza
1469 3912 1546 4002 sita,
1585 3911 1684 3984 cuius
1711 3933 1792 4004 pro-

230 4037 366 4129 prietas
402 4035 447 4108 ad
473 4036 672 4128 episcopum
710 4033 974 4106 cracoviensem
1009 4033 1171 4125 pertinet.
1215 4033 1257 4105 In
1284 4055 1354 4125 qua
1389 4038 1471 4105 sunt
1505 4033 1664 4106 undecim
1700 4035 1792 4108 lanei

160 4245 164 4252 Ι
234 4157 490 4248 emethonales,
530 4157 614 4228 item
630 4176 712 4229 ¹uua
737 4155 885 4228 taberna
910 4155 1043 4228 habens
1070 4175 1192 4246 agros,
1233 4155 1276 4228 de
1303 4155 1429 4247 quibam
1456 4155 1615 4229 omnibus
1642 4157 1792 4230 solvitur

233 4285 272 4352 et
299 4278 504 4353 conducitur
539 4278 673 4352 decima
698 4277 926 4370 manipularis
953 4283 989 4349 et
1016 4277 1193 4372 canapalis
1224 4299 1289 4369 pro
1315 4278 1560 4370 praepositura
1585 4277 1792 4371 Kyolciensi‚

233 4407 271 4474 et
283 4402 387 4474 ualor
404 4397 479 4474 eius'
497 4401 700 4476 aestimatur
713 4399 764 4472 ad·
776 4398 1036 4493 quatuordecim
1054 4420 1199 4473 marcas.
1225 4401 1313 4472 Item
1331 4401 1499 4491 plebanus
1517 4400 1562 4471 de
1587 4399 1792 4493 Szwyan-

233 4526 473 4598 thamarza
499 4545 568 4596 non
595 4524 703 4597 habet
728 4523 787 4615 ibi,
816 4523 882 4595 nisi
910 4521 1197 4596 colmnbationem
1225 4528 1262 4595 et
1288 4522 1467 4596 denarium
1485 4514 1728 4595 Sancti-Petri.

340 4647 485 4734 Louna,
512 4645 596 4719 villa
621 4645 686 4718 sub
713 4645 879 4736 parochia
905 4644 948 4716 de
976 4643 1412 4736 Szwyanthamarza
1439 4645 1515 4716 sita.
1542 4644 1583 4716 In
1611 4665 1679 4737 qua
1706 4652 1790 4719 sont

233 4778 308 4843 tres
334 4769 426 4842 lanei
444 4767 688 4858 emethonales,
715 4766 759 4840 ad
778 4767 1029 4859 proprietatem
1047 4767 1313 4859 praepositurae
1330 4767 1548 4859 Kyeleiensis
1566 4767 1794 4857 pertinentes.

234 4894 326 4966 Item
353 4897 435 4964 sunt
453 4891 489 4963 in
508 4889 628 4964 eadem
656 4889 739 4962 villa
765 4894 897 4981 septem
924 4887 1069 4980 praedia
1094 4889 1270 4979 militaria,
1297 4888 1467 4961 videlicet:
1492 4887 1617 4962 Jacobi
1642 4888 1792 4962 Karzel

236 5015 400 5088 dedomo
426 5013 651 5103 Dambno,
678 5011 843 5084 Stanislai
869 5011 1018 5083 Dulek
1046 5010 1211 5084 dedomo
1237 4999 1406 5102 cusas,
1433 5009 1791 5103 MartIniKuczelr‚

233 5137 383 5210 Martini
410 5134 607 5226 Goszdz,
635 5133 798 5206 Andreae
825 5137 861 5206 et
888 5114 1018 5206 Otthae
1045 5133 1212 5206 dedomo
1239 5133 1512 5226 Thermus,
1540 5133 1641 5206 Pauli
1667 5133 1711 5206 de
1729 5133 1791 5206 do·

233 5281 291 5333 mo
317 5259 522 5332 Dambno
558 5263 594 5330 et
621 5257 756 5329 Nicolai
783 5256 826 5328 de
853 5256 954 5330 domo
982 5255 1185 5349 Okscha,
1222 5257 1417 5349 dequibus
1453 5257 1613 5330 omnibns
1643 5257 1792 5329 solvitur
1858 5302 1863 5310 -
1909 5240 1914 5250 Χ

233 5389 270 5455 et
297 5357 503 5455 conducitur
528 5379 662 5453 decima
688 5378 913 5471 manipularis
940 5384 977 5452 et
1004 5380 1180 5472 canapalis
1206 5401 1271 5471 pro
1294 5379 1441 5452 ecelesia
1466 5380 1502 5450 in
1529 5378 1791 5471 Swyantha-

231 5525 403 5594 marza,
429 5504 529 5576 cuins
556 5503 655 5575 valor
682 5503 887 5574 aestimatur
913 5501 957 5573 ad
984 5521 1046 5574 sex
1074 5521 1219 5574 marcas.

339 5623 549 5716 coisnon,
590 5625 673 5698 villa
700 5626 764 5698 sub
791 5625 958 5716 parochia
984 5625 1027 5701 de
1055 5623 1466 5720 Swyanthamarza
1492 5624 1579 5716 sita,
1620 5627 1791 5714 quaeest
