4550 6600
386 869 390 878 Ι
492 768 563 843 roa

490 976 622 1048 decima
648 974 876 1067 manipularis
903 980 940 1047 et
957 976 1132 1067 campalis
1159 996 1224 1066 pro
1246 976 1490 1067 praepositura
1516 974 1751 1071 Gracorieusi,
1777 980 1814 1047 61
1839 976 1939 1048 valor
1965 976 2041 1047 eins

489 1097 693 1173 aestimatur
719 1096 764 1167 61
791 1117 850 1169 seu
877 1116 1019 1169 marcas.
1058 1097 1146 1168 Item
1173 1096 1352 1187 praedium
1379 1120 1448 1168 non
1472 1103 1527 1169 est
1551 1098 1588 1169 in
1615 1096 1735 1179 eadem
1761 1098 1854 1169 villa

589 1212 837 1308 1166666616,
865 1218 949 1289 villa
966 1218 1030 1290 sub
1048 1220 1215 1308 parochia
1240 1219 1405 1291 ecclesiae
1431 1219 1474 1291 de
1492 1218 1808 1291 Moszhorzow
1834 1219 1912 1309 sita
1938 1220 2038 1289 onius

486 1338 654 1411 haeredes
682 1338 888 1410 Wilhelmus
916 1339 959 1411 dc
987 1340 1088 1411 domo
1116 1338 1395 1430 Godzamba,
1423 1346 1458 1411 et
1475 1340 1654 1411 Abraham
1679 1339 1969 1431 Wilhoushy
1995 1339 2040 1409 16

486 1458 586 1531 1666
615 1458 899 1551 Griiionum,
927 1460 1058 1551 inqua
1085 1464 1166 1532 sunt
1192 1482 1252 1531 sex
1279 1461 1370 1531 lanei
1397 1461 1646 1551 cmethonales,
1674 1460 1865 1552 dequibus
1891 1460 2041 1532 solvitur

486 1580 620 1653 decima
646 1582 872 1672 manipularis
899 1585 935 1652 et
953 1582 1129 1672 canapalis
1156 1603 1220 1672 pro
1247 1582 1490 1672 praepositura
1516 1580 1755 1671 cracoviensi,
1782 1587 1819 1653 et
1838 1582 1937 1653 valor
1964 1582 2040 1652 eius

487 1704 691 1774 aestimatur
717 1703 761 1774 ad
789 1724 849 1774 sex
877 1724 1030 1792 marcas;
1056 1704 1142 1774 item
1169 1708 1250 1775 sunt
1274 1704 1325 1773 ibi
1353 1703 1420 1773 duo
1446 1704 1590 1793 praedia
1616 1704 1794 1792 militaria,
1821 1702 1865 1773 16
1892 1723 2039 1793 quorum

489 1824 583 1915 agris
603 1822 793 1895 decimatur
811 1824 975 1895 ecclesiae
994 1825 1029 1895 in
1048 1823 1087 1894 M
1098 1845 1118 1896 o
1129 1824 1292 1895 szhorz
1303 1844 1381 1913 ow,
1397 1824 1482 1894 item
1501 1830 1555 1895 est
1572 1824 1622 1895 ibi
1638 1845 1708 1895 una
1724 1824 1880 1913 taberna,
1907 1825 2040 1895 habens

490 1952 596 2016 uuum
623 1944 759 2015 laneum
787 1964 963 2035 agrorum,
991 1945 1033 2016 de
1061 1946 1186 2035 quibus
1214 1944 1363 2016 decimat
1389 1945 1554 2016 ecclesiae
1579 1946 1616 2023 iu
1641 1944 1925 2016 Dzerszlrow.

590 2066 783 2156 Prazrur,
811 2066 894 2137 villa
919 2067 984 2138 sub
1012 2067 1177 2156 parochia
1203 2066 1246 2136 16
1263 2066 1584 2139 Moszhorzow
1610 2066 1696 2156 situ,
1724 2068 1821 2138 cuius
1839 2067 2038 2157 proprietas

488 2187 533 2259 ad
560 2188 801 2259 scholastriam
827 2188 863 2257 in
881 2188 1198 2259 Moszhorzow
1223 2188 1391 2278 pertinet,
1423 2188 1547 2279 inqua
1571 2192 1654 2263 sunt
1680 2186 1748 2259 duo
1767 2188 1859 2258 lanei
1886 2188 2040 2258 cmetho

487 2309 583 2381 noles
620 2313 655 2380 et
686 2330 755 2379 una
791 2331 912 2403 nyma,
948 2308 991 2379 de
1023 2308 1148 2399 quibus
1184 2308 1332 2379 solvitur
1368 2308 1501 2379 decima
1535 2308 1762 2398 manipularis
1798 2314 1834 2379 61
1861 2308 2039 2399 canapalis

488 2429 714 2500 scholastriae
740 2429 1076 2521 Moszkorzoviensi,
1104 2434 1140 2501 61
1158 2430 1256 2501 66166
1283 2430 1358 2500 6166
1377 2429 1421 2500 61
1439 2429 1524 2501 1666
1542 2449 1677 2504 marcas
1696 2430 1911 2501 aestimatur.
1950 2430 2039 2501 1166

487 2550 676 2641 praedium,
704 2552 787 2621 item
813 2551 976 2641 taberna,
1003 2552 1086 2622 item
1113 2550 1299 2622 hortulani.

588 2672 790 2761 Runurur,
827 2670 910 2742 villa
945 2673 1008 2743 sub
1035 2673 1202 2763 parochia
1236 2672 1280 2743 16
1306 2671 1504 2743 Msthow
1529 2672 1613 2761 sita,
1645 2672 1742 2743 cuius
1769 2672 1968 2762 proprietas
1995 2672 2039 2742 ad

487 2790 741 2865 serenissimum
769 2792 933 2864 Poloniae
960 2812 1076 2884 regem
1104 2794 1273 2883 pertinet,
1300 2793 1336 2863 in
1355 2814 1425 2883 quo
1450 2798 1532 2871 sunt
1557 2793 1648 2864 16661
1675 2792 1927 2882 cmethonales,
1954 2794 2038 2864 item

486 2914 666 3003 tabernae,
693 2915 777 2985 item
796 2914 1030 3004 hortulaniae,
1058 2914 1244 3005 dequibus
1271 2914 1428 2985 omnibus
1455 2914 1604 2993 solvitur
1629 2919 1666 2985 et
1683 2914 1888 2985 conducitur
1905 2914 2039 2985 decima

485 3036 710 3125 manipularis
729 3040 765 3106 et
783 3036 957 3125 canapalis
976 3056 1039 3125 pro
1059 3036 1205 3107 66616616
1232 3040 1268 3107 61
1285 3036 1433 3126 plebano
1451 3040 1487 3106 61
1504 3036 1685 3107 scolastico
1712 3036 1749 3106 iu
1767 3036 2036 3125 Moshorzow,

487 3157 626 3231 donata¹
649 3176 711 3246 per
739 3155 920 3227 Nicolaum
952 3155 1144 3227 Tramba
1169 3158 1464 3247 archiepiscopum
1498 3154 1755 3247 Gneznensem,
1791 3158 1835 3228 (16
1869 3178 2039 3229 66666666

371 3264 375 3269 ’
487 3276 650 3368 capituli3
687 3282 722 3348 et
748 3277 847 3349 valor
882 3277 957 3349 eius
985 3278 1190 3350 aestimatur
1215 3278 1260 3350 ad
1287 3299 1348 3350 seu
1381 3296 1514 3351 marcas
1548 3297 1752 3350 communes.
1792 3278 1880 3351 Item
1907 3283 1963 3351 est
1989 3279 2038 3350 ibi

486 3419 554 3468 una
581 3398 750 3488 scoltetia,
777 3399 909 3470 babens
928 3399 1014 3471 duos
1041 3400 1175 3490 166666,
1202 3400 1389 3490 dequibus
1415 3399 1608 3471 decimatur
1624 3401 1800 3492 manipulo
1825 3401 2038 3472 monasterio

486 3519 522 3589 in
549 3519 755 3610 Msthorr,
783 3525 819 3592 et
845 3520 944 3592 valor
970 3521 1044 3592 eius
1072 3523 1278 3593 aestimatur
1304 3521 1349 3593 ad
1374 3541 1477 3592 unam
1504 3541 1666 3592 marcam.

1125 3640 1403 3719 (1666666666.
1480 3739 1486 3748 ‘

397 3849 400 3852 Ι
589 3762 844 3853 1111616166
872 3763 908 3834 in
935 3783 972 3834 sc
998 3765 1231 3854 parochialem
1258 3765 1435 3838 ecclesiam
1463 3765 1573 3836 latere
1600 3770 1697 3836 cocto
1727 3769 1908 3854 muratam,
1936 3785 2040 3855 quam

484 3881 594 3955 Ottha
621 3885 663 3956 dc
692 3885 976 3977 Msthyczow
1003 3886 1225 3976 praepositus
1244 3883 1458 3958 Gneznensis
1486 3891 1523 3957 61
1549 3885 1649 3974 regni
1675 3883 1841 3956 Poloniae
1868 3885 2039 3956 cancella-

483 4005 565 4094 rius,
592 4006 720 4076 uobilis
748 4005 790 4076 de
818 4007 918 4076 domo
946 4005 1169 4095 Vulpium,
1198 4027 1288 4078 anno
1315 4005 1454 4076 Domini
1486 4007 1596 4095 1360,
1624 4005 1668 4076 ad
1694 4005 1862 4076 honorem
1882 4005 2039 4096 omnipo·

484 4126 591 4196 tentis
625 4125 691 4196 Dei
726 4130 762 4194 61
798 4125 1001 4197 Nativitatis
1039 4125 1169 4196 Β66166
1206 4124 1342 4196 Mariae
1368 4123 1525 4213 Virginis
1560 4124 1752 4196 fabricavit.
1793 4125 1833 4195 In
1861 4146 1931 4215 qua
1957 4131 2039 4196 suut

483 4245 668 4316 haeredes:
696 4243 872 4316 Johannes
900 4251 936 4316 et
962 4245 1127 4317 Nicolaus
1155 4246 1371 4333 Kosczan,
1390 4243 1576 4336 lohannes
1594 4244 1712 4334 Ottha,
1730 4245 1827 4335 dura,
1846 4245 2037 4336 lohannes,

485 4366 658 4456 Nicolaus,
686 4366 768 4436 item
787 4365 956 4457 Andreas,
972 4366 1162 4438 Stanislaus
1181 4373 1217 4438 et
1235 4366 1430 4455 Stephanus
1449 4367 1511 4437 lilii
1529 4367 1894 4458 Swyauthopclczy
1910 4366 2039 4438 iratres

484 4487 641 4579 germani
667 4491 704 4558 et
729 4487 906 4576 patrueles
934 4487 976 4558 de
1005 4488 1105 4559 domo
1133 4487 1359 4576 Vulpinm.
1395 4488 1435 4558 ln
1463 4508 1532 4578 qua
1558 4487 1703 4578 triginta
1729 4490 1801 4558 tres
1827 4487 1921 4557 lanei
1948 4508 2038 4559 cmc-

482 4609 651 4698 tlronales,
679 4609 762 4679 item
790 4614 868 4678 octo
895 4607 1121 4699 hortulaniae,
1140 4609 1308 4682 habentes
1335 4629 1448 4698 agros3
1475 4609 1560 4679 item
1587 4609 1738 4699 quinque
1765 4607 1853 4678 aliae
1878 4609 2038 4680 hortula-

484 4730 563 4800 niae
590 4729 695 4799 etiam
726 4729 894 4800 habentes
921 4749 1042 4819 agros,
1071 4729 1114 4800 de
1142 4729 1265 4819 quibus
1293 4730 1451 4801 omnibus
1478 4729 1626 4801 solvitur
1652 4729 1785 4800 decima
1809 4729 2037 4818 manipularis

485 4857 521 4922 et
548 4849 722 4941 canapalis
758 4851 1020 4940 praepositurae
1056 4849 1292 4941 Oracoviensi,
1320 4856 1356 4921 et
1382 4852 1482 4923 valor
1508 4853 1582 4923 eius
1609 4851 1813 4921 aestimatur
1839 4850 1884 4922 ad
1911 4851 2037 4941 viginti

483 4991 627 5043 marcas.
654 4971 743 5042 Item
771 4977 851 5042 sunt
877 4971 926 5043 ibi
954 4972 1105 5063 quinque
1131 4972 1276 5062 praedia
1302 4973 1476 5063 militaria,
1503 4973 1547 5044 de
1575 4972 1699 5063 quibus
1717 4972 1911 5044 decimatur
1929 4973 2038 5044 eccle·

482 5094 617 5165 616616
644 5091 931 5186 Golenyowa3
958 5099 994 5165 61
1009 5095 1118 5166 ’66166
1144 5095 1219 5166 6166
1247 5095 1450 5166 aestimatur
1477 5094 1522 5165 ad
1549 5094 1667 5165 decem
1694 5113 1848 5165 marcas:
1874 5094 2035 5165 1166661

483 5215 532 5286 ibi
568 5235 637 5286 una
671 5216 836 5305 taberna,
872 5216 969 5286 cuius
1004 5216 1201 5310 proprietas
1237 5216 1389 5307 pertinet
1424 5216 1469 5286 61
1494 5213 1678 5306 plebanum
1705 5213 1748 5285 de
1777 5212 2036 5306 Golenyow,

485 5356 573 5426 quae
601 5335 704 5407 solvit
738 5337 884 5427 plebano
912 5357 976 5426 pro
1003 5357 1108 5408 censu
1135 5391 1285 5407 .....
1312 5337 1399 5408 1166
1426 5337 1573 5407 66616616
1599 5341 1635 5407 61
1660 5335 1829 5426 plebanus
1855 5336 1965 5408 habet
1990 5336 2039 5408 ibi

484 5475 587 5545 agros
614 5458 782 5547 proprios,
809 5457 937 5529 liberos
964 5462 1001 5529 61
1025 5463 1137 5548 prata,
1164 5479 1228 5549 pro
1256 5479 1318 5530 sno
1345 5477 1420 5547 usu,
1447 5457 1590 5548 praedio
1617 5463 1654 5529 et
1680 5458 1898 5529 necessitate.

603 5573 820 5668 Ouusnzru,
857 5579 939 5652 villa
974 5580 1038 5650 sub
1074 5579 1241 5673 parochia
1267 5580 1310 5662 de
1347 5577 1624 5670 Golenyowa
1658 5579 1744 5669 sita,
1780 5579 1877 5649 cuius
1912 5578 2038 5650 haeres

488 5693 608 5770 unicus
634 5736 712 5786 ...3
736 5697 862 5773 nobilis
889 5697 931 5774 de
951 5699 1052 5773 domo
1070 5699 1266 5793 Pylauo.
1305 5700 1346 5771 In
1366 5720 1434 5791 qua
1451 5705 1532 5772 sunt
1557 5700 1650 5773 lanei
1672 5699 1924 5792 cmethonales,
1955 5699 2039 5774 item
