4550 6600
462 755 540 835 204

463 966 599 1041 Mariae
625 965 811 1037 Nativitati
846 932 1017 1051 fficatam,
1054 960 1151 1032 cuius
1185 959 1310 1030 haeres
1347 957 1418 1028 dux
1445 955 1488 1027 de
1515 954 1727 1047 Plczyna.
1762 954 1899 1045 Inque
1934 958 2026 1025 sunt

462 1090 554 1163 lanei
568 1086 826 1177 oppidanorum,
841 1084 884 1155 de
899 1083 1022 1173 quibus
1037 1082 1185 1153 solvitur
1199 1080 1331 1150 decima
1344 1077 1546 1168 pecuniaria
1559 1078 1708 1168 plebano
1722 1077 1758 1147 in
1775 1075 2025 1167 Myslowice

338 1256 342 1265 ·
464 1231 551 1301 quae
578 1208 675 1299 prius
702 1210 779 1277 erat
804 1204 1052 1295 manipulario,
1089 1202 1186 1274 cuius
1213 1200 1311 1272 valor
1337 1198 1383 1270 ad
1409 1219 1471 1269 sex
1498 1218 1575 1269 cum
1601 1197 1716 1268 media
1751 1217 1885 1267 marcas
1912 1196 2027 1267 aesti-

463 1328 599 1418 matur,
626 1328 710 1398 item
736 1324 881 1396 ecclesia
908 1330 944 1394 et
970 1323 1138 1412 plebanus
1165 1322 1214 1392 ibi
1241 1321 1347 1392 habet
1372 1320 1534 1409 proprios
1561 1339 1665 1408 agros
1690 1318 1836 1407 liberos,
1861 1338 1926 1407 pro
1957 1338 2028 1387 suo

463 1472 550 1540 usu,
576 1446 718 1539 praedio
749 1451 785 1516 et
820 1443 1046 1531 necessitate3
1082 1444 1166 1512 item
1193 1445 1247 1512 cst
1273 1441 1322 1511 ibi
1349 1439 1529 1530 praedium
1556 1438 1736 1533 militare,
1752 1439 1795 1510 de
1822 1460 1889 1529 quo
1917 1438 2032 1510 datur

466 1570 599 1643 decima
625 1564 869 1657 manipularis,
897 1562 994 1635 cuius
1021 1562 1120 1637 valor
1148 1567 1298 1653 quatuor
1324 1580 1527 1631 marcarum.

459 1752 460 1755 ,
568 1690 799 1776 Ponnmmrn,
836 1684 919 1756 villa
946 1682 1010 1755 suh
1037 1683 1204 1773 parochia
1231 1682 1273 1753 (10
1300 1680 1323 1752 J
1333 1702 1547 1753 aworzno
1574 1682 1662 1771 sita,
1699 1680 1796 1752 cuius
1821 1681 2031 1771 proprietas

465 1811 509 1883 ad
536 1810 733 1901 episcopum
761 1804 1024 1877 Cracoviensem
1050 1804 1212 1893 pertinet.
1255 1802 1295 1872 In
1324 1823 1392 1892 qua
1419 1807 1501 1873 sunt
1527 1801 1723 1895 quindecim
1749 1802 1842 1872 lanei
1869 1801 2033 1872 cmetho-

465 1932 579 2019 nales,
607 1931 690 2001 item
717 1948 787 1998 una
813 1926 960 1997 taberna
987 1930 1023 1997 et
1049 1924 1248 1995 hortulania
1284 1923 1453 1995 habentes
1479 1944 1600 2014 agros,
1637 1920 1680 1994 (10
1708 1924 1833 2013 quibus
1859 1944 1924 2013 pro
1953 1942 2035 1993 una

465 2051 651 2123 medietate
680 2048 825 2119 solvitur
844 2052 879 2118 et
897 2046 1101 2117 conducitur
1120 2045 1255 2115 decima
1272 2032 1498 2133 manipuldris
1525 2050 1561 2116 et
1579 2044 1756 2134 canapalis
1782 2066 1847 2134 pro
1873 2044 2035 2115 ecclesia
2078 2051 2082 2055 ’

466 2170 658 2264 parochiali
693 2169 729 2237 in
756 2167 980 2267 lllyslouy
993 2187 1098 2255 cze,
1122 2166 1219 2237 cuius
1255 2165 1354 2236 valor
1389 2165 1433 2236 ad
1469 2170 1600 2256 septem
1636 2184 1769 2237 marcas
1807 2166 2037 2253 aestimatur,

465 2313 529 2385 pro
558 2290 668 2361 altera
694 2292 809 2359 autem
844 2287 1048 2377 medietate,
1085 2286 1232 2360 solvitur
1258 2291 1294 2357 et
1321 2286 1524 2358 conducitur
1560 2286 1692 2358 decima
1719 2308 1782 2389 pro
1810 2286 1963 2357 ecclesia
1993 2293 2036 2357 et

467 2412 541 2485 eius
568 2410 715 2501 plebano
743 2410 778 2479 in
805 2406 828 2479 J
839 2425 1057 2498 aworzno,
1085 2412 1120 2478 et
1138 2408 1236 2479 valor
1263 2407 1337 2482 eius
1364 2407 1409 2478 ad
1436 2412 1568 2499 septem
1594 2428 1728 2479 marcas
1755 2409 1977 2480 aestimatur.

572 2532 816 2619 Baznzruns,
843 2528 926 2601 villa
945 2528 1008 2599 sub
1027 2527 1194 2618 parochia
1219 2530 1263 2599 de
1289 2528 1597 2618 Mislowicze,
1625 2530 1724 2600 cuius
1750 2530 1953 2619 proprietas
1986 2529 2037 2600 ad

383 2712 390 2741 ,
466 2653 651 2727 haeredem
678 2649 721 2723 (10
747 2650 936 2741 Pczyna.
963 2649 1003 2719 In
1032 2671 1100 2739 qua
1127 2654 1208 2720 sunt
1234 2650 1344 2740 lanei,
1372 2649 1558 2739 dequibus
1585 2650 1733 2721 solvitur
1760 2649 1893 2723 decima
1917 2671 2037 2740 pecu-

471 2772 583 2846 niaria
601 2828 715 2844 .....
726 2796 734 2862 ;
770 2770 1058 2843 columbationem
1086 2778 1122 2842 et
1149 2770 1328 2850 denarium
1364 2770 1483 2843 Sancti
1519 2770 1617 2843 Petri
1652 2771 1758 2843 solvit
1793 2771 1966 2843 ecclesiae
1997 2773 2037 2842 in

466 2894 738 2968 Mislowicc.
1813 2989 1815 2992 Ι

572 3016 912 3102 semronmaron,
939 3012 1023 3085 uilla
1050 3012 1112 3084 sub
1131 3014 1297 3104 parochia
1322 3014 1358 3083 in
1384 3012 1424 3084 M
1432 3014 1673 3104 yslowice,
1701 3014 1798 3085 cuius
1825 3014 2036 3104 proprietas

467 3137 513 3209 ad
540 3136 715 3207 dominum
751 3134 983 3224 Pczpnensem
1018 3134 1180 3223 pertinet.
1219 3131 1260 3203 In
1288 3154 1357 3223 qua
1392 3138 1473 3205 sunt
1508 3134 1619 3225 lanei,
1655 3136 1698 3206 de
1725 3136 1849 3225 quibus
1875 3134 2037 3207 solvitur

468 3256 601 3330 decima
636 3254 854 3346 pecuniaria,
890 3254 972 3326 item
1018 3258 1072 3326 est
1107 3254 1156 3326 ibi
1193 3253 1370 3346 scoltetia‚
1415 3257 1458 3328 (10
1495 3277 1563 3348 qua
1598 3257 1763 3329 scoltctus
1798 3256 1951 3346 plebano
1996 3260 2035 3329 in

468 3377 729 3451 Mislowice
755 3378 891 3448 ratione
919 3377 1089 3466 decimae,
1117 3377 1264 3467 singulis
1283 3377 1382 3450 annis
1400 3378 1572 3469 profesto
1598 3374 1717 3451 Sancti
1743 3379 1889 3451 Martini
1918 3381 2037 3454 solvit

227 3525 232 3536 ·
368 3555 371 3563 -
469 3498 618 3572 sedecim
643 3519 793 3588 grossos.

571 3620 810 3709 Rosznzrun,
837 3619 921 3689 villa
948 3619 1010 3690 sub
1038 3619 1160 3691 cadom
1185 3619 1370 3712 parochia,
1406 3621 1503 3693 cuius
1539 3622 1735 3712 proprietas
1771 3623 1815 3694 ad
1847 3623 2035 3694 dominum

468 3743 511 3813 de
538 3741 755 3812 Plsczina
782 3744 924 3831 spectat.
951 3741 991 3810 In
1013 3761 1088 3831 ,qua
1115 3745 1196 3811 suut
1221 3742 1332 3831 lanei,
1360 3741 1403 3812 de
1430 3743 1557 3832 quibus
1583 3731 1728 3814 soluitur
1755 3743 1886 3815 decima
1913 3747 2036 3815 mani-

467 3863 600 3954 pularis
619 3883 681 3953 per
700 3861 849 3933 medium
876 3861 921 3932 ad
933 3885 934 3889 ¹
948 3860 1180 3933 Ozelandz
1207 3862 1243 3934 et
1271 3863 1422 3934 medium
1440 3864 1484 3935 ad
1502 3861 1542 3934 M
1553 3865 1783 3956 yslowice,
1799 3840 1913 3956 ¹quarn
1930 3867 2037 3938 tollit

471 3983 629 4055 minister
655 3982 820 4054 ecclesiae
848 3983 883 4052 in
910 3982 1184 4055 Mislowice.
1438 3962 1446 3970 ⁵

574 4101 806 4193 Kozruch,
833 4103 916 4173 villa
943 4103 1081 4176 deserta
1108 4105 1172 4176 sub
1200 4104 1321 4176 cadem
1348 4105 1522 4194 parochia.
1558 4107 1599 4177 ln
1627 4128 1696 4197 qua
1722 4113 1804 4179 sunt
1829 4107 1933 4196 lanei,
1969 4110 2035 4198 qui

469 4223 699 4312 seminantur,
727 4222 769 4293 (10
797 4223 921 4314 quibus
949 4223 1052 4297 datur
1080 4225 1214 4326 decima
1240 4226 1465 4317 manipularis
1488 4227 1653 4299 ecclesiae
1680 4228 1715 4299 in
1742 4228 1782 4299 M
1790 4229 2034 4320 yslowice,

469 4344 599 4418 valoris
626 4345 727 4415 unius
754 4365 899 4417 marcae.

477 4505 480 4510 ·
585 4465 882 4556 Szrurruumm,
928 4467 1011 4538 villa
1047 4467 1187 4538 deserta
1223 4470 1286 4559 sub
1322 4469 1442 4540 eadem
1478 4471 1664 4561 parochia,
1708 4470 1858 4560 praefati
1890 4471 2034 4544 domini

469 4585 689 4676 Pczynensis.
715 4587 756 4657 In
784 4609 853 4678 qua
879 4592 933 4658 est
959 4587 1134 4679 scoltetia‚
1163 4588 1206 4659 de
1225 4610 1293 4678 qua
1310 4589 1415 4660 datur
1442 4591 1575 4663 decima
1601 4576 1828 4682 manipularis
1854 4593 2030 4667 ecclesiae

470 4708 506 4779 in
534 4707 574 4778 M
582 4707 820 4800 yslouice,
847 4730 949 4799 quam
975 4709 1069 4780 tollit
1095 4709 1264 4780 minister.

573 4829 805 4920 Szrnnnucz,
842 4829 926 4900 villa
953 4809 1017 4902 sub
1043 4831 1210 4921 parochia
1245 4831 1287 4903 (10
1313 4831 1583 4925 Mislowice,
1620 4835 1717 4907 cuius
1752 4837 1949 4926 proprietas
1980 4841 2031 4910 ad

470 4950 647 5021 dominum
674 4949 697 5022 J
704 4950 851 5021 aroczk
859 4974 881 5040 y
896 4951 1056 5041 pertinet.
1083 4951 1123 5022 In
1153 4973 1220 5041 qua
1238 4957 1319 5052 sunt
1337 4954 1532 5044 quindecim
1557 4954 1669 5045 lanei,
1697 4956 1739 5028 de
1766 4956 1891 5047 quibus
1916 4957 2030 5031 datur

469 5071 601 5142 decima
628 5070 853 5162 manipularis
880 5071 924 5142 ad
951 5069 1165 5163 OreladZ,
1201 5073 1285 5144 item
1311 5074 1360 5145 ibi
1387 5081 1441 5146 est
1467 5075 1646 5166 praedium
1672 5077 1842 5169 militare,
1862 5133 1869 5148 .
1888 5133 1895 5148 .
1916 5133 1949 5148 ..
1980 5079 2028 5151 de

470 5191 595 5285 quibus
631 5192 733 5263 datur
761 5192 892 5264 dechna
918 5193 1144 5283 manipularis
1172 5195 1335 5267 ccclesiae
1361 5195 1398 5268 in
1424 5195 1699 5289 Mislowice,
1727 5199 1824 5271 cuius
1851 5199 1948 5271 valor
1977 5202 2027 5272 ad

470 5319 620 5402 quatuor
648 5333 782 5414 marcas
810 5313 1031 5404 aestimatum
1067 5315 1151 5386 item
1178 5317 1214 5387 in
1242 5317 1363 5389 eadem
1388 5318 1471 5390 villa
1496 5317 1665 5408 plebanus
1692 5319 1736 5392 de
1762 5319 2028 5394 Mislouice

469 5430 575 5504 habet
601 5435 781 5506 tabernam
808 5435 983 5527 propriam
1012 5455 1088 5507 cum
1116 5437 1220 5528 agris.
1820 5507 1823 5510 ,

572 5551 765 5645 Znoorazn,
792 5556 875 5627 villa
894 5555 957 5628 suh
976 5557 1097 5628 eadem
1116 5559 1295 5649 parochia,
1318 5561 1415 5631 cuius
1428 5562 1553 5637 haeres
1580 5561 1758 5635 Johannes
1776 5562 1868 5653 Zag
1881 5565 2026 5655 orslry

471 5674 508 5744 et
535 5669 692 5746 douriuus
719 5673 742 5746 J
752 5677 960 5774 aroczlry.
999 5677 1040 5749 In
1068 5701 1135 5775 qua
1162 5685 1244 5755 sunt
1278 5674 1472 5775 quindecim
1505 5680 1617 5777 lanei,
1647 5683 1697 5796 'dc
1723 5683 1848 5779 qtubus
1875 5684 2025 5760 solvitur
