4550 6600
501 784 573 859 194

449 1025 451 1034 ’
496 991 588 1062 lanei
614 986 865 1077 cmethonales‚
901 987 944 1057 de
972 987 1096 1077 quibus
1133 985 1280 1059 solvitur
1307 993 1344 1059 et
1370 986 1573 1059 conducitur
1600 986 1732 1059 decima
1757 986 1981 1078 manipularis
2006 994 2038 1060 et

496 1110 669 1199 canapalis
691 1130 754 1198 pro
773 1108 918 1179 ecclesia
944 1108 980 1177 in
1007 1106 1130 1177 Nova
1157 1106 1471 1199 Cozyeglowy.

597 1230 779 1318 Kaossus,
814 1228 898 1299 villa
924 1229 987 1299 sub
1014 1229 1181 1316 parochia
1216 1229 1260 1299 de
1286 1228 1412 1301 Nova
1447 1228 1763 1319 Kozyeglowy,
1790 1230 1886 1299 cuius
1922 1229 2038 1300 haeres

494 1350 672 1423 Iohannes
698 1349 997 1437 Kozeglowsky
1020 1347 1062 1418 (16
1081 1349 1188 1418 armis
1206 1348 1414 1438 Vulpium.
1440 1350 1481 1418 In
1500 1369 1569 1439 qua
1595 1354 1676 1419 sunt
1695 1348 1785 1419 lanei
1804 1350 2038 1439 cmethonales‚

494 1471 688 1561 dequibus
720 1470 877 1540 omnibus
913 1469 1060 1539 solvitur
1086 1476 1122 1540 et
1149 1470 1355 1541 conducitur
1391 1470 1525 1545 decima
1559 1469 1783 1557 manipularis
1810 1490 1873 1558 pro
1902 1470 2040 1539 ecclesia

494 1590 531 1661 in
557 1590 658 1661 Nova
682 1589 898 1679 Kozeglowy.
925 1590 1012 1659 Item
1032 1595 1086 1660 ast
1104 1590 1153 1661 ibi
1171 1591 1351 1680 praedium
1367 1591 1533 1679 militare,
1561 1589 1603 1660 de
1621 1590 1718 1659 cuius
1733 1590 1826 1677 agris
1854 1589 2039 1660 decimatur

493 1710 699 1801 presbytero
726 1711 904 1781 castrensi.

810 1888 999 1969 Ecclesia
1034 1888 1330 1993 praebendalis
1362 1890 1545 1969 Sanctae
1578 1887 1744 1988 crucis,

496 2056 595 2131 cuius
621 2058 894 2149 praebendarius
921 2058 1046 2128 Petrus
1079 2060 1122 2129 (16
1150 2057 1345 2147 GronuloW,
1380 2060 1478 2129 cuius
1503 2063 1671 2146 patronus
1690 2113 1698 2126 .
1717 2112 1724 2125 .
1744 2113 1751 2125 .
1770 2080 1794 2125 .:
1829 2057 1914 2127 item
1941 2057 2039 2126 habet

494 2181 660 2270 piscinam
676 2182 710 2250 ln
725 2179 987 2269 Kozyeglowi
1006 2179 1132 2269 oppido
1206 2180 1292 2249 Item
1306 2178 1578 2268 praebendarius
1592 2179 1699 2248 habet
1712 2178 1761 2247 ibi
1774 2198 1880 2247 unum
1899 2178 2037 2265 laneum,

496 2300 540 2371 (16
567 2322 635 2391 quo
662 2300 728 2371 sibi
755 2300 900 2371 solvitur
926 2320 990 2388 pro
1018 2321 1133 2369 annuo
1161 2320 1266 2369 censu
1286 2354 1419 2389 ......
1446 2300 1529 2369 item
1556 2300 1663 2369 babet
1690 2304 1726 2368 et
1744 2318 1847 2367 urnam
1866 2298 2037 2386 piscinam.

598 2420 806 2510 Mnoszow,
842 2421 924 2490 villa
960 2421 1024 2489 sub
1060 2421 1225 2509 parochia
1260 2420 1303 2491 de
1339 2420 1379 2489 M
1388 2421 1500 2490 irow
1534 2421 1620 2509 stta,
1656 2420 1691 2488 iu
1730 2439 1797 2509 qua
1832 2425 1915 2489 sunt
1951 2418 2037 2486 lanei

494 2541 744 2631 cmethonales‚
779 2541 973 2631 dequibus
1010 2540 1156 2611 solvitur
1183 2542 1317 2612 decima
1346 2540 1571 2631 manipularis
1606 2538 1858 2628 praebendario
1895 2538 2036 2608 Sanctae

493 2660 632 2751 crucia,
659 2667 696 2731 et
721 2660 819 2732 valor
846 2662 931 2731 eius.
947 2661 1151 2731 aestimatur
1178 2661 1222 2731 ad
1237 2716 1377 2731 ......

595 2778 902 2871 Posrawczrczs,
928 2781 1012 2851 villa
1038 2782 1102 2851 sub
1130 2783 1297 2870 parochia
1323 2781 1366 2852 (16
1392 2780 1552 2851 Mirow
1579 2781 1654 2851 sita.
1680 2781 1720 2850 In
1749 2800 1817 2870 qua
1842 2786 1927 2849 sunt
1952 2777 2036 2849 lanei

492 2900 734 2992 cmethonaleS,
761 2900 804 2973 de
832 2903 955 2992 quibus
982 2901 1130 2972 solvitur
1157 2908 1193 2971 ct
1219 2902 1423 2973 conducitur
1458 2900 1593 2971 decima
1618 2900 1844 2989 manipularis
1871 2900 2036 2989 praeben-

492 3018 590 3092 dario
617 3018 763 3093 Sanctae
789 3018 928 3110 Crucis,
956 3028 991 3092 et
1017 3022 1115 3093 valor
1143 3023 1217 3092 eius
1244 3024 1449 3092 aestimatur
1475 3022 1546 3093 ad.
1566 3077 1573 3090 .
1593 3077 1625 3090 ..
1652 3022 1741 3091 Item
1767 3020 2035 3110 praebendarius

492 3148 633 3213 tenetur
667 3141 783 3231 legere
817 3148 890 3212 tres
925 3144 1049 3213 missas
1086 3142 1121 3212 in
1154 3144 1364 3233 septimana,
1401 3144 1457 3213 die
1493 3141 1654 3214 videlicet
1681 3142 1859 3213 ‘dominica
1895 3141 2034 3212 Sanctae

493 3258 677 3354 Trinitati,
703 3262 791 3334 leria
818 3262 968 3334 secunda
995 3284 1058 3354 pro
1085 3266 1254 3355 peccatis,
1279 3270 1318 3334 et
1344 3269 1444 3335 sexta
1468 3263 1556 3334 feria
1584 3262 1730 3334 Sanctae
1758 3261 1868 3334 Cruci.

596 3383 717 3453 Altare
745 3384 780 3454 in
808 3405 924 3455 nova
958 3382 1258 3474 Kozyeglowi
1293 3385 1442 3455 Sanctae
1468 3384 1603 3455 Mariae
1630 3385 1802 3473 dicatum,
1829 3391 1866 3462 et
1892 3405 1956 3473 per
1980 3381 2034 3453 Jo-

491 3500 641 3574 hannem
668 3501 1028 3595 Kozieglowsky
1055 3503 1244 3575 fundatum.

1087 3625 1441 3697 Crraoscuczseson.

593 3729 844 3818 Villa'habens
872 3747 906 3818 in
934 3767 971 3817 se
1000 3745 1180 3816 ecclesiam
1216 3747 1449 3835 parochialem
1476 3746 1625 3836 ligneam
1652 3747 1688 3815 in
1714 3745 1882 3816 honorem
1909 3745 2032 3815 Beatae

491 3861 629 3956 Virgini
664 3864 816 3957 Mariae,
852 3867 978 3938 Sancto
1016 3866 1188 3937 Stanislao
1225 3873 1260 3936 et
1287 3867 1413 3936 Sancto
1449 3867 1666 3936 Bernardino
1702 3865 1869 3954 dicatam,
1906 3873 1942 3936 et
1976 3885 2032 3954 per

490 3981 654 4056 Thomam
682 3987 1055 4079 Strzempyusky,
1083 3988 1163 4057 oIIm
1192 3987 1388 4076 episcopum
1416 3985 1688 4074 cracoviensem,
1715 3985 1913 4074 fundatam;
1940 3986 2029 4055 cuius

488 4105 684 4195 proprietas
728 4109 880 4196 pertinet
922 4107 966 4178 ad
1016 4107 1196 4178 Nicolaum
1240 4106 1532 4198 Myrzowsky
1576 4108 1618 4176 de
1653 4107 1759 4176 armis
1795 4103 2030 4192 GriIIonum,

491 4225 535 4296 ad
563 4227 659 4297 cuius
686 4225 886 4298 instantiam
915 4233 951 4298 et
977 4229 1177 4317 petitionem
1204 4227 1369 4299 humilem
1396 4234 1514 4297 erecta
1540 4233 1576 4297 et
1601 4227 1745 4325 fundata
1767 4231 1821 4297 est
1843 4248 1886 4297 ex
1904 4227 2030 4297 duabus

489 4347 653 4437 ecclesiis,
680 4352 843 4438 tanquam
862 4350 1074 4438 matricibus,
1103 4347 1353 4420 Slawcoviensi'
1373 4347 1534 4419 videlicet
1552 4354 1587 4418 et
1608 4347 1873 4438 Szyewyerensi.
1900 4347 1942 4418 In
1969 4367 2030 4435 qua
2080 4443 2084 4449 Ι

488 4473 568 4537 sunt
595 4468 787 4556 quindecim
822 4469 912 4540 lanei
940 4470 1190 4558 cmethonales‚
1225 4469 1420 4559 dequibus
1457 4470 1605 4540 solvitur
1641 4469 1774 4539 decima
1808 4467 2028 4557 manipularIs

488 4609 552 4679 pro
579 4588 724 4658 ccclesia
749 4591 785 4658 in
813 4589 1182 4680 Chroschczebrud,
1210 4596 1246 4660 et
1272 4590 1369 4661 valor
1396 4591 1471 4660 eius
1498 4591 1705 4660 aestimatur
1730 4589 1776 4659 ad
1802 4610 1864 4659 sex
1891 4607 2028 4658 marcas.

486 4707 575 4780 Item
611 4716 664 4780 est
699 4710 746 4780 rbi
782 4731 886 4780 unum
922 4711 1101 4800 praedium
1140 4712 1308 4801 militare,
1353 4711 1396 4780 de
1432 4712 1529 4781 cuius
1565 4711 1669 4780 etiam
1711 4710 1805 4798 agris
1841 4709 2028 4780 decimatur

489 4829 652 4903 ecelesiae
680 4831 714 4900 in
743 4828 1118 4922 Ghroschczebrod,
1155 4839 1190 4902 et
1216 4832 1315 4903 valor
1341 4833 1415 4902 eius
1442 4832 1487 4902 ad
1514 4853 1574 4902 sex
1600 4809 1744 4901 marcas.
1775 4831 1863 4900 Item
1890 4829 2027 4900 ecclesia

487 4955 523 5019 et
548 4947 714 5038 plebanus
741 4949 846 5022 habet
872 4953 921 5024 ibi
948 4953 1034 5022 duos
1061 4954 1180 5023 laneos
1206 4973 1281 5023 cum
1309 4953 1439 5042 pratis,
1467 4954 1550 5023 item
1577 4953 1663 5022 diras
1690 4953 1849 5041 piscinas,
1877 4949 1968 5040 quod
1994 4953 2026 5016 et

496 5091 582 5158 quas
609 5071 751 5142 donavit
777 5073 809 5142 ei
836 5073 870 5142 in
898 5093 996 5143 usum
1020 5074 1322 5164 et'proprietatem
1348 5072 1524 5162 praelatus
1550 5071 1713 5154 Nicolaus
1739 5070 2028 5161 Myrzowsky,

484 5189 670 5277 primarius
697 5189 868 5262 fundator.

589 5307 882 5402 Tuuozuoannn,
906 5310 989 5383 villa
1016 5311 1080 5384 sub
1106 5313 1273 5403 parochia
1299 5313 1342 5384 (16
1369 5309 1801 5402 Chroschczebrod,
1828 5311 1925 5384 cuius
1950 5310 2025 5381 hae·

485 5428 616 5500 reditas
643 5430 687 5500 ad
714 5430 948 5522 episcopatum
985 5431 1248 5505 cracoviensem
1284 5434 1444 5523 pertinet.
1484 5433 1523 5503 In
1553 5457 1620 5524 qua
1655 5440 1738 5504 sunt
1772 5429 2022 5524 quatuordocim

485 5547 577 5618 lanei
611 5551 862 5644 cmethonales‚
907 5554 949 5624 de
986 5553 1110 5644 quibus
1147 5553 1294 5626 solvitur
1329 5553 1462 5624 decima
1505 5553 1694 5644 pecunialis
1730 5576 1793 5644 pro
1830 5555 2023 5643 episcopatu

485 5665 722 5763 cracoviensi,
748 5673 791 5744 (16
818 5675 972 5764 quolibet
998 5675 1099 5748 laneo
1125 5697 1190 5765 per
1216 5681 1295 5748 octo
1322 5694 1462 5764 grossos
1488 5676 1679 5747 mediorum
1705 5696 1915 5764 grossorum.
1941 5675 2022 5744 Item

498 5991 534 6011 Α
602 5994 604 6000 ,
