4550 6600
1714 757 1785 831 157
1908 744 1912 749 ¹

235 959 282 1031 ad
307 1014 315 1029 .
341 1014 350 1030 .
377 1015 385 1031 .
412 1016 420 1030 .
446 961 487 1031 In
514 981 583 1052 qua
609 961 809 1041 suntlanei
842 963 1093 1053 cmethonales,
1120 964 1205 1034 item
1239 962 1474 1053 hortulaniae,
1501 966 1585 1039 item
1610 964 1787 1057 tabernae,

235 1080 278 1152 de
305 1081 429 1171 quibus
455 1080 614 1154 omnibus
642 1082 789 1155 solvitur
815 1088 852 1154 et
878 1083 1082 1155 conducitur
1109 1082 1243 1155 decima
1269 1138 1277 1155 .
1305 1138 1313 1154 .
1340 1140 1348 1154 .

337 1200 617 1293 Jnnonowrczn‚
640 1203 723 1275 uilla
750 1204 813 1276 sub
840 1204 1005 1295 parochia
1031 1204 1073 1276 de
1100 1203 1462 1296 Prosohowycze
1489 1206 1565 1297 sita,
1589 1207 1685 1279 cuius
1704 1228 1784 1299 pro·

233 1322 367 1413 prietes
394 1322 832 1417 nd...Jakub0wsky
859 1324 901 1395 de
928 1326 1034 1397 armis
1053 1324 1361 1416 Bippenninm
1388 1327 1549 1417 pertinet.
1567 1328 1609 1402 In
1624 1333 1789 1417 quasunt

235 1443 328 1513 lanei
355 1444 606 1534 cmethonales,
634 1443 677 1515 de
704 1446 828 1535 quibus
865 1446 1013 1517 solvitur
1047 1450 1083 1517 et
1110 1446 1314 1518 conducitur
1340 1446 1474 1518 decima
1499 1448 1724 1538 manipularis
1750 1456 1787 1521 et

234 1564 410 1654 oanapalis
446 1584 510 1653 pro
538 1564 699 1655 episcopo
726 1563 966 1656 cracoviensi,
993 1571 1029 1638 et
1046 1566 1154 1638 ,valor
1180 1567 1255 1637 eius
1282 1568 1487 1639 aestimatur
1513 1568 1559 1639 ad
1593 1622 1601 1638 .
1629 1623 1637 1638 .
1664 1625 1672 1640 .
1698 1572 1784 1641 item

233 1683 463 1773 hortulaniae‚
489 1682 574 1755 item
600 1684 775 1775 tabernae,
801 1686 886 1757 item
913 1690 966 1756 est
992 1686 1041 1757 ibi
1067 1707 1173 1757 unum
1199 1686 1379 1777 praedium
1405 1688 1565 1778 militare,
1592 1688 1635 1761 de
1663 1690 1787 1779 quibus

105 1881 106 1884 ,
234 1805 330 1893 agris
358 1803 551 1875 decimatur
577 1804 741 1878 ecclesiae
768 1811 805 1878 et
831 1807 905 1878 eius
932 1806 1080 1898 plebano
1098 1807 1134 1877 in
1152 1806 1402 1899 Lanczska
1421 1813 1457 1881 et
1473 1811 1573 1881 valor
1589 1810 1665 1881 eius
1682 1810 1787 1881 aesti-

232 1929 350 1998 matur
376 1924 422 1995 ad
448 1980 456 1994 .
483 1980 491 1995 .
518 1978 526 1995 .

341 2044 691 2138 Srnonurnwrczn,
719 2046 802 2119 villa
836 2048 899 2119 snb
926 2048 1091 2139 parochia
1117 2048 1160 2121 de
1186 2049 1549 2142 Proschouyoze
1575 2051 1661 2142 sita,
1689 2052 1787 2123 ornus

231 2166 360 2237 haeres
388 2164 554 2238 Erasmus
582 2164 781 2258 Grydlar
807 2168 850 2240 de
877 2170 1010 2240 armis.
1038 2224 1045 2239 .
1073 2224 1081 2241 .
1108 2224 1115 2240 .
1142 2170 1184 2241 In
1211 2190 1280 2261 qna
1306 2175 1387 2243 sunt
1413 2175 1489 2242 octo
1516 2171 1609 2241 lanei
1635 2172 1787 2242 emetho-

232 2286 337 2375 nalcs,
367 2286 411 2358 de
438 2287 561 2379 quibus
589 2288 736 2360 solvitur
762 2293 799 2360 et
826 2289 1029 2362 conducitur
1055 2290 1190 2363 decima
1215 2291 1440 2383 manipularis
1467 2296 1503 2362 et
1529 2292 1786 2382 canapalispro
1843 2272 1847 2277 ¹

231 2406 435 2497 praebenda
469 2406 700 2499 Gracoviensi,
729 2430 816 2500 qnae
842 2416 987 2482 vocatur
1014 2408 1305 2503 Goschczyczslra,
1334 2412 1431 2483 euius
1457 2411 1557 2483 valor
1584 2412 1788 2487 aestimatur

233 2527 279 2599 ad
294 2526 510 2618 'quindecim
543 2548 689 2631 marcae.
730 2529 818 2601 Item
853 2532 1034 2621 praedium
1069 2532 1219 2604 militare
1254 2536 1310 2604 est
1334 2534 1400 2622 ibi,
1428 2532 1471 2604 de
1499 2553 1567 2624 qno
1596 2532 1788 2605 decimatur
1925 2533 1929 2541 '

234 2648 403 2720 ecclesiae
440 2654 477 2720 et
510 2649 657 2739 plebano
693 2651 730 2721 in
758 2651 1002 2743 Tlnczany,
1029 2658 1065 2724 et
1091 2653 1190 2725 valor
1216 2654 1290 2724 eins
1317 2654 1522 2724 aestimatur
1557 2653 1602 2723 ad
1637 2658 1788 2744 quatuor
1912 2708 1919 2715 .

225 2788 377 2841 marcas.
403 2769 492 2841 Item
520 2775 668 2862 quatuor
694 2772 921 2861 hortulaniae,
947 2772 1030 2843 item
1056 2794 1125 2844 una
1151 2774 1299 2847 taberna
1323 2756 1491 2845 habentes
1518 2793 1631 2864 agros,
1649 2773 1693 2845 de
1711 2773 1786 2865 qui·

232 2888 295 2961 bus
323 2888 461 2965 decima
488 2891 635 2964 solvitur
659 2892 877 2998 praebendae
905 2890 1126 2966 Gracouiensi
1152 2894 1189 2965 in
1212 2891 1438 2990 ponyttwam.

778 3148 957 3212 SANCTUS
979 3148 1243 3213 PANGRATIUS.

334 3631 512 3724 Oppidum
538 3631 670 3705 habens
688 3632 867 3704 ecclesiam
885 3632 921 3703 in
940 3652 978 3703 se
995 3633 1230 3724 parochialem
1246 3634 1408 3725 ligneam,
1425 3633 1552 3706 Sancto
1569 3633 1677 3704 Panlo
1696 3633 1789 3706 dica-

231 3761 312 3845 tam,
339 3755 439 3826 cuius
465 3753 663 3844 proprietas
690 3753 735 3825 ad
761 3773 878 3843 regern
904 3750 1066 3843 pertinet.
1092 3755 1133 3827 In
1161 3774 1229 3847 qua
1255 3758 1337 3826 sunt
1362 3754 1488 3845 viginti
1521 3759 1670 3845 quatuor
1695 3755 1788 3825 lanei

235 3875 499 3966 oppidanorum,
526 3873 569 3945 de
597 3895 743 3964 quorum
769 3893 839 3944 une
864 3873 1050 3945 medietate
1078 3875 1217 3947 solvunt
1244 3875 1411 3945 decimam
1438 3928 1445 3943 .
1473 3928 1481 3943 .
1508 3928 1516 3943 .
1552 3894 1617 3964 pro
1645 3873 1790 3944 ecclesie

232 3996 362 4068 ibidem
391 3996 427 4065 in
454 3993 609 4085 Uscze,
636 3999 673 4066 et
698 3995 797 4065 valor
823 3994 897 4065 eius
924 3993 969 4064 ad
995 4014 1118 4066 novem
1146 4015 1280 4067 marcas
1307 3996 1531 4083 aestimatur;
1557 3993 1601 4065 de
1619 3994 1688 4064 alia
1704 3985 1789 4065 uero

232 4116 424 4188 medietate
459 4115 639 4186 laneorum
665 4115 813 4186 solvitur
839 4135 903 4205 pro
931 4115 1077 4186 ecclesia
1103 4119 1140 4187 et
1164 4115 1313 4207 plebano
1335 4115 1415 4187 ‚eius
1440 4115 1477 4185 in
1504 4113 1789 4204 Senepanow,

105 4286 106 4294 κ
233 4237 329 4308 cuius
357 4236 458 4308 valor
485 4235 529 4306 ad
556 4239 634 4308 octo
661 4255 796 4306 marcas
824 4235 1036 4306 aestimatur.
1062 4235 1153 4307 Item
1179 4235 1286 4308 habet
1312 4235 1362 4307 ibi
1388 4234 1535 4307 ecclesia
1561 4239 1597 4306 ct
1621 4234 1789 4325 plebanus

233 4357 396 4449 proprios
424 4377 526 4447 agros
553 4360 590 4428 et
614 4361 726 4446 prata,
751 4375 816 4446 pro
844 4377 905 4427 suo
932 4356 1075 4446 praedio
1103 4360 1139 4428 et
1164 4356 1383 4429 necessitate.

337 4477 539 4567 Mronnnr,
565 4477 649 4549 uilla
675 4477 738 4548 sub
766 4475 885 4548 eadem
910 4477 1075 4567 parochia
1101 4475 1145 4550 de
1171 4477 1346 4568 Unczye
1373 4477 1450 4567 sita,
1477 4475 1574 4547 cuius
1591 4474 1788 4565 proprietas

235 4598 278 4670 ad
295 4620 416 4690 regem
442 4599 602 4689 pertinet.
629 4598 670 4668 In
697 4617 766 4688 que
792 4602 873 4669 sunt
898 4597 990 4670 lanei
1016 4597 1259 4688 emethonales,
1286 4597 1472 4689 dequibus
1491 4595 1790 4668 solvitnrdeoima

234 4739 297 4809 pro
324 4719 489 4809 episcopo
517 4716 746 4808 Oroandensi,
773 4718 871 4789 cuius
898 4718 997 4792 valor
1023 4717 1228 4790 aestimatur
1253 4717 1299 4789 ad
1325 4771 1334 4787 .
1361 4771 1369 4786 .
1397 4717 1519 4788 ‚Item
1545 4715 1596 4788 ibi
1613 4719 1667 4786 est
1684 4735 1791 4785 unum

235 4839 418 4929 praedium
444 4839 587 4929 regium,
614 4838 657 4910 de
685 4839 781 4911 ouius
808 4839 914 4910 etiam
941 4838 1035 4928 agris
1063 4838 1195 4910 decima
1221 4837 1325 4910 datur
1351 4858 1415 4928 pro
1442 4838 1647 4928 episcopatu
1664 4834 1790 4910 Gnaeo

235 4959 356 5050 riensi,
384 4963 421 5030 et
447 4958 546 5031 valor
572 4959 647 5031 eius
674 4959 880 5032 aestimatur
907 4958 951 5030 ad
978 5013 986 5030 .
1013 5013 1021 5030 .
1049 5013 1056 5030 .

338 5079 563 5169 Bnncznow,
590 5079 674 5150 villa
691 5079 764 5151 sub
791 5079 911 5151 eadem
937 5079 1104 5169 parochia
1131 5078 1323 5169 sirannus
1339 5076 1540 5150 baereditas
1559 5077 1604 5148 ad
1621 5075 1791 5150 Jacobnm

238 5199 577 5291 Barczlrowsky
604 5198 646 5271 de
673 5187 778 5272 armis
799 5254 806 5270 .
831 5254 839 5269 .
862 5253 870 5270 .
892 5200 1053 5290 partinet.
1079 5199 1120 5270 In
1148 5217 1217 5290 qna
1243 5203 1324 5270 sunt
1349 5198 1442 5272 lanei
1474 5197 1716 5288 emethonales,
1749 5197 1793 5269 de

238 5320 364 5410 quibus
391 5339 455 5410 pro
481 5339 551 5391 una
576 5319 764 5393 medietate
790 5320 923 5392 decima
950 5321 1095 5392 solvitur
1121 5340 1186 5410 pro
1213 5319 1359 5392 ecclesia
1385 5325 1422 5390 et
1447 5319 1595 5409 plebano
1622 5318 1658 5388 in
1678 5317 1791 5389 Xan·

238 5460 417 5531 znycze
445 5440 541 5511 cuius
568 5439 667 5512 valor
694 5440 739 5513 ad
766 5494 774 5512 .
802 5495 810 5511 .
837 5495 844 5512 .
871 5461 1006 5513 marcas
1032 5441 1255 5532 aestimatur;
1280 5460 1345 5531 pro
1358 5441 1485 5512 ,altera
1501 5459 1586 5512 vero
1603 5437 1791 5511 medietate

117 5605 121 5612 -
239 5560 387 5632 solvitur
412 5561 450 5632 in
477 5557 753 5652 Sczeponow
780 5561 945 5634 ecclcsiae
972 5567 1008 5632 et
1033 5562 1182 5652 plebano
1209 5562 1294 5652 eius,
1321 5565 1358 5632 ct
1383 5560 1482 5633 valor
1509 5560 1585 5637 eins
1611 5557 1682 5631 ad.
1711 5613 1719 5629 .
1747 5613 1755 5629 .
1782 5613 1791 5629 .

239 5699 376 5758 marcas
411 5680 640 5758 aestimatur*
665 5680 755 5759 Item
793 5686 847 5759 est
880 5682 930 5759 ibi
967 5701 1074 5799 unum
1103 5681 1283 5782 praediun
1309 5681 1479 5800 militum
1506 5680 1550 5755 de
1576 5681 1673 5759 cuius
1699 5679 1794 5776 atfifl
1874 5679 1877 5684 ’
