4550 6600
564 782 640 855 440

658 988 1017 1091 ¹Zunourczs,'villa
1044 990 1107 1063 sub
1126 991 1293 1081 parochia
1318 991 1362 1061 de
1387 990 1591 1063 Korczin
1618 993 1710 1082 sito,
1723 994 1821 1063 cuius
1847 994 2077 1085 propriorum

526 1188 535 1201 ,
563 1110 799 1201 episcopatum
827 1108 1089 1183 Cracoviensem
1116 1112 1278 1201 pertinet.
1323 1111 1365 1183 In
1392 1133 1461 1203 qua
1486 1118 1569 1185 sunt
1595 1114 1663 1185 duo
1690 1114 1784 1185 lanei
1809 1136 1885 1186 cum
1911 1117 2077 1206 mediate

562 1232 686 1323 quibus
713 1232 861 1305 solvitur
887 1238 924 1305 et
950 1233 1154 1305 conducitur
1189 1232 1323 1304 decima
1348 1234 1573 1325 manipularis
1601 1241 1637 1306 et
1664 1236 1840 1327 canapahs
1873 1258 1937 1327 pro
1962 1239 2078 1312 ecclesia
2140 1317 2141 1326 χ

561 1354 597 1425 in
623 1354 846 1446 Korczin,
873 1360 910 1427 et
936 1355 1034 1427 valor
1061 1356 1136 1429 eius
1162 1354 1367 1427 aestimatur
1394 1356 1439 1429 ad
1465 1360 1539 1428 tres
1566 1376 1710 1428 marcas.

1191 1475 1488 1569 Ournscnumzn.

663 1596 758 1670 Villa
784 1598 916 1670 habens
942 1598 1123 1669 ecclesiam
1150 1598 1384 1689 parochialem
1410 1600 1447 1671 in
1474 1620 1521 1689 se,
1540 1597 1782 1691 Assumptioni
1808 1598 1956 1671 &uotae
1972 1600 2079 1673 Mariae

560 1718 716 1811 Virginis
743 1718 903 1810 dicatam,
932 1720 1028 1793 cuius
1055 1721 1179 1792 haeres
1207 1720 1328 1792 unicus
1355 1725 1392 1793 et
1416 1725 1585 1811 patronus
1606 1718 1769 1792 Andreas
1795 1720 1840 1792 de
1867 1705 2079 1823 Olyeschni·
2140 1747 2141 1750 ¹

560 1860 640 1915 oza
675 1840 773 1913 miles
800 1840 843 1913 de
870 1840 970 1914 domo
999 1846 1035 1913 et
1061 1840 1192 1914 familia
1218 1842 1430 1918 Dambno.
1473 1841 1515 1912 In
1542 1862 1612 1933 qua
1638 1848 1720 1914 sunt
1746 1842 1839 1913 lanei
1866 1842 2079 1943 cmethonalos

480 1964 492 1996 '¹
559 1964 642 2034 item
668 1984 738 2037 una
764 1963 911 2036 taberna
937 1964 1069 2035 hahens
1096 1984 1218 2053 agros,
1255 1964 1337 2034 item
1364 1984 1470 2034 unum
1496 1962 1677 2054 praedium
1703 1962 1873 2054 militare,
1915 1964 2079 2055 dequibus

497 2097 502 2106 ·
560 2084 718 2157 omnibus
745 2084 894 2158 solvitur
920 2090 956 2158 ct
982 2084 1187 2159 conducitur
1214 2084 1348 2157 decima
1373 2084 1599 2175 manipularis
1616 2089 1655 2156 et
1672 2084 1846 2175 canapalis
1873 2105 1939 2175 pro
1964 2085 2081 2160 cmlesia

558 2207 594 2278 in
621 2204 979 2299 Olyeschnicza,
1006 2212 1043 2281 et
1069 2207 1168 2279 valor
1194 2207 1269 2279 eius
1296 2206 1501 2279 aestimatur
1527 2206 1572 2278 ad
1598 2210 1677 2279 octo
1704 2226 1848 2279 marcas.
1875 2206 1964 2277 Item
1987 2206 2080 2299 plaia

559 2348 624 2400 uus
651 2328 758 2401 habet
784 2329 945 2420 proprios
971 2348 1074 2421 agros
1093 2333 1130 2401 et
1148 2329 1290 2419 propria
1315 2334 1426 2420 prata,
1453 2349 1517 2419 pro
1545 2348 1608 2399 suo
1634 2327 1778 2419 praedio
1795 2333 1834 2400 et
1849 2326 1992 2400 cultura
2013 2329 2081 2401 Itan

535 2449 595 2521 -in
622 2449 741 2522 eadem
768 2450 914 2524 ccclesia
932 2454 1013 2523 sunt
1032 2451 1266 2541 mansionarii,
1294 2450 1400 2523 horas
1427 2448 1574 2522 Sanctae
1600 2449 1738 2521 Mariae
1754 2454 1994 2523 nocturnaset
2008 2448 2081 2521 dior·
2140 2507 2141 2542 ;

558 2592 621 2643 nas
660 2576 861 2663 contentae,
900 2592 963 2662 per
1002 2570 1250 2664 Sbigneum
1291 2571 1500 2643 cardinalem
1539 2576 1576 2643 et
1610 2571 1809 2663 episcopum
1845 2570 2081 2644 &murnum
2140 2581 2141 2674 ᾗ

558 2692 710 2765 ordinati
736 2697 776 2765 et
800 2692 920 2766 dotati.
947 2692 1106 2766 Ecclesia
1124 2694 1229 2767 etiam
1255 2696 1334 2797 ipsa
1360 2695 1396 2765 iu
1422 2692 1765 2786 Olyeschnicza
1790 2713 1855 2785 per
1873 2696 1984 2785 ipsum
2007 2692 2079 2765 Shi·

556 2835 716 2906 gneum
750 2814 968 2889 cardinalem
989 2820 1024 2889 et
1051 2816 1250 2908 episcopum
1277 2814 1541 2889 cracoviensem
1577 2819 1675 2886 cocto
1702 2815 1813 2887 latere
1848 2819 1905 2888 est
1930 2813 2079 2905 fahncda
2140 2801 2141 2844 ³

508 2934 513 2945 ’
558 2944 655 3028 quae,
683 2936 764 3010 dum
792 2958 833 3009 ex
852 2937 1011 3010 incendio
1040 2938 1169 3010 casuali
1195 2937 1299 3010 uillae
1317 2941 1523 3028 consumpta
1547 2935 1680 3027 fuisset,
1709 2936 1881 3028 Sbignens
1909 2936 1952 3009 de
1976 2936 2080 3027 Olye-

557 3057 779 3131 sohnicza
805 3060 987 3151 episcopus
1014 3058 1313 3132 Wladislaviensis
1348 3078 1457 3149 nepos
1483 3057 1638 3131 eiusdem
1664 3042 1851 3129 cardinalis
1880 3080 1944 3149 per
1968 3059 2079 3149 sangri-

541 3164 633 3251 ¹nem
652 3201 847 3273 germanus,
865 3180 960 3253 illam
979 3202 1069 3255 anno
1087 3182 1228 3255 Domini
1246 3181 1344 3253 1477
1363 3181 1551 3271 reparavit
1578 3179 1809 3253 Mansiouarii
1824 3185 1943 3253 autem
1959 3178 2079 3271 praelati

556 3303 734 3375 manuales
762 3307 906 3376 suntet
933 3305 1152 3397 temporales,
1179 3304 1323 3378 decimis
1340 3303 1614 3395 manipularibus
1640 3320 1779 3377 mensae
1797 3303 2001 3396 episcopalis
2016 3301 2079 3376 (la-

557 3423 728 3498 coviensis
754 3423 985 3518 infrascriptis
1012 3427 1132 3500 dotati.
1786 3523 1790 3530 ἢ

661 3545 873 3639 Snoczuow,
901 3549 984 3620 villa
1012 3550 1075 3622 sub
1102 3547 1270 3641 parochia
1296 3547 1340 3620 de
1359 3603 1365 3617 .
1385 3603 1464 3618 ....
1491 3547 1568 3638 sita,
1596 3547 1693 3618 cuius
1719 3548 1900 3619 haeres..
1921 3604 1954 3618 ..
1979 3547 2078 3619 noblis

534 3665 599 3741 'de
627 3667 728 3743 domo
755 3669 975 3761 Kopacze.
1020 3671 1061 3743 In
1089 3691 1158 3762 qua
1184 3676 1267 3743 sunt
1292 3670 1385 3742 lanei
1411 3669 1663 3760 emethonales,
1699 3670 1781 3740 item
1809 3670 1993 3761 tabernae,
2015 3670 2078 3739 item

554 3791 782 3882 hortulanus,
809 3794 892 3865 item
911 3791 1101 3884 praedium,
1129 3792 1172 3865 de
1191 3793 1316 3885 quibus
1343 3793 1503 3864 omnibus
1530 3792 1678 3863 solvitur
1696 3796 1732 3862 et
1748 3790 1957 3863 conducitur
1973 3791 2078 3862 decim

554 3914 779 4005 manipularis
810 3922 851 3986 'et
879 3915 1054 4006 canapalis
1091 3936 1156 4006 pro
1183 3913 1426 3986 mansionariis
1460 3914 1497 3984 in
1533 3910 1901 4004 Olyeschnicza,
1939 3917 1974 3984 et
2002 3911 2079 3982 valor

554 4036 629 4106 eius
656 4036 861 4108 aestimatur
880 4089 994 4106 .....
1730 4117 1736 4123 ,

657 4155 939 4249 Pouurnscuus,
967 4157 1050 4230 uilla
1077 4157 1142 4229 suh
1169 4157 1334 4248 parochia
1360 4156 1403 4228 de
1421 4210 1591 4226 .......
1618 4155 1696 4227 sita:
1741 4155 1781 4225 ln
1810 4175 1879 4246 qua
1904 4161 1985 4228 sunt
2007 4153 2077 4223 lanei

554 4278 797 4370 cmethonales,
825 4279 909 4352 item
936 4279 1091 4370 taberna,
1119 4279 1202 4350 item
1229 4279 1415 4369 hortulani,
1442 4278 1526 4350 item
1552 4277 1745 4368 praedium,
1773 4275 1816 4348 de
1843 4278 1969 4368 quibus
1993 4275 2078 4346 onni-

553 4401 618 4472 bus
646 4400 793 4473 solvitur
819 4407 856 4473 et
882 4401 1087 4473 conducitur
1114 4401 1247 4473 decima
1273 4399 1500 4491 manipularis
1519 4404 1556 4470 et
1574 4398 1751 4489 canapalis
1777 4419 1841 4489 pro
1859 4397 2077 4472 mansionariis

553 4523 588 4593 in
616 4521 667 4594 Ol
676 4522 974 4614 yesclrnicza,
1002 4523 1099 4595 cuins
1126 4523 1225 4594 valor
1251 4522 1456 4594 aestimatur
1483 4520 1528 4593 ad
1547 4574 1662 4591 .....

656 4627 990 4716 Ouuuscuu'nczsun
1008 4643 1165 4734 Wonrn,
1193 4643 1276 4714 villa
1293 4644 1358 4715 suh
1376 4643 1543 4734 parochia
1569 4640 1735 4713 ecclesiae
1761 4639 1805 4712 de
1831 4639 2076 4734 Olyeschni-

553 4787 631 4838 cza
658 4767 733 4857 sita,
761 4767 857 4839 cuius
884 4763 1009 4838 haeres
1028 4764 1188 4837 Andreas
1215 4764 1258 4837 de
1284 4763 1595 4856 Olyesznicza
1621 4762 1665 4835 de
1692 4763 1797 4835 armis
1823 4760 2076 4835 Dambnoh

541 4897 621 4980 ‘qua
647 4892 728 4960 sunt
753 4888 844 4959 lanei
871 4887 1113 4980 emathonales,
1141 4887 1184 4958 de
1211 4887 1336 4978 quibus
1363 4888 1521 4959 omnibus
1548 4885 1696 4958 solvitur
1722 4881 1767 4957 et'
1785 4885 1988 4958 conducitur
2003 4882 2075 4955 deci-

549 5031 607 5082 ma
632 5009 857 5100 manipularis
885 5015 920 5080 et
946 5009 1122 5100 canapalis
1149 5017 1212 5100 pr'o
1239 5008 1384 5081 ecclesia
1410 5009 1446 5080 in
1473 5001 1831 5100 Olyeschnicza,
1872 5007 1968 5080 cuius
1992 5004 2070 5078 valor

553 5132 757 5204 aestimatur
783 5131 828 5203 ad
854 5150 915 5204 aex
941 5150 1084 5204 marcas.

655 5251 894 5344 Sueuozrczn,
922 5232 1005 5325 villa
1031 5251 1095 5324 sub
1123 5251 1289 5343 parochia
1314 5251 1358 5322 de
1384 5250 1727 5342 Olyeschnicza
1753 5250 1831 5342 sita,
1858 5251 1955 5325 cuius
1976 5251 2074 5322 haeres

554 5373 713 5448 Andreas
740 5374 783 5446 de
809 5373 1153 5465 Olyeschnicza
1179 5371 1222 5445 de
1249 5373 1355 5445 armis
1381 5373 1592 5445 Dambno.
1623 5373 1664 5443 In
1692 5393 1761 5464 qua
1787 5377 1869 5444 sunt
1893 5373 1985 5446 lanei
2007 5387 2074 5442 cna

553 5495 730 5588 thonales,
767 5497 809 5568 de
837 5495 961 5588 quibus
989 5495 1149 5569 omnibus
1175 5494 1321 5568 solvitur
1347 5500 1384 5566 et
1411 5493 1617 5567 conducitur
1652 5494 1787 5566 decima
1812 5493 2074 5588 manipularisct

420 5613 422 5617 ’
556 5617 731 5708 canapalis
767 5617 934 5692 ecelesiae
964 5618 1005 5734 ¹in
1032 5615 1383 5709 Olyeschnicza,
1420 5622 1458 5689 et
1482 5616 1582 5689 valor
1618 5615 1692 5689 eius
1729 5616 1931 5689 aestimatur
1962 5615 2005 5688 ad
2030 5631 2074 5683 su
2140 5660 2141 5683 ἱ

556 5755 699 5818 marcas.
