4550 6600
499 775 572 867 illd

470 1002 585 1072 vItem
611 998 720 1070 babet
746 995 913 1067 decimam
944 990 1156 1086 praedialem
1182 990 1219 1066 in
1245 987 1497 1087 Kambl‘ow,
1524 991 1589 1066 suh
1617 991 1782 1087 parochia
1808 987 1853 1067 de
1878 986 2049 1067 Gauiu-

497 1120 755 1193 scbowicze
782 1118 859 1209 sita,
887 1122 924 1188 et
949 1116 1049 1189 valor
1075 1117 1151 1188 eius
1178 1117 1384 1189 aestimatur
1411 1116 1455 1188 ad
1483 1137 1588 1189 unam
1614 1136 1801 1188 marcam·

602 1240 899 1331 Caznmrnurozn,
927 1239 991 1310 sub
1018 1239 1184 1329 parochia
1210 1237 1253 1309 de
1280 1227 1707 1311 Gauluscho'wicze
1734 1239 1818 1329 sita,
1846 1239 1943 1309 cuius
1969 1237 2050 1307 bae

496 1382 553 1435 res
580 1362 759 1434 Johannes
786 1356 884 1431 Felix
912 1359 1227 1449 Tharnowslry
1264 1359 1436 1430 dedomo
1463 1358 1645 1430 Leliwa
1685 1359 1726 1429 ln
1754 1380 1823 1451 qua
1849 1359 2049 1429 laneicmc·

495 1484 664 1573 thonales,
692 1483 735 1553 dc
762 1482 887 1573 quibus
914 1480 1105 1553 decimatur
1131 1479 1297 1552 ecclesiae
1324 1480 1360 1551 in
1386 1478 1687 1572 Polyanyecz,
1713 1486 1749 1553 ct
1775 1480 1876 1552 valor
1902 1479 2052 1551 adduas

496 1624 640 1677 marcas.
1722 1680 1726 1686 .

473 1782 475 1789 ,
601 1724 963 1815 Dzrnwunurnurn,
990 1722 1073 1795 villa
1099 1723 1164 1796 sub
1191 1722 1358 1814 parochia
1384 1722 1428 1794 de
1454 1719 1880 1794 Gawluscbowicze
1906 1722 1986 1793 sita
2012 1718 2054 1791 ln

383 1882 384 1885 ¹
497 1866 566 1940 qua
593 1852 694 1919 erant
726 1845 897 1937 quondam
935 1844 1115 1917 duodecim
1150 1844 1244 1920 lanei
1269 1844 1522 1936 emethonales,
1545 1864 1637 1916 nunc
1663 1848 1776 1916 antmn
1805 1844 1938 1915 deserti
1964 1850 2054 1933 sunt,

498 1976 534 2041 et
561 1970 597 2040 in
624 1973 725 2059 prata
762 1966 938 2057 conversi,
966 1966 1009 2038 dc
1037 1967 1183 2058 quibus,
1210 1966 1292 2037 dum
1319 1966 1523 2038 colebantur
1548 1966 1766 2058 solvebatur,
1793 1966 1888 2040 etsi
1916 1964 2055 2055 quando

497 2096 622 2182 expost
657 2088 740 2161 culti
774 2088 920 2180 fuerint,
948 2088 1035 2161 solvi
1071 2088 1177 2161 debet
1213 2088 1378 2160 ccclesiae
1403 2090 1440 2159 in
1467 2085 1893 2161 Gauluscbowicze
1921 2086 2054 2157 decima

497 2210 741 2302 manipularis,
770 2215 804 2281 et
839 2211 937 2282 valor
969 2210 1043 2281 cius
1070 2210 1276 2281 aestimatur
1301 2209 1345 2280 ad
1373 2215 1452 2281 octo
1478 2230 1623 2281 marcas.
1658 2209 1746 2280 Item
1772 2210 1882 2281 habet
1908 2208 2055 2279 ecclesia

498 2332 713 2405 obstaculum
749 2332 946 2423 proprium,
974 2330 1065 2422 quod
1101 2330 1225 2422 incipit
1260 2352 1282 2402 a
1316 2330 1421 2402 fluvio
1448 2329 1678 2422 Wislolra,
1705 2351 1814 2422 usque
1842 2330 1886 2401 ad
1913 2328 2055 2401 flurium

498 2452 627 2525 Bren.
653 2454 742 2525 Item
768 2454 804 2523 in
831 2452 915 2525 villa
936 2452 1235 2544 Dzewyantlc
1262 2452 1369 2525 etiam
1387 2472 1479 2523 nunc
1496 2458 1551 2524 est
1567 2452 1759 2543 praedium,
1777 2452 1821 2523 de
1839 2452 1939 2523 cuius
1958 2452 2053 2540 agris

444 2658 449 2665 ,
497 2574 646 2647 solvitur
685 2574 818 2646 decima
857 2574 1083 2665 manipularis
1119 2574 1283 2645 ecclesiae
1318 2575 1354 2644 in
1390 2571 1833 2665 Gauluschowicze,
1869 2574 1974 2645 valor
2008 2572 2052 2642 ad

424 2730 427 2740 ·
496 2716 601 2769 unam
637 2716 796 2767 marcam.
835 2696 924 2767 Item
960 2696 1069 2767 habet
1104 2696 1251 2768 ccclesia
1285 2696 1468 2767 tabernam
1493 2697 1671 2786 propriam
1704 2696 1739 2766 in
1766 2696 1851 2767 villa
1877 2692 2053 2765 Gaulu-

497 2817 764 2907 scbowicze,
790 2818 976 2889 habentem
1004 2832 1116 2908 agros,
1147 2836 1236 2908 quae
1259 2838 1327 2907 pro
1354 2836 1459 2889 censu
1487 2838 1602 2889 annuo
1628 2818 1734 2889 solvit
1760 2838 1864 2888 unam
1893 2806 2054 2887 marcam.

496 2936 583 3009 Item
618 2938 725 3009 habet
760 2938 796 3008 in
831 2936 952 3009 eadem
988 2937 1072 3009 villa
1106 2937 1194 3009 duas
1221 2938 1439 3009 hortulanias
1465 2938 1636 3009 habentes
1662 2958 1783 3029 agros,
1811 2944 1849 3009 et
1876 2936 2052 3028 quaelibet

497 3059 603 3131 solvit
629 3060 806 3130 annuatim
833 3080 938 3130 unum
965 3058 1145 3149 fertonem,
1173 3065 1209 3130 et
1234 3079 1341 3131 uuum
1368 3058 1458 3131 diem
1486 3060 1521 3130 iu
1549 3061 1742 3150 septimana
1767 3060 1914 3131 laborat

601 3178 717 3251 Villae
752 3180 986 3269 parochiales:
1024 3178 1464 3270 Gawlnschowicze,
1490 3180 1754 3273 Klyscbow,
1781 3181 2051 3272 Brzesczye,

498 3296 837 3393 Klyschowslra
862 3301 1024 3394 Wolya,
1051 3302 1426 3395 Krzomyenicza,
1444 3302 1686 3393 Kamblow,
1705 3303 2049 3396 Zaduschnylry,

498 3420 753 3514 Nyekurza,
779 3422 988 3514 Zdakow,
1015 3423 1427 3517 Dzycwyantblye,
1454 3423 1822 3516 Sczukomlothi,
1849 3423 2050 3515 Byelsch

497 3543 674 3635 navigium
701 3543 744 3615 de
771 3543 980 3618 zdskcw.

344 3889 349 3896 ·
384 3989 386 3992 Ι
499 3859 718 3946 Ecclesiae
751 3864 1005 3970 parochialis
1038 3866 1077 3944 in
1111 3803 1511 3947 Gawluacbowicze
1532 3867 1647 3946 tituli
1664 3865 1807 3947 Sancti
1829 3863 2046 3948 Adatbarti

499 4004 699 4108 martyria
742 4024 819 4107 par
851 4003 1109 4086 christinum
1153 4002 1209 4086 de
1240 4003 1451 4114 Obicbow
1495 4003 1725 4086 haeredem
1756 4025 1890 4108 super
1922 4007 2050 4086 certb

559 4141 758 4242 decimis,
790 4140 954 4244 tundis,
987 4149 1032 4224 et
1065 4141 1163 4223 aliis
1207 4144 1486 4247 proventibus
1527 4143 1715 4224 adolatio
1746 4149 1792 4224 et
1824 4146 1993 4224 erectio

1153 4279 1266 4364 iacta
1302 4283 1420 4363 ¹215(

601 4517 642 4590 ln
669 4519 806 4602 nomine
832 4517 972 4592 Domini
999 4519 1119 4594 Arnen.
1160 4520 1324 4612 Quamvis
1360 4541 1477 4594 rernm
1510 4521 1753 4614 temporalium
1779 4526 1895 4594 status
1923 4521 2046 4596 clarina

499 4643 632 4712 cunctis
652 4646 797 4734 apparet
824 4647 860 4714 et
886 4641 1053 4734 serenius
1080 4643 1162 4734 quia
1187 4649 1304 4715 tamen
1330 4665 1394 4736 per
1419 4643 1656 4736 prolixitatem
1679 4645 1847 4736 temporis
1875 4645 2046 4736 saepinsa

497 4762 664 4834 memoria
689 4764 840 4836 bumana
866 4763 974 4837 dilabi
1000 4765 1188 4855 consucvit,
1214 4784 1356 4838 neccsse
1378 4772 1440 4858 est,
1458 4772 1499 4838 ut
1515 4765 1697 4839 literarum
1717 4767 1873 4858 apicibus
1893 4788 1971 4840 eum
1989 4787 2043 4838 an-

498 4883 676 4955 notatione
693 4885 835 4956 testium
854 4885 1079 4958 comendetur
1095 4887 1241 4960 notitiae
1259 4885 1465 4960 futurorum.
1492 4885 1583 4960 Hinc
1601 4896 1665 4980 cst,
1684 4888 1775 4980 quod
1792 4908 1858 4960 nos
1876 4887 2043 4960 cristinus

498 5003 542 5076 dc
568 5002 792 5096 Obychow
818 5005 1025 5099 haereses
1048 5028 1217 5082 consensu
1243 5015 1365 5082 nostro
1391 5016 1428 5082 et
1444 5009 1556 5083 libero
1575 5010 1731 5102 arbitrio,
1749 5029 1918 5097 accensus
1936 5011 2044 5082 divino

498 5143 624 5217 amore,
650 5127 778 5198 timens
803 5126 870 5198 Dei
896 5127 1070 5222 iudicium,
1096 5131 1250 5203 existens
1276 5150 1382 5204 sanus
1407 5136 1523 5203 ruente
1549 5136 1586 5203 ct
1612 5151 1765 5222 corpore,
1792 5131 1998 5221 dotavimus
2014 5135 2046 5200 et

497 5245 711 5341 donavimus,
738 5249 1037 5342 appropriavimus
1065 5257 1101 5324 et
1128 5253 1392 5345 appropriamus
1418 5260 1456 5325 et
1481 5253 1760 5344 priuilegiamus,
1787 5259 1825 5324 et
1850 5254 2045 5343 incorpora·
2087 5244 2092 5250 ’

498 5369 609 5440 murus
645 5389 707 5441 seu
740 5370 1001 5464 incorporamus
1037 5373 1080 5445 de
1115 5376 1246 5446 nostris
1271 5375 1372 5448 bonis
1399 5375 1661 5466 haereditariis,
1687 5395 1747 5446 sen
1774 5374 2046 5446 haereditatibus

498 5487 747 5584 infrascriptis,
783 5492 947 5566 fundatae
988 5495 1154 5568 ecclesiae
1188 5498 1225 5567 in
1261 5494 1706 5587 Gauluschouicze,
1742 5497 1945 5587 specialiter
1977 5495 2045 5566 Deo

499 5607 736 5702 omnipotenti
764 5619 800 5686 et
826 5613 958 5689 Beatac
984 5617 1123 5691 Mariae
1150 5617 1306 5710 Virgini,
1333 5625 1370 5690 et
1396 5619 1440 5690 ad
1463 5620 1632 5691 honorem
1660 5618 1760 5688 Beati
1788 5617 1990 5708 Adalbarti,
2013 5623 2045 5686 et
2151 5698 2152 5709 ,

498 5729 722 5804 attribuimus
749 5735 859 5808 eidem
887 5739 1052 5810 ecclesiae
1079 5739 1245 5813 decimam
1273 5741 1308 5811 in
1327 5738 1749 5811 G·awluuschowieze
1774 5744 1854 5830 post
1872 5717 2042 5811 araturam
