4550 6600
1694 796 1766 872 loa
1821 818 1824 822 ’

219 996 323 1071 altera
349 994 510 1066 haeredis
542 1015 629 1085 quae
658 997 764 1068 habet
791 1018 912 1088 agros
949 1005 985 1070 et
1012 999 1054 1069 de
1082 979 1253 1072 omnibus
1276 1002 1424 1073 solvitur
1450 1001 1584 1073 decima
1610 1006 1766 1096 manipu-

219 1116 298 1189 laris
324 1120 360 1186 et
387 1116 562 1207 canapalis
590 1117 886 1189 archidiaconatui
913 1118 1192 1210 Sandomiriensi,
1220 1128 1256 1192 et
1282 1122 1381 1192 valor
1407 1123 1483 1193 eius
1501 1114 1705 1195 aestimatur
1721 1125 1766 1197 ad

219 1238 329 1308 decem
355 1256 509 1323 marcas3
545 1236 627 1307 item
656 1242 711 1307 est
737 1238 786 1308 ibi
812 1260 918 1308 unum
945 1240 1125 1329 praedium
1153 1241 1321 1331 militare,
1359 1240 1401 1311 de
1429 1242 1526 1312 cuius
1553 1244 1647 1333 agris
1674 1244 1766 1316 deci-

220 1361 328 1429 matur
362 1356 527 1427 ecclesiae
560 1356 596 1427 in
623 1344 1062 1451 Mikluschouycze3
1098 1362 1182 1432 item
1219 1362 1365 1434 ecclesia
1391 1368 1427 1433 et
1453 1362 1623 1453 plebanus
1659 1365 1766 1437 habet

219 1478 262 1549 ibi
289 1478 448 1568 proprios
475 1497 588 1567 agros,
615 1498 679 1567 pro
707 1495 769 1550 suo
796 1499 861 1549 usu
888 1484 924 1551 et
949 1481 1166 1566 necessitate.
1537 1486 1542 1493 '

313 1596 521 1687 Dzrnwrn,
567 1598 650 1669 villa
686 1600 749 1670 sub
785 1600 951 1689 parochia
986 1600 1029 1672 de
1065 1601 1498 1694 Mykluschowycze
1535 1605 1619 1693 sita,
1667 1605 1765 1677 cuius

129 1776 131 1781 ,
216 1720 332 1790 haeres
359 1716 536 1807 praelatus
562 1717 727 1790 Nicolaus
754 1718 1038 1813 Gzylrowsky
1065 1722 1108 1793 de
1136 1722 1237 1795 domo
1269 1722 1477 1794 Radwan.
1521 1724 1561 1795 In
1590 1747 1658 1815 qua
1684 1730 1766 1797 sunt

216 1843 287 1911 octo
313 1838 405 1909 lanei
433 1837 676 1929 cmothonales‚
703 1839 786 1911 item
813 1861 884 1911 una
909 1842 1058 1913 taberna
1083 1842 1215 1914 habens
1242 1864 1354 1933 agros,
1381 1843 1424 1913 de
1452 1844 1576 1934 quibus
1604 1847 1762 1917 omnibus

217 1958 343 2031 decima
369 1958 593 2048 manipularis
621 1960 775 2066 solvitur·
795 1958 855 2041 sed
878 1960 1128 2051 diversimode3
1154 1984 1233 2033 nam
1260 1963 1426 2035 maiorem
1453 1970 1588 2053 partem
1615 1966 1765 2055 percipit

215 2080 429 2170 episcopatus
457 2077 697 2151 Oracoviensis
724 2100 793 2151 una
820 2101 897 2152 cum
925 2082 1026 2153 totali
1053 2082 1186 2153 decima
1212 2083 1345 2173 canapi,
1373 2089 1408 2154 et
1434 2085 1532 2155 valor
1559 2086 1632 2156 eius
1660 2086 1765 2157 aesti-
1890 2073 1893 2078 ’

215 2205 323 2272 matur
357 2200 402 2271 ad
438 2201 588 2291 quinque
624 2222 775 2292 marcas,
810 2202 979 2273 minorem
1006 2224 1090 2274 vero
1117 2209 1252 2293 partem
1279 2205 1429 2294 percipit
1464 2206 1764 2278 archidiaconatus
1839 2278 1843 2283 .

217 2320 470 2411 GracoviensiS,
508 2322 638 2411 absque
666 2322 781 2413 aliqua
806 2327 906 2414 parte
941 2324 1073 2413 canapi.
1112 2324 1201 2396 Item
1235 2324 1416 2416 praedium
1450 2332 1618 2416 nonest,
1653 2347 1764 2418 neque

216 2441 416 2515 hortulania·
436 2442 553 2532 aliqua
579 2442 615 2512 in
643 2442 763 2513 eadem
789 2444 881 2514 rilla.

308 2560 476 2652 woman,
512 2562 597 2641 villa
624 2564 687 2635 sub
715 2564 880 2654 parochia
906 2563 949 2635 de
976 2564 1361 2657 Mykluschowycze
1393 2566 1479 2657 sita,
1515 2567 1613 2639 cuius
1639 2568 1764 2641 haeres

213 2682 402 2755 Dobeslaus
437 2682 636 2775 Kmytha
661 2684 704 2756 de
736 2685 842 2756 armis
878 2684 1163 2777 Szrenyawa.
1201 2688 1243 2757 ln
1270 2708 1339 2777 qua
1365 2692 1447 2758 sunt
1482 2694 1630 2778 quatuor
1664 2689 1757 2759 lanei

213 2804 460 2894 cmethonales‚
496 2809 532 2875 et
557 2824 626 2875 una
652 2805 798 2876 taberna
823 2806 955 2876 habens
982 2827 1103 2897 agros,
1140 2806 1183 2877 de
1210 2808 1334 2898 quibus
1362 2808 1520 2879 omnibus
1547 2807 1694 2880 solvitur
1721 2815 1763 2882 et

114 2954 115 2957 ¹
215 2924 415 2997 conducitur
451 2924 584 2997 decima
618 2926 844 3016 manipularis
876 2930 912 2997 et
938 2928 1115 3017 canapalis
1150 2949 1214 3017 pro
1250 2927 1494 2999 archidiacono
1531 2928 1760 3021 cracoviensi,

214 3045 304 3117 cuius
330 3046 431 3117 valor
458 3046 662 3117 aestimatur
680 3046 725 3118 ad
743 3047 893 3138 quinque
911 3066 1055 3119 marcas.
1082 3048 1172 3120 Item
1190 3070 1260 3119 non
1278 3052 1333 3120 est
1358 3048 1408 3119 ibi
1434 3048 1623 3140 praedium,
1650 3072 1761 3142 neque

211 3166 436 3239 hortulaniae.
985 3174 990 3184 “

308 3286 511 3377 Wuzrczc,
538 3288 621 3360 villa
648 3288 711 3361 sub
738 3288 903 3379 parochia
930 3288 973 3362 de
999 3288 1381 3382 Mykluschowycze
1409 3290 1490 3380 sita,
1518 3291 1614 3362 cuius
1640 3290 1764 3364 haeres

213 3407 332 3479 Petrus
372 3409 658 3501 Wyzyczsky
685 3409 727 3481 de
754 3409 855 3482 domo
891 3410 1233 3482 Radwanorum.
1273 3411 1313 3481 ln
1341 3432 1411 3502 qua
1438 3417 1519 3482 sunt
1552 3412 1644 3482 lanei
1671 3434 1761 3485 cme·

213 3529 388 3618 thonales,
417 3529 458 3601 de
487 3529 610 3621 quibus
638 3529 786 3602 solvitur
812 3536 848 3603 et
875 3531 1078 3605 conducitur
1110 3532 1243 3602 decima
1269 3531 1494 3623 manipularis
1521 3537 1557 3603 et
1584 3533 1760 3624 canapalis

132 3730 136 3739 ,
212 3671 271 3742 pro
297 3649 542 3724 archidiacono
570 3647 800 3740 Oracoviensi,
828 3653 925 3723 ouius
951 3652 1050 3723 valor
1068 3651 1112 3722 ad
1131 3652 1248 3723 decem
1275 3673 1409 3723 marcas
1436 3653 1649 3724 aestimatur.
1676 3655 1760 3724 item

211 3772 446 3862 hortulaniae,
481 3773 565 3844 item
593 3773 776 3862 tabernae,
812 3772 894 3846 item
926 3772 1106 3865 praedium
1133 3774 1238 3846 etiam
1265 3773 1434 3864 militare,
1470 3773 1513 3845 de
1540 3773 1636 3845 cuius
1663 3774 1758 3864 agris

212 3891 401 3968 decimatur
419 3948 532 3966 .....
543 3948 559 3970 ..
933 3893 936 3900 ’

878 4011 1098 4088 Pons'cnow.

311 4137 409 4210 Villa
443 4137 576 4210 habens
602 4137 638 4208 in
666 4155 703 4209 se
730 4137 962 4228 parochialem
1000 4136 1180 4208 ecclesiam
1214 4135 1384 4228 ligneam,
1419 4135 1546 4208 Sancto
1574 4128 1761 4208 Vincentio

212 4259 354 4352 martyri
383 4258 551 4349 dicatam,
580 4257 677 4330 cuius
703 4259 829 4330 haeres
855 4255 1034 4330 lohannes
1058 4257 1222 4330 dedomo
1250 4255 1492 4350 Oygnorum.
1518 4257 1559 4328 ln
1587 4279 1656 4349 qua
1682 4264 1764 4329 sunt

213 4377 324 4451 decem
353 4387 389 4455 et
415 4401 539 4452 novem
565 4380 656 4451 lanei
693 4380 945 4470 cmethonales,
981 4379 1064 4452 item
1098 4381 1246 4452 taberna
1276 4401 1346 4451 una
1371 4380 1503 4451 habens
1531 4401 1652 4470 agros,
1678 4381 1764 4450 item

126 4591 131 4598 ¹
212 4507 359 4591 quatuor
385 4501 605 4573 hortulaniae
632 4501 801 4574 habentes
828 4522 949 4593 agros,
985 4502 1028 4574 de
1057 4501 1181 4593 quibus
1209 4501 1367 4572 omnibus
1398 4500 1544 4571 solvitur
1571 4505 1607 4570 et
1634 4499 1763 4570 condu-

213 4621 299 4694 citur
334 4622 467 4694 decima
501 4623 727 4713 manipularis
763 4627 799 4693 et
835 4623 1011 4713 canapalis
1046 4644 1110 4713 pro
1146 4621 1346 4713 praebenda
1391 4619 1632 4708 Oracoviensi‚
1676 4639 1765 4710 quae

212 4747 351 4813 vocatur
369 4743 726 4835 Rzemyandzyczska,
745 4724 790 4814 'et
808 4743 908 4815 valor
925 4745 999 4814 eius
1019 4743 1063 4814 ad
1082 4743 1205 4835 viginti
1233 4747 1381 4832 quatuor
1398 4762 1534 4812 marcas
1553 4741 1767 4812 aestimatur.
1818 4778 1823 4784 ·
1917 4835 1924 4854 .

213 4861 296 4934 Item
324 4867 380 4934 est
406 4863 456 4934 ibi
482 4884 588 4934 unum
614 4861 793 4954 praedium
820 4863 979 4954 militare,
1007 4863 1050 4935 dc
1070 4863 1167 4942 cuius
1191 4864 1286 4954 agris
1313 4862 1505 4934 decimatur
1531 4882 1595 4952 pro
1622 4860 1767 4931 ecclesia

196 4991 245 5055 et
273 4985 349 5056 eius
377 4985 524 5075 plebano
551 4984 586 5055 in
614 4983 860 5075 Pleschow,
887 4985 1041 5077 exceptis
1069 4984 1203 5056 duobus
1230 4984 1350 5074 laneis,
1379 4983 1438 5074 qui
1465 4981 1636 5074 quondam
1664 4987 1766 5053 erant

212 5105 454 5212 emethonales
483 5109 519 5177 et
546 5127 630 5198 quos
657 5111 801 5197 propter
819 5105 1034 5177 fertilitatem
1053 5109 1089 5176 et
1105 5106 1303 5177 ubertatem
1322 5104 1419 5176 curia
1436 5125 1499 5194 pro
1520 5124 1558 5174 se
1575 5103 1766 5193 usurpavit,

212 5225 251 5299 de
278 5227 405 5318 quibus
424 5227 529 5299 soluit
548 5227 712 5298 decimam
731 5227 949 5318 praebendae
969 5226 1189 5299 Gracoviensi
1206 5224 1425 5317 praebendae
1444 5224 1558 5296 dictae
1575 5223 1766 5316 Rzemyan-

211 5346 378 5439 dzyczska
399 5349 435 5419 in
452 5346 677 5445 ponythracm.
705 5348 793 5420 Sunt
811 5348 916 5420 etiam
934 5348 984 5419 ibi
1002 5348 1069 5419 duo
1088 5347 1188 5437 lanei,
1217 5347 1277 5438 qni
1296 5345 1468 5438 qnondam
1487 5349 1589 5415 erant
1608 5344 1766 5434 curiales,

186 5527 189 5532 r
214 5489 295 5560 quos
322 5491 414 5541 nunc
442 5469 559 5542 colunt
586 5471 795 5562 cmethones,
823 5469 866 5540 de
893 5469 1018 5561 quibus
1043 5467 1213 5540 decimam
1240 5467 1389 5559 percipit
1416 5465 1564 5538 ecclesia
1590 5471 1625 5537 et
1650 5465 1769 5556 pleba-

212 5609 273 5662 nus
300 5590 337 5661 in
367 5589 615 5682 Pleschoru‚
643 5595 680 5662 et
705 5591 804 5664 valor
831 5591 905 5662 eius
932 5611 1002 5662 una
1029 5611 1105 5662 cum
1135 5588 1269 5661 decima
1295 5587 1465 5681 praedioli
1492 5587 1696 5659 aestimatur
1722 5586 1767 5658 ad
1837 5592 1841 5598 ’
1957 5647 1964 5656 ,

115 5743 116 5746 ¹
215 5707 394 5788 duodecim
423 5731 565 5790 marcas.
601 5712 687 5790 Item
715 5733 823 5810 prope
852 5711 978 5789 dictam
1007 5711 1123 5787 villam
1139 5709 1350 5785 Pleschow
1377 5714 1431 5782 est
1457 5709 1615 5804 taberna,
1641 5712 1767 5785 uocata
