4550 6600
1640 897 1668 911 ,,
1711 826 1782 901 141

223 1035 380 1109 latorum
400 1055 611 1127 grossorum,
628 1054 691 1126 per
707 1032 878 1109 fertonem
897 1035 940 1109 de
959 1034 1114 1127 quolibet
1131 1054 1195 1127 pro
1213 1035 1384 1126 episcopo.
1410 1034 1500 1107 Item
1517 1034 1624 1107 etiam
1641 1032 1785 1108 solvunt

230 1178 330 1255 oszep
356 1178 422 1249 per
447 1177 552 1229 unam
577 1176 774 1229 mensuram
799 1156 910 1228 tritici
936 1160 973 1227 et
998 1156 1145 1229 alteram
1171 1177 1301 1229 avenae
1327 1177 1392 1248 pro
1420 1210 1428 1227 .
1455 1210 1463 1226 .
1490 1210 1497 1226 .

335 1277 492 1351 stzun
518 1298 655 1368 ersus,
682 1278 746 1351 sub
773 1271 940 1369 parocbia
965 1277 1086 1349 eadam
1113 1277 1157 1350 de
1183 1275 1376 1351 Grebow
1402 1278 1480 1368 sita,
1507 1277 1603 1349 cuius
1630 1278 1787 1369 proprie-

231 1407 288 1475 tas
314 1400 360 1473 ad
387 1420 505 1491 regem
531 1400 692 1491 pertinet.
719 1399 760 1471 In
779 1420 848 1492 qua
865 1398 957 1471 lanei
975 1399 1219 1491 cmethonales,
1238 1399 1281 1471 de
1301 1399 1426 1489 quibus
1445 1398 1578 1470 decima
1595 1399 1787 1489 pecunialis

155 1568 160 1576 ·
231 1543 296 1614 per
323 1543 430 1595 unum
456 1519 626 1593 fertonem
652 1520 805 1594 latorum
830 1540 1030 1613 grossorum
1057 1520 1100 1593 de
1119 1520 1276 1611 quolibet
1294 1542 1358 1611 pro
1377 1520 1539 1611 episcopo
1556 1518 1787 1593 Oracoviensi.

195 1621 201 1630 “
234 1644 325 1717 Item
351 1642 396 1715 de
423 1642 577 1734 quolibet
602 1642 702 1715 laneo
731 1642 878 1715 solvitur
904 1662 974 1713 una
999 1663 1162 1714 mensura
1186 1642 1307 1733 tritici,
1323 1642 1435 1714 altera
1452 1661 1583 1715 avenae
1600 1663 1692 1733 pro.
1719 1697 1727 1712 .
1754 1697 1762 1712 .

338 1762 523 1849 Snrnnpon
544 1763 698 1855 Brnnn,
733 1763 816 1836 villa
843 1764 906 1835 sub
933 1764 1101 1854 parochia
1127 1762 1170 1835 de
1197 1760 1390 1836 Grebov
1416 1764 1502 1854 sita,
1538 1763 1636 1835 cuius
1663 1764 1787 1836 haere-

233 1886 327 1959 dites
345 1885 390 1957 ad
407 1905 526 1975 regem
551 1884 714 1976 pertinet.
739 1883 781 1956 In
799 1905 868 1977 qua
884 1885 978 1961 lanei
1005 1885 1248 1976 cmethonales,
1275 1884 1319 1957 de
1338 1884 1462 1975 quibus
1489 1884 1623 1956 decima
1640 1885 1788 1957 solvitur

233 2029 299 2099 pro
327 2007 488 2099 episcopo
516 2004 739 2077 Gracoviensi
764 2026 951 2097 perunum
977 2004 1147 2078 fertonem
1173 2006 1323 2079 latorum
1340 2026 1539 2096 grossorum
1563 2006 1606 2077 de
1625 2007 1786 2097 quolibet.

111 2202 113 2207 ,
233 2129 325 2203 Item
351 2129 491 2201 solvunt
517 2148 614 2223 oasa)
640 2148 704 2219 per
730 2148 834 2200 unam
860 2148 1057 2200 mensnram
1084 2128 1213 2220 tritici,
1255 2128 1402 2199 alteram
1429 2148 1559 2202 avenae
1585 2148 1650 2218 pro
1669 2181 1788 2199 .....
1940 2165 1945 2179 «

340 2248 507 2340 Gnonnn,
533 2247 617 2320 villa
644 2250 707 2321 sub
735 2248 854 2321 eadem
881 2249 1048 2340 parochia
1074 2249 1117 2321 de
1144 2247 1337 2322 Grebov
1363 2249 1441 2339 sita,
1468 2248 1565 2320 cuius
1591 2249 1788 2340 proprietas
1852 2268 1856 2273 ·
1989 2312 2001 2325 .

234 2372 282 2445 ad
307 2392 426 2464 regem
452 2370 615 2462 pertinet.
641 2370 682 2441 In
709 2390 779 2461 qua
796 2374 877 2443 sunt
893 2370 987 2442 lanei
1014 2371 1260 2461 cmethonales,
1286 2368 1330 2442 de
1348 2370 1473 2478 quibus
1491 2370 1639 2443 solvitur
1657 2369 1790 2444 decima

236 2516 303 2586 pro
330 2494 492 2585 episcopo
520 2490 751 2565 Oracoviensi.
777 2492 867 2565 Item
893 2492 977 2566 dant
1003 2514 1101 2587 oscen
1128 2513 1192 2585 per
1210 2545 1352 2565 ......

928 2612 1116 2687 Pononrn.

339 2734 435 2808 Villa
460 2734 593 2807 habens
618 2734 655 2806 in
681 2754 719 2807 se
746 2734 925 2811 ecclesiam
951 2735 1185 2826 parochialem
1210 2734 1369 2827 ligneam,
1397 2734 1557 2808 Omnium
1579 2734 1788 2809 Sanctorum

233 2858 362 2931 honori
387 2856 548 2948 dicatam
575 2856 672 2929 cuius
698 2857 823 2929 haeres
849 2856 986 2930 ratione
1014 2857 1134 2929 uxoris
1153 2856 1346 2930 Stanislaus
1374 2857 1716 2950 Thanczynsky
1745 2858 1789 2931 de

235 2980 340 3053 domo
366 2978 685 3071 Bippenninm.
728 2978 770 3049 In
798 3000 867 3069 qua
901 3000 971 3051 non
1007 2984 1088 3051 sunt
1123 2978 1217 3051 lanei
1252 3000 1363 3071 neque
1386 2928 1646 3071 fflrethonales,¹
1679 3000 1790 3069 neque

234 3100 467 3173 hortulaniae.
510 3100 606 3172 Iacet
632 3104 748 3172 autem
775 3099 859 3172 villa
884 3098 1043 3191 praefata
1068 3101 1168 3173 iuxta
1193 3105 1387 3173 torrentem
1405 3154 1545 3192 ......
1572 3101 1609 3171 in
1637 3122 1707 3192 quo
1736 3104 1791 3173 est

235 3244 343 3295 unum
370 3220 604 3294 molendinum
630 3221 761 3293 habens
787 3222 897 3294 bonos
924 3242 1037 3314 agros,
1078 3222 1121 3295 de
1149 3222 1274 3315 quibus
1301 3220 1449 3295 solvitur
1474 3222 1608 3295 decima
1633 3223 1792 3316 manipu-

236 3345 323 3417 laris
349 3349 387 3416 et
413 3343 588 3434 canapalis
623 3364 687 3434 pro
715 3341 860 3415 ecclesia
894 3345 931 3415 in
957 3342 1181 3437 Podolye,
1217 3350 1254 3417 et
1279 3345 1379 3418 valor
1413 3345 1487 3418 eius
1514 3345 1720 3432 aestimatur
1746 3345 1792 3416 ad

236 3487 341 3540 unam
368 3485 528 3538 numnam.
572 3463 775 3555 Proprietas
802 3469 917 3536 autem
944 3464 1098 3538 eiusdem
1125 3465 1313 3538 molendini
1339 3466 1495 3556 pertinet
1521 3467 1567 3538 ad
1593 3466 1790 3539 scoltetiam

236 3588 274 3659 in
300 3585 589 3659 Possadovra.
615 3585 705 3657 Item
731 3589 786 3658 est
812 3585 862 3658 ibi
888 3607 958 3658 una
983 3587 1131 3660 taberna
1156 3587 1290 3659 habens
1307 3607 1439 3678 agrum
1466 3588 1563 3660 cuius
1590 3588 1788 3679 proprietas
1876 3577 1884 3590 ¹

237 3707 284 3780 ad
309 3707 495 3799 plebanum
521 3707 558 3779 in
584 3705 791 3797 Podolye
817 3707 980 3798 pertinet
1007 3712 1044 3782 et
1070 3708 1175 3780 solvit
1200 3708 1269 3780 sibi
1294 3728 1397 3779 unam
1423 3728 1576 3791 marcam
1592 3729 1657 3799 pro
1675 3729 1792 3799 censu,

238 3835 278 3909 et
302 3830 435 3920 absque
461 3829 591 3902 solario
618 3827 736 3919 coquIt
761 3847 825 3918 pro
853 3849 894 3901 eo
922 3829 1113 3920 cervisiam,
1141 3833 1178 3902 et
1202 3828 1399 3920 aquolibet
1425 3829 1554 3901 octuali
1580 3829 1624 3901 de
1649 3829 1792 3904 civitate

238 3951 406 4041 adducto,
442 3950 547 4023 solvit
573 3951 721 4040 plebano
749 3972 855 4023 unum
883 3951 1041 4042 quartale
1069 3950 1255 4041 cervisiae,
1291 3950 1335 4023 ab
1362 3950 1491 4023 octuali
1518 3971 1601 4024 vero
1628 3951 1792 4042 propriae

104 4069 105 4074 ’
161 4132 170 4148 .
238 4074 461 4162 braxaturae‚
488 4071 549 4145 dat
565 4071 698 4144 thinam
717 4093 822 4144 unam
840 4073 1044 4164 siliquarum
1066 4077 1103 4144 ct
1120 4077 1280 4165 quartam
1307 4072 1483 4146 cervisiae.
1509 4073 1598 4144 Item
1625 4073 1793 4164 plebanus

239 4195 348 4268 babet
375 4193 535 4284 proprios
563 4215 666 4284 agros
693 4197 730 4265 et
756 4199 867 4286 prata,
892 4214 957 4286 pro
985 4214 1047 4267 suo
1073 4194 1219 4286 praedio
1245 4198 1282 4266 et
1306 4196 1524 4268 necessitate.

342 4315 599 4406 Posznnowa,
634 4315 718 4387 villa
753 4316 817 4388 sub
844 4315 1010 4406 parochia
1043 4316 1210 4389 ecclesiae
1245 4314 1289 4388 de
1325 4315 1447 4389 Podo
1462 4316 1536 4408 lya
1573 4316 1660 4408 sita,
1696 4317 1794 4389 cuius

237 4438 363 4510 haeres
389 4435 481 4508 idem
516 4435 710 4509 Stanislaus
751 4436 1099 4530 Thanczynshy.
1143 4437 1185 4509 In
1212 4458 1281 4529 qua
1307 4442 1388 4510 sunt
1423 4438 1516 4510 lanei
1547 4438 1791 4528 cmethonales‚

238 4558 436 4650 dequibus
472 4557 620 4630 solvitur
655 4557 790 4630 decima
824 4559 1052 4650 manipularis
1088 4564 1124 4630 et
1150 4559 1326 4650 canapalis
1361 4559 1523 4651 episcopo
1559 4557 1792 4650 Oracoviensi,

239 4685 277 4752 et
301 4679 401 4752 valor
427 4679 501 4752 eius
529 4679 734 4752 aestimatur
760 4679 804 4752 ad
832 4685 982 4772 quatuor
1007 4700 1152 4752 marcas.
1191 4681 1282 4753 Item
1307 4685 1364 4753 est
1388 4681 1438 4753 ibi
1465 4681 1634 4771 scoltetia,
1660 4681 1794 4754 habens

240 4801 327 4874 duos
354 4801 492 4892 laneos,
519 4800 562 4873 de
589 4801 714 4892 quihus
741 4801 891 4874 decimat
917 4801 1082 4874 ecclesiae
1110 4802 1147 4872 in
1173 4801 1399 4894 Podolye,
1438 4802 1536 4875 cuius
1563 4801 1663 4874 valor
1689 4803 1794 4875 aesti-

240 4927 356 4999 matur
383 4921 428 4994 ad
453 4941 558 4994 unam
584 4941 745 4994 marcam.
789 4922 878 4997 Item
905 4921 1021 4994 estin
1050 4921 1171 4996 eadem
1198 4923 1283 4995 villa
1316 4943 1405 4996 nnus
1431 4921 1554 4996 laneus
1583 4922 1724 5014 plebani
1750 4922 1794 4995 de

240 5043 467 5136 Podolye,
502 5042 546 5116 de
574 5063 641 5136 quo
678 5043 746 5116 sibi
777 5065 841 5136 pro
869 5063 975 5118 censu
1009 5044 1156 5118 solvitur
1190 5066 1260 5117 una
1294 5065 1412 5117 marca
1438 5050 1475 5117 et
1500 5041 1659 5144 laboratl'
1677 5065 1795 5117 omnes

240 5165 382 5239 labores
409 5171 446 5238 et
463 5162 658 5260 powobom

344 5283 522 5376 Gnonnn,
558 5285 642 5359 villa
668 5285 732 5358 sub
758 5287 924 5378 parochia
950 5287 993 5360 de
1026 5286 1235 5379 Podolye
1271 5286 1356 5378 sita,
1392 5287 1489 5359 cuius
1521 5285 1720 5378 proprietas
1747 5286 1793 5359 ad
1897 5303 1902 5311 ·

239 5409 374 5482 nobiles
401 5405 573 5479 dedomo
593 5461 734 5480 ......
759 5407 801 5481 In
829 5429 899 5500 qua
925 5413 1007 5482 sunt
1032 5409 1125 5480 lanei
1152 5407 1397 5499 cmethonales‚
1424 5407 1467 5479 de
1494 5408 1619 5499 quibus
1647 5407 1804 5512 solvitur

238 5537 274 5602 ct
300 5528 509 5602 conducitur
535 5527 669 5601 decima
694 5529 919 5623 manipularis
946 5529 1094 5622 plebano
1122 5529 1159 5602 in
1184 5528 1409 5622 Podolye,
1441 5533 1477 5601 et
1503 5529 1546 5600 de
1573 5529 1668 5620 agris
1694 5549 1796 5621 prae·

238 5651 388 5724 dialibus
416 5649 528 5723 eidem
555 5650 755 5724 decimatur.
798 5651 887 5724 Item
912 5651 1081 5725 haeredes
1117 5645 1272 5724 eiusdem
1298 5650 1400 5723 villae
1437 5650 1659 5724 contulerunt
1688 5673 1795 5725 unum
1873 5751 1877 5757 ἱ

245 5773 386 5852 laneum
413 5771 451 5848 in
477 5769 704 5867 Psecade,
739 5772 904 5852 ecclesiae
943 5773 979 5852 iu
1005 5771 1219 5873 Podolye.
1262 5771 1448 5854 haedde
1474 5777 1590 5852 autem
1616 5772 1701 5848 villa
1727 5773 1798 5849 sita
