4550 6600
491 758 588 831 5741

489 956 613 1053 quibus
641 961 788 1035 solvitur
815 960 948 1035 decima
974 963 1200 1054 manipularis
1227 964 1339 1036 eidem
1366 966 1585 1056 monasterio,
1603 967 1701 1039 cuius
1719 965 1818 1065 'valor
1836 966 2039 1039 aestimatur

489 1084 534 1156 ad
561 1090 710 1174 quatuor
736 1103 880 1154 mareas.
907 1083 995 1155 Item
1022 1090 1076 1155 est
1103 1085 1152 1155 ihi
1178 1085 1358 1174 praedium
1385 1087 1605 1177 coenobiale,
1632 1087 1675 1158 de
1701 1088 1799 1157 cuins
1826 1088 1924 1177 agris
1951 1085 2039 1157 dcci-

488 1207 601 1275 matur
628 1203 793 1275 ecclesiae
812 1204 847 1275 iu
866 1202 941 1275 Sol
952 1224 970 1275 e
981 1224 1035 1286 cz.
1062 1204 1152 1275 Item
1168 1205 1315 1277 taberna
1331 1205 1463 1280 habeus
1481 1226 1636 1297 agros...
1650 1207 1739 1279 Item
1757 1213 1813 1279 est
1830 1208 1880 1277 ihi
1899 1227 2040 1297 campus

489 1329 570 1415 post
604 1323 800 1414 Vislam,
828 1324 870 1395 de
906 1346 974 1415 quo
1011 1345 1131 1420 campo
1158 1325 1339 1397 alternatis
1365 1326 1499 1399 uicibus
1525 1328 1717 1401 decimatur
1742 1348 1807 1419 pro
1834 1328 2040 1399 eeclesiaiu

433 1467 437 1474 ·
489 1444 691 1535 Solyecz,
718 1450 754 1515 et
780 1464 844 1534 pro
871 1446 1082 1516 monasterio
1109 1442 1269 1516 Sanctae
1285 1444 1417 1517 Crucis.
1453 1528 1455 1531 y
1553 1435 1556 1440 ’
1667 1515 1670 1526 ,

591 1562 744 1653 Jawoa,
771 1563 855 1635 villa
890 1564 952 1635 suh
988 1564 1154 1655 parochia
1189 1564 1233 1636 de
1268 1564 1461 1657 Grampa
1486 1568 1573 1658 sita,
1600 1568 1698 1639 cuius
1723 1568 1850 1639 haeres
1876 1566 2039 1637 Nicolaus

492 1681 673 1774 Gzaylca
708 1682 751 1754 de
786 1684 892 1755 armis
927 1684 1138 1756 Damlsno.
1178 1685 1219 1756 In
1246 1706 1315 1777 qua
1340 1692 1423 1757 sunt
1448 1686 1542 1759 lanei
1567 1688 1818 1779 cmethouales,
1845 1687 1890 1759 de
1918 1687 2040 1776 quibus

491 1802 650 1875 omnihus
677 1803 810 1875 decima
835 1804 1061 1895 manipularis
1088 1810 1124 1876 et
1150 1806 1325 1895 canapalis
1343 1827 1407 1895 pro
1426 1806 1572 1879 ecclesia
1589 1815 1626 1881 et
1643 1810 1790 1899 plebano
1808 1808 1845 1879 in
1864 1807 2042 1897 Solyecz,

491 1931 528 1996 et
553 1925 652 1997 valor
678 1925 752 1997 eius
780 1924 1053 1997 aestimaturus
1072 1926 1336 2014 quatuordecim
1354 1945 1498 1998 marcas.
1525 1928 1612 1999 Item
1629 1928 1810 2019 praedium
1827 1948 1936 1999 unum
1953 1926 2041 1997 mili-

490 2052 576 2137 tare,
604 2046 646 2117 de
674 2065 741 2137 quo
768 2045 960 2116 decimatur
986 2044 1152 2116 ecclesiae
1178 2046 1215 2116 iu
1241 2045 1450 2137 Krampa,
1477 2048 1575 2121 cuius
1601 2050 1701 2121 valor
1726 2049 1771 2121 ad
1796 2056 1872 2121 tres
1898 2066 2041 2119 marcas

594 2164 925 2255 Wrazcuowrsrrn,
951 2166 1035 2237 villa
1071 2167 1136 2239 sub
1172 2167 1339 2257 parochia
1375 2167 1418 2239 de
1453 2167 1648 2260 Grampa
1681 2171 1765 2262 sita,
1791 2172 1892 2241 cuius
1919 2170 2041 2241 haeres

491 2286 668 2359 lohannes
694 2285 871 2378 praefatus
907 2285 1087 2378 Gzayka
1113 2286 1156 2359 de
1184 2288 1290 2358 aruris
1317 2288 1528 2362 Dambno.
1562 2291 1603 2363 In
1630 2308 1700 2382 qna
1725 2296 1808 2364 suut
1831 2291 1925 2361 lanei
1951 2310 2039 2359 eme·

490 2408 659 2499 thonales,
687 2407 737 2483 de¹
756 2408 880 2499 quihus
906 2408 1054 2481 solvitur
1079 2410 1305 2500 manipularis
1332 2409 1466 2483 decimu
1482 2412 1648 2483 ecclesiae
1666 2413 1703 2483 in
1721 2412 1797 2483 Sol
1806 2431 1928 2504 pecz,
1944 2412 2040 2480 cuius

492 2528 591 2600 valor
617 2529 661 2601 ad
688 2528 948 2619 quatuordecim
973 2548 1118 2603 marcae.
1145 2531 1232 2603 Item
1259 2553 1328 2603 nou
1355 2538 1411 2605 est
1436 2533 1485 2604 ihi
1511 2533 1701 2624 praedium,
1728 2553 1797 2605 non
1815 2531 2041 2617 hortulaniae,

493 2670 604 2739 neque
630 2651 807 2723 tabernae.
1749 2710 1756 2722 .

596 2769 808 2861 Sonornnn,
835 2771 917 2875 villa
944 2773 979 2842 in
1008 2792 1075 2862 qua
1102 2777 1157 2845 est
1182 2773 1391 2862 parochialis
1417 2774 1572 2865 ecclesia,
1599 2773 1705 2847 Sanct
1723 2828 1732 2843 .
1750 2828 1758 2844 .
1776 2828 1784 2843 .
1802 2773 1929 2861 dicata,
1948 2773 2041 2845 cuius

496 2890 693 2963 haereditas
720 2892 765 2963 ad
792 2893 1047 2965 serenissimum
1074 2893 1239 2966 Poloniaa
1265 2916 1383 2985 regem
1410 2897 1572 2985 pertinet
1599 2896 1640 2967 In
1658 2915 1728 2986 qna
1744 2900 1826 2967 sunt
1842 2895 1938 2965 lanei
1957 2914 2043 2965 eme·

496 3012 672 3103 thonales,
699 3011 742 3083 de
756 3046 763 3053 ·
778 3014 902 3103 quibus
929 3013 1077 3086 solvitur
1103 3013 1236 3085 decima
1260 3015 1489 3106 manipularis
1515 3016 1681 3089 ecclesiae
1707 3018 1743 3087 iu
1770 3014 1984 3115 Solyecz,
2008 3019 2043 3084 et

493 3134 592 3205 valor
618 3134 692 3205 eius
720 3133 765 3205 ad
792 3133 1022 3223 quadraginta
1048 3156 1191 3209 marcas.
1217 3136 1306 3207 Item
1324 3142 1379 3209 est
1396 3158 1502 3209 nuum
1521 3136 1701 3227 praedium
1718 3138 1864 3226 regium,
1882 3137 1927 3206 de
1945 3137 2040 3205 cuius

494 3256 587 3344 agris
613 3253 760 3325 solvitur
786 3254 920 3327 decima
952 3256 1178 3348 manipularis
1204 3257 1370 3330 ecclesiae
1398 3258 1434 3330 in
1462 3255 1714 3351 Schothka,
1731 3262 1768 3330 et
1785 3257 1885 3330 valor
1902 3257 1979 3329 eius
1998 3255 2039 3328 ad

493 3382 567 3446 tres
593 3395 728 3446 marcas
754 3377 966 3448 aestimatur.

597 3493 760 3587 Borean,
786 3496 870 3568 villa
896 3497 960 3570 sub
987 3495 1153 3588 parochia
1179 3493 1223 3570 de
1249 3497 1443 3590 Solyecz
1469 3501 1548 3590 sita,
1575 3500 1674 3570 cuius
1690 3497 1893 3571 haereditas
1911 3499 1957 3569 ad
1974 3519 2044 3570 me

495 3617 683 3688 hasterium
719 3617 866 3690 Sanctae
904 3616 1024 3690 Grucis
1060 3618 1192 3692 Calui
1226 3620 1406 3692 Montis
1441 3622 1601 3711 pertinet
1640 3617 1681 3690 In
1708 3641 1777 3709 qua
1802 3627 1886 3690 sunt
1912 3626 2044 3708 septem

494 3736 586 3808 lanei
612 3737 855 3828 emethonales,
881 3743 918 3810 et
944 3757 1013 3810 una
1038 3740 1187 3812 taberna
1212 3739 1344 3812 hahens
1370 3760 1483 3830 agros,
1510 3740 1553 3812 de
1575 3740 1701 3830 quihus
1719 3740 1880 3811 omnihus
1898 3739 2045 3810 solvitur

493 3857 627 3930 decima
661 3859 887 3949 manipularis
922 3865 958 3932 et
993 3861 1170 3952 canapalis
1206 3863 1369 3953 episcopo
1396 3860 1634 3953 Gracovieusi,
1661 3862 1759 3932 cuius
1786 3861 1886 3934 valor
1913 3861 1961 3931 ad
1986 3879 2044 3930 aex

494 3998 629 4066 marcas
655 3981 871 4053 aestimatur.
972 4066 978 4077 .
1361 3961 1369 3970 ’

599 4097 922 4192 Szwrnsznnrczn,
949 4101 1033 4176 villa
1067 4101 1131 4174 sub
1168 4103 1334 4192 parochia
1359 4101 1403 4174 de
1430 4100 1703 4193 Ozepyelow·
1727 4103 1815 4193 sita,
1841 4103 1942 4174 cuius
1967 4122 2046 4192 pro

496 4219 628 4308 prietes
656 4219 699 4292 ad
725 4241 841 4311 regem
877 4222 1038 4313 pertinet
1080 4222 1120 4292 In
1148 4243 1217 4313 qua
1242 4227 1325 4294 suut
1350 4222 1442 4294 lanei
1467 4217 1711 4313 emethonales,
1729 4223 1772 4294 de
1798 4224 1927 4313 quibus
1954 4222 2044 4292 deci-

495 4344 611 4410 matur
637 4343 846 4414 monasterio
874 4341 1020 4415 Sanctae
1048 4340 1170 4415 Crucis
1195 4341 1328 4416 Calvi
1354 4342 1537 4435 Montis,
1563 4351 1600 4416 et
1626 4345 1724 4416 valor
1750 4344 1899 4416 eiusad
1927 4344 2044 4414 dorem

496 4481 650 4552 marcas3
678 4462 720 4536 de
747 4468 846 4536 sexto
874 4469 990 4536 antem
1017 4465 1117 4535 laneo
1145 4445 1338 4536 decimatur
1356 4516 1364 4532 .
1382 4519 1390 4535 .
1409 4517 1417 4535 .
1435 4519 1444 4535 .
1461 4465 1552 4536 ltem
1578 4465 1627 4538 ibi
1652 4485 1759 4536 unum
1784 4464 1978 4556 praedium,
2003 4445 2046 4535 de

497 4585 594 4656 cuius
621 4585 715 4674 agris
741 4581 934 4656 decimatur
960 4585 1124 4657 ecclesiae
1152 4585 1188 4656 in
1214 4584 1419 4677 Solyecz.

602 4703 869 4796 Jsauourrsow,
897 4707 981 4778 villa
1006 4707 1071 4780 suh
1098 4705 1266 4796 parochia
1290 4705 1334 4776 de
1361 4705 1600 4780 Chothcaa
1625 4707 1704 4798 sita,
1731 4707 1829 4778 cuius
1847 4707 2045 4796 proprietas

496 4825 540 4896 ad
567 4826 824 4898 serenissimum
850 4846 967 4918 regem
994 4829 1155 4918 pertinet.
1181 4827 1222 4898 In
1242 4845 1317 4931 ¹qua
1343 4833 1425 4900 suut
1450 4828 1543 4900 lanei
1569 4828 1820 4917 emethouales,
1847 4827 1892 4898 de
1920 4829 2045 4918 quihus

460 4933 465 4938 ’
497 4946 630 5018 decima
647 5001 655 5018 .
674 5001 681 5018 .
701 4999 708 5018 .
726 4932 813 5020 Item
841 4953 896 5020 est
922 4948 971 5020 ibi
997 4949 1178 5039 praedium
1204 4949 1348 5039 regium,
1374 4949 1418 5021 de
1440 4949 1539 5022 cuius
1555 4951 1650 5040 agris
1667 4949 1861 5022 decimatur
1879 4949 2046 5020 ecclesiae

497 5067 531 5137 in
560 5066 762 5159 Solyecz.

1041 5273 1043 5277 Α
1187 5189 1357 5263 (1101111.

600 5306 695 5382 Villa
722 5309 853 5382 hahens
880 5309 915 5382 in
942 5331 979 5383 sa
1006 5310 1187 5382 ecclesiam
1214 5308 1446 5401 parochialem
1472 5311 1636 5402 ligneam,
1661 5309 1791 5384 Sancto
1817 5310 1926 5383 Petro
1953 5311 2045 5401 apo-

371 5435 378 5444 '
499 5427 591 5500 stolo
618 5407 777 5521 dicatam,
804 5432 901 5504 cuius
927 5432 1051 5504 haeres
1078 5430 1205 5504 Petrus
1232 5427 1490 5530 Thabor,]et
1506 5430 1725 5504 Osszwaldus
1742 5431 1786 5503 de
1803 5431 1907 5503 domo
1926 5431 2047 5502 Dam-

498 5550 593 5621 bno.
619 5550 660 5620 In
687 5571 755 5640 qua
781 5558 862 5622 sunt
888 5552 978 5624 lanei
1004 5553 1248 5645 amathonales,
1274 5553 1317 5624 de
1344 5535 1481 5643 quibus
1496 5552 1644 5625 solvitur
1661 5559 1706 5624 et
1731 5553 1939 5624 conducitur
1956 5553 2043 5623 deci-

498 5689 555 5740 ma
581 5671 805 5760 manipularis
840 5678 876 5742 et
902 5675 1095 5765 cauapalis,
1121 5695 1186 5765 pro
1212 5674 1421 5748 ecclesisis
1447 5672 1655 5764 Krampa
1693 5674 1782 5746 Item
1807 5675 1880 5746 tria
1905 5673 2045 5764 praedit
