4550 6600
1744 730 1819 864 lta

260 968 387 1073 quibus
416 985 583 1073 plebanus
620 984 662 1055 de
681 984 964 1059 lllislimicze
991 989 1080 1059 liber
1107 995 1162 1059 est
1187 1012 1209 1060 a
1235 997 1386 1063 metreta
1411 995 1610 1065 molendini.
1650 997 1818 1069 1166661
1870 1073 1876 1077 ,

259 1106 309 1175 ibi
336 1106 536 1177 theloneum
572 1106 623 1181 ed¹
643 1107 867 1177 castellanum
905 1108 1169 1181 cracoviensem
1196 1114 1388 1201 pertinere,
1420 1115 1463 1185 de
1490 1136 1557 1205 quo
1585 1116 1752 1204 plebanus
1779 1120 1816 1189 in

261 1226 542 1297 Mislimicze
569 1228 717 1316 percipit
755 1248 818 1317 pro
847 1230 1058 1319 quibuslibet
1087 1238 1237 1321 quatuor
1262 1235 1478 1322 temporibus
1505 1258 1611 1306 unam
1638 1237 1816 1308 florenum.
1852 1224 1858 1231 ’

258 1346 348 1416 1166
385 1353 439 1418 661
474 1348 523 1418 ibi
551 1348 586 1418 16
614 1347 733 1418 eodem
769 1350 896 1439 oppido
932 1352 967 1421 in
996 1372 1116 1441 campo
1152 1353 1298 1424 ecclesia
1333 1342 1466 1444 lignea,
1503 1358 1629 1427 matrix
1651 1356 1816 1430 'recenter

258 1474 428 1557 muratae,
456 1468 491 1539 in
518 1469 683 1540 honorem
713 1468 859 1540 Sanctae
886 1471 1021 1542 lllariee
1048 1474 1162 1555 etiam
1181 1474 1312 1563 dicata,
1341 1496 1429 1564 quae
1457 1478 1594 1547 nonnisi
1620 1476 1754 1550 festivis
1781 1486 1818 1550 et
1905 1505 1909 1519 ·

233 1588 443 1661 .dominicis
471 1590 592 1680 diebus
622 1590 802 1661 officiatur.
848 1590 944 1661 'lare
971 1594 1137 1663 eeclesiae
1165 1595 1315 1685 quinque
1342 1617 1544 1667 marcarum.

366 1710 500 1780 Dourvn
520 1730 660 1799 vvvusz,
689 1712 771 1781 ville
798 1713 861 1783 sab
881 1715 1045 1801 parochia
1063 1714 1227 1785 ecclesiae
1245 1716 1289 1787 de
1307 1716 1585 1788 lllislimicze
1614 1720 1691 1809 sita,
1718 1720 1816 1790 cuius

258 1830 460 1922 proprietas
488 1832 533 1902 ad
552 1833 815 1903 castellanetam
843 1833 1104 1907 cracoviensem
1133 1838 1294 1925 pertinet.
1339 1838 1378 1908 ln
1407 1860 1475 1929 qua
1500 1844 1583 1909 sunt
1608 1840 1698 1911 lanei
1725 1861 1817 1911 666-

258 1952 439 2042 chorales,
468 1953 510 2024 (16
530 1954 654 2043 quibas
674 1954 821 2025 solvitur
839 1954 971 2025 decima
989 1957 1197 2045 pecuniariis,
1225 1958 1443 2047 praebendae
1462 1958 1701 2050 cracoviensi,
1729 1982 1816 2051 quae
1856 2048 1861 2059 ι
1951 2018 1955 2024 .

259 2080 407 2145 vocatur
433 2074 789 2165 Marchoczska‚
818 2075 861 2146 (16
888 2076 1043 2166 quolibet
1070 2077 1171 2148 laneo
1198 2099 1261 2167 per

369 2196 618 2284 Bonznsrrm,
656 2196 828 2268 villasab
855 2198 1020 2287 parochia
1047 2198 1089 2269 de
1116 2198 1398 2270 Mislimicze
1424 2201 1510 2290 sita,
1537 2202 1634 2272 66166
1661 2203 1818 2292 proprie·
1894 2292 1897 2297 Ι

223 2322 316 2423 ‘tas
344 2316 387 2385 ad
413 2316 673 2387 castellanetam
700 2315 964 2388 cracoviensem
991 2319 1150 2408 pertinet.
1190 2320 1319 2410 laque
1346 2326 1426 2390 sunt
1452 2321 1544 2391 lanei
1571 2323 1815 2412 cmetlroueleS,

258 2437 305 2507 de
324 2437 482 2527 quolibet
518 2437 700 2509 solvuntur
726 2458 790 2529 pro
819 2438 950 2510 decime
1093 2441 1312 2529 praebendae
1339 2440 1573 2531 cracoviensi,
1601 2464 1690 2532 quae
1714 2464 1816 2514 voca-

258 2564 321 2629 tur
347 2556 606 2629 Marchoczska.
645 2652 648 2660 Ι

365 2679 593 2769 Perverse,
620 2680 704 2750 ville
730 2682 794 2751 sub
813 2682 978 2770 parochia
1014 2682 1056 2752 de
1075 2682 1351 2761 lltislimicze
1377 2684 1465 2773 site,
1493 2684 1599 2760 caius.
1617 2684 1815 2773 proprietas

259 2802 306 2871 ad
334 2800 597 2871 castellanetam
626 2800 888 2873 cracoviensem
915 2804 1076 2891 pertinet.
1116 2804 1156 2873 In
1185 2825 1253 2893 qua
1279 2810 1360 2875 sunt
1387 2805 1478 2874 lanei
1506 2804 1752 2895 (6611666166,
1780 2811 1816 2875 61

257 2922 406 3012 quilibet
432 2923 568 2994 cmetho
604 2922 646 2993 de
674 2922 773 2994 laneo
802 2923 905 2993 solvit
940 2945 1004 3013 pro
1032 2924 1166 2995 decime
1196 2925 1416 3015 praebendae
1451 2924 1673 3000 cmcoviensi
1700 2926 1814 2996 dictae

261 3043 515 3115 Marchoczslra
542 3096 683 3113 ......

367 3166 539 3253 Bassaris,
566 3164 650 3235 villa
669 3166 731 3235 sub
750 3166 916 3255 parochie
943 3166 1108 3236 eeclesiae
1136 3166 1180 3236 de
1198 3166 1482 3237 Mislimicze
1510 3168 1593 3255 sita,
1621 3168 1817 3256 66166666-

259 3288 393 3378 prietas
420 3285 464 3358 ad
491 3286 753 3358 castellanetam
781 3284 1043 3359 cracoviensem
1071 3288 1232 3377 pertinet.
1272 3288 1314 3358 16
1341 3310 1411 3377 que
1436 3293 1518 3359 sant
1544 3288 1636 3358 lanei
1663 3289 1816 3360 emetha-

261 3409 377 3498 nales,
398 3408 440 3481 de
456 3409 579 3499 quibas
594 3409 741 3480 solvitur
760 3408 893 3480 decime
906 3410 1097 3499 pecunialis
1112 3409 1155 3480 de
1170 3410 1326 3500 quolibet
1344 3410 1443 3481 laneo
1462 3431 1526 3500 pro
1620 3409 1819 3499 praebenda

259 3529 484 3603 cracoviensi
511 3530 604 3600 (11616
631 3527 838 3600 Gonowslra.

366 3651 563 3741 1166666666,
584 3651 689 3721 ville·
724 3652 788 3723 sab
815 3651 981 3741 parochia
1017 3651 1184 3722 ecclesiae
1222 3651 1265 3721 de
1291 3650 1329 3720 M
1340 3652 1574 3721 islimicze
1611 3652 1702 3740 6116,
1720 3652 1817 3721 caius

258 3773 458 3864 proprietas
485 3772 529 3842 ad
556 3773 818 3843 castellanetam
846 3771 1107 3843 Craeoviensem
1137 3773 1298 3861 pertinet.
1337 3772 1378 3841 16
1406 3793 1475 3862 qua
1501 3778 1583 3842 sant
1609 3772 1700 3842 lanei
1726 3793 1817 3842 666-

259 3895 442 3983 116666166,
470 3900 506 3964 61
524 3893 567 3964 (16
587 3894 741 3984 quolibet
760 3894 906 3983 quilibet
923 3893 1059 3965 cmetho
1078 3899 1219 3964 tenetur
1236 3893 1371 3964 solvere
1389 3914 1454 3982 pro
1472 3891 1607 3962 decima
1670 3946 1676 3961 .
1693 3947 1700 3961 .
1718 3912 1817 3982 prae-

258 4017 395 4088 bendae
423 4015 653 4105 cracoviensi,
681 4035 767 4105 quae
796 4019 939 4086 vocetur
966 4013 1172 4085 Gonouslre

367 4135 519 4226 canan,
547 4137 629 4206 villa
648 4137 711 4208 sub
730 4135 1088 4226 parochiaecclesiae
1116 4135 1159 4206 (16
1186 4135 1471 4206 lllislimicze
1499 4135 1584 4223 sita,
1612 4135 1709 4205 cuias
1737 4156 1816 4224 pro-

259 4261 393 4351 prietas
420 4259 463 4330 ed
490 4258 753 4330 castellanetam
781 4256 1044 4328 cracoviensem
1071 4259 1233 4347 pertinet.
1274 4258 1314 4327 In
1342 4278 1411 4347 qua
1436 4262 1518 4327 sunt
1545 4256 1637 4326 lanei
1664 4257 1817 4327 6661166-

259 4382 369 4470 66166,
398 4380 441 4451 (16
461 4381 585 4470 qaibus
604 4380 752 4450 solvitur
779 4379 914 4450 decima
931 4380 1120 4468 pecunialis
1139 4379 1359 4470 praebendae
1378 4376 1600 4449 cracoviensi
1621 4378 1817 4448 nominatae

260 4501 469 4591 Gonowska,
498 4487 540 4572 de
567 4501 723 4591 quolibet
748 4501 849 4571 laneo
877 4521 940 4590 per
967 4553 1081 4570 .....
1563 4495 1566 4501 ’

368 4622 533 4710 creone,
560 4622 643 4692 villa
670 4623 734 4692 sab
752 4621 919 4711 parochia
946 4621 988 4691 dc
1015 4621 1294 4692 Mislimicze
1321 4621 1406 4710 6116,
1434 4621 1530 4690 66166
1549 4620 1745 4708 proprietas
1773 4619 1817 4689 ed

265 4743 531 4816 castellanetam
559 4742 820 4813 cracoviensem
849 4743 1009 4832 pertinet.
1048 4743 1088 4816 Iu
1116 4748 1292 4832 quasunt
1318 4741 1409 4812 16661
1436 4741 1687 4830 (6611666166,
1714 4739 1819 4810 etde

133 4953 141 4970 ⁸
261 4845 420 4956 quolibet
446 4865 592 4936 solvitur
618 4886 682 4954 pro
709 4863 841 4934 decima
868 4917 1008 4934 ......
1864 4953 1867 4961 Ι

368 4986 640 5076 Pnssmrrscrrr,
679 4985 762 5056 villa
797 4986 860 5056 sub
897 4986 1061 5075 parochia
1097 4985 1263 5056 ecclesiae
1299 4985 1342 5054 de
1369 5005 1530 5073 magna
1556 4983 1819 5053 Kazimirza
1904 4988 1912 5006 '

261 5112 341 5181 sita.
377 5108 418 5178 ln
445 5122 514 5197 qua
541 5113 621 5178 sunt
647 5107 738 5177 lanei
766 5107 1018 5196 emethoneleS,
1046 5108 1129 5177 item
1156 5105 1304 5177 taberna
1330 5127 1400 5175 una
1426 5106 1557 5176 habens
1585 5125 1707 5194 agroS,
1735 5105 1818 5175 item

259 5227 501 5318 hortalaniao,
538 5229 580 5300 de
608 5230 732 5318 quibas
768 5229 926 5300 omnibus
954 5229 1102 5300 solvitur
1137 5234 1174 5298 et
1200 5227 1405 5298 conducitur
1431 5227 1566 5297 decima
1592 5226 1818 5314 manipularis

260 5359 299 5424 61
326 5349 503 5439 canapalis
539 5371 603 5439 pro
630 5350 775 5420 ecclesia
814 5351 849 5419 in
876 5349 1180 5438 Mislimicze‚
1222 5355 1258 5419 61
1286 5349 1383 5419 valor
1418 5348 1492 5419 eias
1529 5348 1735 5418 aestimetur
1773 5347 1818 5418 ad

262 5474 384 5546 decern
411 5491 556 5541 merces.

370 5591 576 5678 Praebeada
601 5590 729 5664 ibidem
756 5591 792 5662 in
811 5591 977 5663 honorem
1004 5589 1122 5661 Sancti
1150 5589 1314 5660 Stanislai
1340 5589 1464 5679 dicata,
1492 5590 1589 5660 caius
1607 5589 1820 5680 praebende-

267 5715 344 5808 rivs
389 5710 776 5826 1616661616,
820 5713 917 5805 cuius
953 5717 1119 5824 patronus.
1159 5711 1349 5801 advocatus
1364 5812 1372 5822 ‘
1387 5710 1673 5797 1161666666.
1730 5711 1819 5790 aea
