4550 6600
435 711 479 790 18

532 925 675 1016 Capella
710 925 915 998 Sanctorum
950 922 1124 998 Matthaei
1153 931 1190 997 et
1215 920 1389 997 Matthiae
1424 920 1673 1015 Apostolorum
1709 919 1835 997 honori
1861 917 1985 1013 dicata,

426 1054 463 1122 et
489 1069 552 1138 per
582 1046 792 1118 Stanislaum
828 1048 918 1138 Rey
954 1048 996 1118 de
1032 1048 1286 1139 Kobylanp,
1323 1054 1407 1118 tunc
1440 1047 1625 1136 plebanum
1660 1045 1781 1118 Sancti
1817 1045 1987 1136 Stephani

426 1189 525 1240 muro
552 1167 737 1259 fabricata,
767 1169 863 1240 cuius
891 1175 927 1240 61
954 1169 1074 1240 6116116
1093 1170 1129 1240 11
1148 1189 1190 1240 66
1209 1169 1430 1240 consistentis
1454 1174 1624 1258 patronus
1651 1167 1833 1258 episcopus
1860 1165 1987 1238 Greco-

426 1291 556 1362 uiensis
582 1312 646 1380 pro
675 1296 850 1381 tempore,
887 1291 979 1381 quod
1006 1291 1115 1361 altare
1143 1290 1251 1361 habet
1278 1289 1540 1380 quatuordecim
1567 1309 1702 1360 marcas
1729 1289 1836 1360 annui
1862 1307 1987 1358 census

307 1491 309 1498 χ
429 1411 467 1481 11
493 1412 578 1482 uilla
604 1412 984 1501 Dobyeslawicze
1004 1412 1067 1483 sub
1094 1413 1260 1502 parochia
1287 1411 1330 1482 de
1349 1466 1356 1481 .
1376 1465 1383 1482 .
1402 1465 1428 1500 .,
1447 1412 1506 1501 qui
1533 1431 1656 1482 census
1682 1431 1746 1501 per
1772 1409 2018 1482 Stanislaum‘

428 1531 521 1623 Rey
547 1531 760 1623 praefatum,
789 1539 825 1604 et
851 1554 931 1604 suas
958 1533 1141 1623 pecunias,
1173 1539 1209 1604 61
1236 1553 1317 1634 snos
1344 1539 1566 1623 executores,
1602 1531 1797 1603 Johannem
1824 1531 1986 1602 videlicet

303 1662 309 1673 '
428 1651 731 1744 Rzeschowslry
748 1655 949 1724 canonicum
968 1652 1241 1743 Crotoniensem,
1260 1652 1469 1724 Stanislaum
1489 1654 1582 1744 Rey
1599 1653 1783 1743 plebanum
1801 1653 1837 1722 in
1855 1651 1985 1723 Prae

428 1775 599 1865 makow
646 1774 864 1846 decretorum
914 1776 1109 1866 doctorem,
1157 1781 1192 1846 61
1235 1775 1444 1846 Stanislanm
1481 1775 1524 1846 de
1561 1774 1776 1864 Sczeglin
1820 1773 1988 1843 vicarium

427 1902 632 1986 perpetuum
660 1895 940 1986 cracoviensem,
977 1918 1040 1988 pro
1068 1897 1226 1967 ducentis
1254 1896 1504 1987 quinquaginta
1528 1897 1655 1967 marcis
1683 1896 1775 1985 apud
1801 1893 1985 1967 Nicolaum

428 2015 702 2107 Buczynsky
727 2017 913 2088 haeredem
940 2017 1043 2088 villae
1070 2017 1472 2109 Dobyeslawicze,
1500 2016 1669 2089 Oasimiro
1695 2016 1802 2086 tertio
1820 2015 1986 2086 Poloniae

428 2157 511 2227 rege
537 2137 725 2208 libertante
753 2143 788 2208 et
815 2115 1071 2228 consentiente,
1099 2145 1234 2228 emptus
1263 2143 1325 2209 661
1356 2137 1404 2208 Ε1
1429 2138 1536 2208 habet
1563 2157 1650 2208 onus
1676 2136 1815 2227 legendi
1841 2135 2010 2225 singulis.

429 2258 630 2347 septimanis
660 2260 695 2328 in
722 2257 880 2348 praefata
907 2259 1040 2348 capella
1058 2266 1094 2330 61
1112 2261 1186 2330 eius
1206 2259 1309 2330 altari
1336 2265 1409 2330 tres
1436 2260 1577 2349 misses,
1601 2279 1704 2329 unam
1731 2257 1787 2328 die
1813 2257 1987 2328 dominica

431 2378 474 2449 de
502 2377 682 2469 Apostolis
710 2381 868 2469 patronis
896 2379 1077 2451 Matthaeo
1114 2381 1275 2451 videlicet
1301 2385 1336 2451 et
1362 2380 1542 2470 Matthia,
1570 2380 1716 2450 alteram
1743 2377 1914 2451 sabbatho
1941 2376 1985 2448 de

431 2499 543 2570 Beata
568 2499 734 2590 Virgine,
761 2499 1395 2592 1611666166161116616161116116,
1424 2507 1460 2572 61
1479 2502 1658 2591 signanter
1683 2499 1842 2591 praefato
1869 2497 1986 2569 Steni-

431 2619 505 2691 slao
532 2620 626 2712 Rey
652 2619 858 2693 fundatore:

534 2740 657 2812 Altare
685 2741 889 2814 Sanctorum
916 2743 1014 2815 Petri
1041 2749 1077 2814 61
1104 2743 1205 2815 Pauli
1233 2743 1482 2834 Apostolorum
1510 2744 1545 2813 in
1573 2742 1718 2814 ecclesia
1749 2739 1782 2812 S.
1808 2739 1987 2831 Stephani,

432 2882 530 2934 secus
567 2863 759 2935 sacrarium
795 2865 830 2935 in
858 2865 984 2954 angulo
1021 2865 1258 2953 meridionali,
1294 2866 1390 2935 caius
1427 2863 1587 2934 altarista
1623 2869 1676 2934 est
1712 2863 1906 2934 Stanislaus
1942 2861 1987 2932 de
2034 2919 2039 2935 ,

428 2983 592 3073 Sczegl
604 2985 615 3054 i
627 3007 668 3074 n,
696 2985 793 3055 cuius
812 2983 1006 3054 Stanislaus
1023 2983 1148 3055 Durn
1161 2985 1206 3055 ik
1233 2985 1317 3055 civis
1336 2985 1574 3055 Cracoviensis
1593 2989 1629 3055 et
1647 2984 1701 3055 sui
1719 2983 1987 3074 propinquiores

428 3109 510 3174 sunt
535 3104 685 3193 patroni.
712 3104 761 3174 Et
787 3105 894 3175 habet
920 3124 1044 3175 novem
1071 3125 1207 3176 marcas
1234 3127 1297 3196 pro
1317 3127 1431 3176 annuo
1459 3126 1564 3177 censu
1591 3105 1635 3176 dc
1658 3111 1808 3195 quatuor
1834 3104 1987 3195 piscinis,

429 3243 516 3313 qnae
542 3229 712 3294 vocantur
739 3223 1074 3315 Szwidniczar,
1102 3225 1195 3296 circa
1222 3247 1307 3317 quas
1334 3232 1388 3297 est
1413 3227 1536 3299 hortus
1555 3233 1590 3299 et
1609 3228 1731 3299 domus
1758 3231 1795 3297 61
1820 3226 1982 3297 balneum

428 3345 600 3435 61111116,
628 3346 671 3417 de
691 3346 815 3435 quibus
835 3346 993 3419 omnibns
1011 3346 1034 3418 J
1037 3346 1190 3418 ohannes
1218 3347 1446 3419 Glethnar
1471 3351 1558 3420 civis
1576 3348 1815 3420 Cracoviensis
1833 3347 1986 3419 tenendo

428 3485 479 3555 ea,
505 3466 609 3537 solvit
636 3466 740 3537 altari
766 3466 925 3557 praefato
953 3468 1098 3558 singulis
1125 3470 1225 3539 annis
1260 3491 1383 3541 novem
1411 3492 1546 3541 marcas
1581 3492 1647 3561 pro
1674 3492 1797 3559 censu,
1833 3468 1892 3559 qni
1917 3490 1984 3559 pro

427 3587 594 3658 trecentis
622 3587 734 3659 minus
762 3588 886 3679 viginti
912 3588 1062 3681 florenis,
1091 3589 1133 3660 de
1161 3591 1316 3679 pecuniis
1344 3591 1385 3661 N.
1412 3591 1646 3663 Hirsberlr
1672 3591 1876 3663 mercatoris
1898 3588 1986 3660 (lra-

427 3707 605 3799 coviensis,
634 3709 678 3780 ad
704 3708 942 3781 fundationem
968 3712 1167 3783 huiusmodi
1196 3712 1319 3783 altaris
1346 3718 1482 3803 emptus
1502 3718 1565 3802 est,
1593 3712 1752 3782 altarista
1779 3711 1987 3781 661611611-

425 3828 516 3917 gulis
544 3830 745 3919 septimanis
773 3837 913 3902 tenetur
939 3831 1026 3904 duas
1044 3834 1168 3904 missas
1195 3854 1259 3924 pro
1279 3832 1450 3905 defunctis
1478 3841 1514 3905 61
1541 3835 1721 3924 signanter
1748 3854 1812 3925 pro
1831 3831 1985 3923 praelati

427 3947 664 4021 Hirsberlr
691 3951 815 4043 anima,
841 3952 968 4043 legere.

586 4334 776 4417 Ecclesia
810 4334 993 4418 Sanctae
1028 4334 1188 4417 Mariae
1222 4336 1497 4442 Magdalenae
1532 4340 1571 4417 in
1604 4336 1826 4421 cracovia.

529 4558 687 4630 Ecclesia
713 4557 870 4649 praelata
898 4557 1044 4630 Sanctae
1071 4559 1208 4630 Mariae
1235 4559 1466 4651 Magdalenae
1504 4561 1604 4632 iuxta
1631 4562 1814 4652 collegium
1841 4562 1985 4633 1111616-

426 4700 502 4750 rum
530 4680 606 4771 sita,
635 4687 671 4751 et
697 4679 908 4751 monasterio
937 4681 1251 4751 sanctimonialium
1280 4680 1398 4752 Sancti
1425 4681 1589 4753 Andreae
1616 4682 1848 4773 confrontate,
1885 4684 1983 4753 cuins

426 4801 687 4889 iuspatronatus
715 4801 759 4872 ad
786 4801 972 4889 magistros
1001 4807 1037 4872 61
1064 4802 1224 4874 doctores
1251 4803 1488 4875 universitatis
1516 4804 1623 4874 studii
1649 4802 1889 4876 Oracoviensis
1913 4804 1984 4874 col-

426 4920 510 5010 legii
537 4922 741 4993 artistarum
769 4922 931 5012 pertinet,
959 4922 1018 5013 qui
1045 4922 1115 4994 illis
1135 4978 1142 4993 .
1162 4978 1169 4993 .
1189 4978 1222 4994 ..

529 5040 763 5132 Wrnczrczn,
790 5042 876 5113 villa
902 5044 1196 5132 praestimonialis
1224 5044 1366 5134 capituli
1385 5042 1635 5135 Cracoviensis,
1662 5046 1726 5117 sub
1744 5046 1911 5135 parochia
1937 5044 1983 5117 de

425 5160 606 5233 Ruscza
633 5162 718 5253 sita,
755 5162 791 5233 in
820 5182 888 5253 qua
915 5168 995 5233 snnt
1021 5163 1170 5234 sedecim
1197 5164 1290 5235 lanei
1317 5166 1568 5256 cmethonaleS,
1602 5168 1685 5237 item
1711 5167 1880 5238 tabernae
1906 5173 1982 5237 tres

425 5281 593 5352 hahentes
621 5302 733 5372 agros
761 5282 844 5353 item
872 5290 1005 5373 septem
1030 5284 1249 5355 hortulaniae
1276 5284 1444 5356 habentes
1471 5307 1583 5377 agree,
1610 5286 1653 5357 de
1681 5288 1805 5377 quibus
1833 5288 1982 5359 solvitur

426 5406 462 5471 et
489 5402 694 5473 conducitur
721 5403 855 5474 decima
881 5404 1106 5494 manipularis
1125 5411 1161 5476 et
1179 5406 1354 5495 canapalis
1372 5427 1436 5497 pro
1455 5407 1654 5496 praebenda
1672 5414 1709 5478 61
1726 5407 1981 5498 praebendario

426 5520 573 5593 Sanctae
609 5522 744 5594 Mariae
779 5523 1009 5614 Magdalenae
1046 5526 1081 5596 in
1119 5525 1367 5615 Oracovia,
1402 5530 1438 5597 61
1462 5528 1562 5599 valor
1593 5529 1668 5599 eius
1704 5530 1909 5599 aestimatur
1935 5527 1981 5599 ad

426 5640 551 5733 viginti
578 5662 723 5735 marcas3
750 5646 833 5716 item
861 5650 915 5717 est
940 5646 989 5717 ibi
1016 5646 1197 5737 praedium
1224 5647 1434 5737 capitulare,
1470 5649 1603 5739 amplos
1630 5649 1760 5721 habens
1787 5670 1899 5741 agros,
1936 5648 1981 5721 de
