4550 6600
499 754 576 873 aaa
594 780 598 787 “

291 1076 294 1087 ,
438 1056 442 1067 .
497 999 580 1068 sunt
605 996 697 1067 lanai
724 994 968 1085 cmethonaleS,
995 995 1079 1067 item
1106 995 1283 1085 tabernae,
1310 998 1393 1067 item
1420 995 1651 1085 hortulaniae,
1678 997 1722 1068 16
1749 998 1875 1088 quibus
1902 1000 2063 1072 omnibns

500 1118 647 1189 solvitur
674 1122 710 1191 et
738 1115 943 1189 conducitur
975 1116 1109 1189 decima
1135 1118 1363 1208 manipularis
1389 1124 1425 1191 et
1452 1119 1628 1208 canapalis
1653 1140 1719 1208 pro
1746 1120 1951 1212 episcopata
1977 1120 2063 1191 Gra-

496 1240 666 1329 coviensi,
702 1244 737 1310 et
764 1239 861 1313 valor
900 1239 975 1311 eius
1010 1239 1213 1311 aestimatur
1248 1239 1293 1311 ad
1319 1245 1392 1313 tres
1427 1260 1570 1313 marcas
1611 1240 1700 1313 Item
1731 1246 1786 1313 661
1812 1242 1862 1314 ibi
1902 1242 2066 1315 scoltetia

495 1362 628 1434 habens
654 1361 741 1434 duos
767 1360 895 1451 166666,
921 1361 1107 1452 dequibus
1130 1361 1323 1434 decimatur
1357 1362 1525 1435 ecclesiae
1558 1362 1601 1433 de
1627 1361 1950 1455 Wyazownicza
1977 1365 2065 1435 Item

497 1490 553 1569 est
578 1484 627 1555 ibi
654 1483 887 1555 molendinum
914 1483 1118 1574 scoltetiale,
1147 1484 1365 1573 quodannis
1392 1484 1538 1575 singulis
1564 1504 1628 1574 pro
1654 1484 1744 1557 festo
1771 1484 1929 1560 Paschae
1956 1486 2063 1557 solvit

499 1604 665 1677 ecclesiae
692 1605 727 1675 in
755 1603 1100 1695 Wyazownicza
1139 1627 1245 1677 unum
1279 1606 1422 1677 chorum
1452 1605 1586 1677 farinae
1620 1606 1789 1679 triticeae.
1920 1594 1928 1603 ’

607 1725 869 1816 8666666666,
896 1726 980 1797 villa
1005 1726 1103 1817 regia
1130 1728 1195 1799 sub
1221 1727 1389 1819 parochia
1415 1728 1459 1801 dc
1477 1726 1795 1819 Wyazownicza
1820 1730 1899 1809 sita
1925 1729 1969 1801 16
1997 1750 2065 1819 qua

498 1854 580 1921 sunt
606 1848 858 1939 quinquaginta
892 1848 983 1919 lanei
1019 1848 1270 1934 cmethonales,
1308 1850 1395 1921 item
1428 1854 1503 1921 tres
1537 1850 1706 1923 tabernae
1740 1850 1911 1923 habentes
1946 1872 2064 1941 agros

496 1972 579 2042 item
606 1970 674 2041 duo
701 1969 898 2041 molendina
924 1970 1092 2041 habentes
1119 1990 1241 2061 agree,
1268 1970 1311 2042 de
1338 1972 1464 2062 quibus
1489 1971 1649 2043 omnibus
1696 1972 1845 2045 solvitur
1870 1978 1909 2044 61
1934 1972 2066 2043 66616-

497 2092 588 2164 citur
623 2091 756 2163 decima
782 2091 1025 2181 manipularis,
1053 2097 1089 2162 61
1114 2092 1291 2182 canapalis
1326 2113 1390 2183 per
1432 2097 1583 2183 quatuor
1608 2094 1765 2183 ierugas,
1800 2098 1838 2165 et
1863 2094 1965 2166 valor
1993 2095 2067 2165 eins

498 2214 702 2287 aestimatur
729 2213 774 2285 ad
801 2214 926 2303 viginti
952 2232 1104 2304 marcac,
1139 2214 1224 2285 item
1258 2235 1329 2287 non
1355 2218 1409 2286 est
1435 2214 1484 2286 ibi
1511 2214 1711 2306 praedium,
1739 2234 1851 2307 neque
1879 2216 2063 2305 scoltetia,

498 2356 609 2427 neque
636 2334 868 2407 hortudaniae.
1416 2412 1420 2421 ¹

605 2457 718 2529 Villae
738 2457 971 2548 parochiales:
990 2456 1317 2549 Wyazownicza,
1335 2457 1622 2550 Smyerdzina,
1640 2456 1849 2551 Gzaylrom
1870 2460 2063 2533 Bulrowa

1161 2579 1403 2657 Krnnczrua.

604 2700 698 2774 Villa
732 2702 865 2774 habens
900 2702 937 2773 in
973 2722 1011 2773 66
1047 2701 1284 2792 parochialem
1319 2701 1500 2773 ecclesiam
1535 2702 1705 2793 ligneam,
1749 2701 1878 2775 Sancto
1915 2702 2064 2775 Nicolao

500 2822 699 2896 Confessori
726 2823 896 2913 dicatam,
923 2823 1020 2895 cuius
1047 2823 1216 2913 plebanus
1242 2823 1430 2895 modemns
1457 2822 1612 2895 Mathias
1630 2824 1824 2915 presbyter,
1851 2825 1950 2897 cuins
1979 2826 2063 2897 luae·

498 2946 599 3018 redes
618 2945 794 3019 Martinus
820 2944 1112 3037 Machowsky
1139 2945 1183 3016 de
1209 2944 1453 3035 Habdanlr,
1478 2944 1713 3017 1616666661
1736 2945 1892 3017 lacobus
1917 2946 2061 3019 Duros-

498 3069 684 3159 sziczsky
712 3067 755 3139 de
782 3067 883 3139 domo
909 3066 1044 3159 Ostoya
1070 3072 1105 3139 61
1131 3065 1310 3139 Johannes
1336 3067 1656 3158 Dmitrowslry
1681 3067 1725 3139 de
1751 3068 1858 3139 armis
1884 3067 2063 3160 Pylawa

500 3190 540 3261 In
556 3210 624 3279 qua
639 3188 825 3260 sunt'lanei
844 3187 1093 3278 cmethonales,
1116 3188 1199 3259 item
1218 3188 1383 3285 tabernae
1402 3193 1485 3278 tres,
1508 3189 1592 3261 item
1610 3189 1847 3279 hortulaniae,
1865 3189 1910 3261 dc
1936 3191 2063 3281 quibus

500 3311 659 3384 omnibus
682 3310 828 3382 solvitur
846 3315 882 3382 61
895 3309 1099 3383 conducitur
1118 3309 1253 3382 decima
1274 3310 1501 3402 manipularis
1519 3317 1556 3382 et
1569 3311 1745 3402 canapalis
1758 3331 1822 3402 pro
1849 3311 1999 3384 ccclesia
2026 3314 2061 3385 in

500 3432 773 3524 Kyelczina,
819 3437 856 3504 61
882 3433 979 3504 valor
1011 3433 1084 3504 eius
1112 3433 1319 3504 aestimatur
1345 3433 1392 3504 ad
1418 3454 1480 3505 sex
1507 3453 1661 3522 marcas3
1697 3434 1781 3506 item
1818 3434 1965 3525 praedia
1992 3435 2061 3510 dno

501 3555 682 3644 militaria,
719 3555 914 3646 dequibus
950 3554 1143 3628 decimatur
1175 3577 1239 3646 pro
1276 3555 1422 3627 ecclesia
1447 3557 1484 3628 in
1511 3555 1758 3646 Kelczina3
1792 3557 1877 3628 item
1912 3557 2060 3630 ecclesia

502 3678 609 3750 habet
634 3697 697 3768 pro
725 3676 868 3768 praedio
899 3697 1002 3768 agros
1040 3677 1201 3768 proprios
1237 3677 1386 3767 liberos,
1422 3699 1492 3750 non
1518 3677 1635 3768 largos
1671 3681 1787 3748 tamen
1815 3677 1878 3750 sed
1904 3677 2059 3767 strictos,

501 3805 641 3890 pratum
668 3820 750 3874 uero
779 3799 910 3871 nullum
937 3799 1043 3872 habet
1071 3820 1135 3890 pro
1163 3821 1227 3871 sna
1253 3801 1470 3872 necessitate.

605 3921 894 3994 Krnnczruszrrn
920 3921 1085 4012 Wocrn,
1112 3921 1197 3993 villa
1223 3921 1288 3994 sula
1306 3921 1472 4012 parochia
1489 3921 1534 3994 16
1558 3920 1731 4012 Kyelcz
1744 3921 1822 3992 ina
1848 3914 2061 4011 6116,’66166

503 4044 670 4116 haeredes
696 4043 876 4116 iohannes
903 4049 939 4116 61
964 4042 1117 4116 1666166
1152 4043 1491 4134 Dmosziczslry
1518 4043 1689 4115 dedomo
1715 4041 1908 4134 Ostoya,
1934 4048 1972 4121 et
1997 4043 2059 4116 Jo

500 4167 633 4236 hanncs
660 4165 976 4257 Dmitrouslry
1004 4164 1047 4236 16
1074 4167 1181 4236 armis
1208 4164 1393 4238 Pilawa
1428 4166 1470 4237 In
1497 4186 1566 4255 qua
1591 4170 1672 4237 sunt
1697 4165 1789 4236 lanei
1816 4165 2059 4252 cmethonales,

500 4289 584 4359 item
611 4287 787 4377 tabernac,
814 4287 897 4358 item
924 4286 1161 4380 hortulaniae,
1198 4287 1241 4360 de
1269 4287 1394 4379 quibus
1421 4287 1580 4388 omnibus
1606 4286 1753 4360 solvitur
1778 4285 1972 4377 pecunialis
2000 4287 2058 4360 de-

500 4412 589 4482 cima
615 4429 679 4500 per
706 4414 785 4482 octo
813 4429 956 4501 grossos
974 4430 1038 4501 pro
1057 4411 1205 4482 ecclesia
1229 4411 1267 4482 16
1293 4403 1541 4502 Kyelczina,
1568 4416 1606 4482 et
1632 4408 1831 4481 valarsius
1857 4408 2060 4484 aestimatur

502 4531 546 4604 ad
565 4585 572 4603 .
591 4587 598 4603 .
618 4587 653 4602 ..
679 4532 767 4603 Item
794 4529 974 4624 praedium
1001 4553 1070 4604 non
1097 4537 1152 4604 661
1178 4531 1237 4605 ibi.
1768 4517 1772 4522 ⁵

604 4654 856 4744 Wusszorrrn,
892 4654 977 4726 villa
1004 4655 1068 4728 sub
1096 4655 1262 4746 parochia
1287 4654 1331 4725 de
1358 4653 1589 4726 Kelczina
1615 4653 1692 4724 sita
1727 4652 1769 4724 In
1796 4672 1866 4743 qua
1890 4653 2058 4724 haeredes

500 4777 694 4850 Dobeslaus
733 4777 1035 4868 Bisszowslry
1080 4777 1290 4849 castellanus
1334 4776 1532 4848 Belszensis
1570 4773 1614 4846 de
1649 4773 1756 4846 armis
1799 4753 2054 4868 Npeczuya

500 4898 704 4972 Prandotha
738 4905 776 4972 et
806 4899 983 4972 lohannes
1019 4899 1062 4971 16
1098 4899 1355 4991 Nyecznya.
1392 4898 1517 4970 Altera
1551 4903 1667 4968 antem
1704 4895 1891 4986 medietas,
1925 4897 1963 4967 in
1988 4917 2055 4988 qna

501 5027 583 5096 sunt
617 5021 786 5094 haeredes
821 5019 973 5101 lacobus
1008 5021 1259 5114 Lipniczsky
1294 5027 1332 5094 61
1357 5019 1510 5094 Jacobns
1545 5019 1869 5109 Jngosszowslr'y‚
1905 5019 2055 5109 pertinet

501 5144 546 5216 ad
572 5143 832 5234 Sczeglicze,
859 5149 895 5216 61
922 5143 1055 5216 decima
1077 5143 1304 5234 manipularis
1330 5164 1373 5216 ex
1391 5148 1541 5233 utraque
1566 5145 1667 5233 parte
1693 5139 1846 5231 pertinet
1872 5139 2055 5215 6166611-

504 5266 724 5340 diaconatum
751 5264 1084 5356 Sandomiriensem,
1111 5265 1147 5336 in
1174 5286 1244 5357 qna
1269 5270 1352 5338 sunt
1377 5263 1611 5338 cmethonales
1629 5316 1746 5333 .....

605 5386 804 5479 Gonznow,
831 5388 895 5460 sub
921 5387 1088 5480 parochia
1114 5387 1159 5460 de
1184 5387 1412 5460 Kelczina
1437 5387 1525 5477 sita,
1561 5385 1658 5457 66166
1690 5382 1859 5461 haeredes
1884 5381 2052 5476 Wyszelr

479 5510 545 5584 .de
572 5509 957 5584 Hnbnindedomo
984 5504 2055 5613 06166661Βγ666...Ι666616661666111666166,16

503 5631 627 5722 quibus
654 5632 788 5704 decima
813 5633 1040 5724 manipularis
1059 5634 1276 5725 solvitur...,
1301 5633 1387 5705 itam
1405 5633 1475 5706 dno
1493 5629 1638 5725 praedia
1653 5627 1839 5720 1611116616,
1864 5626 1909 5723 16
1935 5626 2054 5722 661166

506 5750 697 5827 decimatur
723 5753 889 5828 ccclesiae
916 5754 953 5830 in
979 5753 1214 5834 Kclczinc
1619 5759 1626 5775 ‘
