4550 6600
451 750 498 821 76

449 952 634 1045 aliquando
662 952 707 1024 ad
735 950 906 1043 quinque;
933 950 976 1022 de
1003 972 1071 1023 uuo
1098 971 1230 1041 cumpo,
1247 949 1355 1021 tertio
1381 969 1473 1021 anno
1499 947 1593 1019 cedit
1617 946 1750 1020 decima
1776 946 2001 1037 manipularis

448 1074 614 1145 ecclesiae
640 1076 676 1143 et
702 1072 850 1163 plebano
877 1072 914 1141 iu
939 1070 1216 1143 Dzerzazna

555 1194 818 1281 Buozowrczu,
844 1190 928 1263 61116
960 1191 1025 1263 sub
1059 1190 1226 1281 parochia
1260 1189 1304 1260 de
1341 1188 1614 1260 Slawoszow
1640 1186 1726 1276 sita,
1753 1186 1850 1259 cuius
1877 1186 2002 1259 haeres

452 1314 603 1387 Thomas
639 1311 1071 1402 Sanczygnyewsky
1097 1310 1141 1381 de
1168 1307 1389 1402 Gyelyta,
1414 1309 1451 1380 in
1477 1329 1546 1399 qua
1571 1328 1642 1380 uon
1668 1311 1751 1379 suut
1775 1306 1868 1378 lanei
1895 1306 2004 1397 aliqui

449 1433 694 1523 emethonales,
720 1452 784 1503 uec
810 1431 1039 1521 hortulauiae,
1067 1430 1128 1503 sed
1155 1433 1289 1501 tautum
1316 1428 1496 1520 praedium
1522 1428 1684 1517 militare,
1702 1426 1745 1498 (16
1763 1448 1831 1519 quo
1849 1427 2002 1499 solvitur

450 1554 585 1626 decima
618 1552 844 1643 manipularis
880 1550 1044 1623 ecclesiae
1078 1550 1116 1621 iu
1151 1549 1467 1639 Slaboschou,
1494 1552 1531 1620 et
1556 1548 1656 1621 valor
1681 1549 1756 1620 eius
1781 1547 1827 1619 ad
1852 1552 2004 1639 quatuor

450 1694 586 1747 marcas
613 1673 828 1745 6661166166.

554 1793 787 1883 Buscmrow,
814 1790 898 1863 villa
932 1791 996 1863 sub
1033 1790 1202 1880 parocbia
1236 1789 1280 1861 de
1314 1780 1614 1861 Slaboschow
1640 1787 1728 1878 sita,
1754 1786 1852 1859 cuius
1878 1786 2005 1859 haeres

453 1914 601 1987 Thomas
629 1911 1061 2003 Sauczygnyewsky
1087 1910 1130 1981 de
1158 1910 1264 1982 armis
1290 1908 1533 2001 Gyelytha,
1558 1909 1595 1979 in
1622 1928 1691 1999 qua
1717 1914 1800 1979 suut
1825 1905 1887 1979 seu
1912 1907 2005 1979 lanei

452 2034 697 2123 cmethouales,
724 2033 807 2103 item
834 2032 982 2103 taberna
1007 2052 1085 2121 una,
1112 2031 1243 2103 habeus
1269 2051 1384 2120 agros,
1409 2030 1493 2101 item
1520 2029 1739 2101 hortulauiae
1764 2033 1848 2119 tres,
1873 2028 2005 2099 baben-

453 2159 509 2226 tes
536 2173 648 2244 agree,
675 2151 870 2243 dequibus
897 2152 1054 2223 omuibus
1081 2151 1229 2222 solvitur
1255 2156 1292 2222 61
1319 2149 1523 2223 conducitur
1548 2149 1682 2221 decima
1706 2170 1771 2239 pro
1788 2150 2001 2221 monasterio

454 2272 736 2345 Audrzeoviensi.
762 2272 850 2343 Item
874 2276 928 2343 est
953 2272 1003 2344 ibi
1028 2292 1133 2343 uuum
1151 2271 1332 2362 praedium
1348 2270 1509 2361 militare,
1527 2270 1571 2342 de
1587 2270 1685 2342 cuius
1702 2270 1797 2360 egris
1814 2269 2006 2341 decimatur

454 2394 619 2465 ecclesiae
645 2393 683 2463 in
709 2391 1060 2483 Sauczygnyew.
1213 2389 1217 2397 ’

559 2511 759 2603 Gnorrnno,
786 2512 870 2584 uilla
896 2513 960 2584 sub
979 2512 1146 2603 parochia
1163 2511 1206 2583 de
1224 2510 1523 2584 Slaboschow
1550 2511 1628 2601 sita,
1645 2510 1743 2583 cuius
1760 2510 1884 2582 haeres
1901 2508 2005 2581 Nico-

452 2632 528 2705 laus
565 2633 842 2725 Ilikowslry,
868 2633 905 2703 iu
942 2653 1010 2723 qua
1046 2636 1128 2703 sunt
1162 2633 1254 2704 lanei
1289 2631 1540 2722 cmethonales,
1566 2631 1609 2703 de
1645 2632 1769 2721 quibus
1796 2631 1945 2703 66161166
1970 2635 2007 2702 61

453 2753 656 2825 conducitur
682 2753 815 2824 decIma
840 2753 1067 2844 manipularis
1094 2758 1130 2825 61
1157 2753 1332 2844 canapalis
1357 2774 1422 2844 pro
1448 2751 1648 2844 praebenda
1666 2751 1899 2843 cracoviensi,
1918 2772 2006 2844 quae

452 2877 599 2947 uocatur
625 2872 850 2947 Naazowslra.

1101 2992 1356 3064 Pnuczurcas.

557 3112 660 3203 Villa,
686 3112 819 3183 habeus
846 3111 1025 3185 ecclesiam
1050 3112 1285 3202 parochialem
1309 3113 1347 3183 iu
1374 3133 1421 3199 66,
1448 3112 1564 3203 lupide
1581 3113 1662 3185 albo
1679 3117 1861 3204 muratum,
1879 3112 2006 3185 Sancto

456 3232 479 3308 J
481 3233 589 3306 acobo
616 3231 786 3324 Apostolo
804 3232 963 3324 dicatam,
982 3232 1079 3304 cuius
1096 3232 1265 3306 haeredes
1282 3230 1442 3305 Andreas
1459 3239 1497 3305 61
1513 3232 1640 3306 Ρ61666
1657 3233 1903 3306 Molrrazcu
1912 3256 1936 3326 y
1962 3234 2005 3306 de

456 3352 558 3424 domo
592 3352 876 3442 Kozlarogy,
904 3357 941 3424 61
967 3325 1137 3444 sbigneus
1163 3354 1484 3445 Lapauowsky
1510 3355 1554 3426 de
1580 3355 1682 3426 domo
1707 3355 1942 3446 Druzyua,
1969 3355 2006 3426 iu

455 3477 630 3562 quaeunt
656 3471 815 3544 undecim
841 3472 933 3544 lanei
960 3473 1201 3563 cmethonales,
1227 3473 1271 3545 de
1298 3473 1424 3564 quibus
1450 3473 1598 3546 soluitur
1623 3480 1660 3546 et
1685 3475 1890 3546 conducitur
1915 3474 2007 3546 deci·

453 3613 512 3664 ma
545 3592 789 3683 manipularis,
816 3591 878 3664 sed
912 3592 1009 3665 vario
1036 3594 1159 3683 modo;
1184 3614 1266 3665 nam
1291 3615 1360 3666 uuo
1387 3614 1477 3666 auno
1504 3593 1653 3685 percipit
1679 3596 1846 3668 maiorem
1870 3599 2007 3686 partam

455 3711 607 3785 decimae
634 3713 833 3804 praebenda
859 3711 1107 3805 cracoviensis,
1131 3734 1220 3811 qnae
1237 3719 1382 3786 vocatur
1399 3711 1607 3804 Goreczska,
1625 3715 1793 3787 minorem
1810 3735 1895 3788 vero
1914 3715 2008 3788 tollit

454 3833 623 3925 plebanus
650 3833 693 3906 de
719 3833 1005 3906 Pelczuicza.
1031 3834 1176 3908 Duobus
1203 3856 1286 3906 vero
1313 3835 1413 3909 annis
1439 3835 1663 3926 sequentibus
1689 3840 1837 3928 propter
1859 3837 2005 3908 variati-

455 3974 555 4025 onem
590 3975 789 4045 camporum
824 3955 929 4025 etiam
964 3954 1165 4045 praebenda
1200 3953 1439 4027 Gracoviensis
1473 3955 1623 4046 percipit
1657 3957 1824 4029 maiorem
1858 3962 2005 4048 partem,

454 4073 622 4142 minorem
649 4093 731 4144 vero
758 4073 927 4164 plebanus
941 4075 990 4144 ·iu
1016 4073 1322 4164 Pelcznycza3
1349 4073 1393 4145 de
1419 4073 1554 4146 duobus
1581 4075 1687 4148 etiam
1705 4079 1834 4168 campis
1852 4078 2004 4168 integra-

454 4193 554 4280 liter,
581 4197 617 4262 61
652 4190 695 4262 de
721 4192 828 4263 tertio
863 4197 999 4283 partem
1033 4193 1233 4284 praebenda
1258 4192 1498 4265 Gracoviensis
1524 4197 1692 4286 percipit;
1718 4196 1762 4268 de
1788 4197 1895 4270 tertio
1922 4217 2005 4270 uero

456 4311 607 4404 percipit
633 4309 811 4402 plebanus,
837 4312 898 4383 sed
924 4333 994 4384 uon
1020 4312 1131 4404 plene,
1158 4318 1196 4384 61
1221 4313 1320 4385 66166
1345 4311 1500 4386 decimae
1526 4315 1731 4388 aestimatur
1756 4316 1803 4388 ad
1820 4321 1898 4389 octo
1916 4339 2006 4390 mar·

457 4453 534 4504 cas:
561 4433 644 4504 item
680 4436 735 4502 661
767 4431 817 4502 ibi
852 4432 1032 4522 praedium
1066 4433 1219 4504 militare
1245 4454 1368 4523 unum,
1395 4433 1438 4505 de
1466 4455 1533 4524 quo
1560 4435 1752 4510 decimatur
1778 4437 1946 4510 ecclesiae
1971 4443 2008 4510 et

457 4553 605 4645 plebano
633 4552 668 4622 iu
694 4550 773 4622 Pel
786 4572 991 4642 cznycza.
1017 4552 1106 4624 Item
1132 4553 1279 4626 ecclesia
1304 4558 1341 4626 et
1366 4554 1534 4644 plebanus
1561 4556 1669 4628 habet
1685 4557 1739 4630 ibi
1757 4578 1860 4648 agnos
1878 4557 2007 4632 liberos

457 4679 505 4746 61
518 4677 621 4765 prata
647 4693 711 4763 pro
739 4693 802 4744 suo
829 4693 894 4744 usu
921 4678 957 4745 61
982 4674 1210 4764 necessitate3
1235 4674 1320 4746 item
1347 4679 1401 4748 est
1425 4675 1476 4747 ibi
1501 4675 1682 4767 praedium
1708 4677 1897 4749 secuudum
1913 4677 2006 4771 Nya

458 4815 595 4887 myerze
622 4793 954 4886 Praestausky,
982 4793 1025 4866 de
1053 4817 1120 4886 quo
1148 4795 1339 4868 decimatur
1356 4795 1897 4890 ecclesiaoinPelcznycza3
1923 4801 2008 4872 item

456 4916 624 5008 plebanus
650 4915 838 4986 hebetius
864 4915 1029 5005 pascendi
1054 4917 1215 5008 proprias
1242 4916 1406 5008 scrophas
1432 4916 1621 5008 iuglande
1647 4919 1685 4989 16
1710 4921 1800 5010 gaiis
1826 4919 1939 4992 villae.

475 5081 483 5088 -
560 5037 709 5126 Boccor,
736 5035 819 5108 villa
845 5037 909 5108 sub
937 5037 1103 5127 parochia
1125 5039 1169 5109 de
1196 5035 1483 5130 Pelcznycza
1508 5039 1586 5129 sita,
1604 5040 1701 5112 cuius
1717 5041 1843 5117 haeres
1860 5041 2009 5134 Pyelsch

458 5155 767 5248 Szwyradsky
792 5155 835 5227 de
862 5157 969 5228 armis
995 5156 1023 5226 Z
1033 5151 1204 5249 abana,
1223 5157 1261 5229 iu
1287 5178 1356 5248 qua
1381 5162 1531 5249 quatuor
1556 5159 1647 5230 lanei
1665 5161 1907 5252 cmethonalea
1925 5161 2010 5234 item

456 5277 678 5349 hortulauiae
715 5283 882 5369 quatuor,
909 5278 993 5350 item
1027 5279 1194 5350 tabernae
1228 5284 1322 5369 tres,
1348 5278 1392 5350 de
1418 5271 1544 5370 quibus
1571 5279 1763 5352 decimatur
1787 5281 2009 5371 praebendae

457 5393 696 5486 Oraeoriensi,
724 5417 812 5488 quae
850 5403 994 5470 vocatur
1021 5397 1271 5489 Gcsczyczska.
1310 5399 1399 5471 Item
1426 5405 1481 5472 661
1505 5400 1556 5472 ibi
1581 5401 1762 5492 praedium
1788 5423 1894 5474 unum
1919 5403 2009 5474 mili·

457 5519 544 5604 tare,
571 5512 614 5584 de
642 5537 709 5605 quo
736 5517 869 5590 decima
895 5519 1042 5590 solvitur
1068 5523 1104 5590 61
1131 5519 1335 5592 conducitur
1361 5521 1527 5592 ecclesiae
1554 5526 1589 5592 et
1605 5521 1753 5612 plebano
1772 5523 1848 5595 6166
1865 5523 1902 5594 16
1920 5523 2008 5596 Ρ61-

459 5654 666 5740 cauycza,
693 5642 729 5711 61
755 5638 854 5714 valor
881 5640 954 5716 eius
981 5639 1026 5715 ad
1044 5645 1117 5716 tres
1135 5661 1271 5714 marcas
1289 5642 1504 5718 aestimatur.
1530 5642 1620 5715 Item
1637 5647 1692 5715 661
1708 5643 1758 5716 ibi
1776 5644 1866 5717 alius
1883 5644 2007 5717 haeres
