4550 6600
1744 767 1818 847 461

262 974 399 1075 aliquos
426 973 605 1076 pontifices
633 971 889 1074 Oracovlenses,
913 988 953 1056 et
980 974 1107 1060 Sancto
1134 975 1284 1075 Aegidio
1302 976 1491 1057 confessori
1508 979 1669 1057 dicatam.
1694 981 1822 1077 inqua

261 1111 345 1179 snnt
370 1106 551 1180 duodecim
576 1106 668 1178 lanei
695 1106 938 1198 cmethonales,
966 1106 1009 1177 de
1037 1106 1162 1197 quibus
1190 1107 1348 1179 omnibus
1375 1108 1524 1180 solvitur
1549 1113 1587 1179 et
1613 1107 1820 1184 conducitur

263 1229 399 1300 decima
427 1229 653 1319 manipularis
679 1234 716 1300 et
743 1229 917 1321 canapulis
944 1250 1008 1320 pro
1036 1230 1198 1320 episcopo
1225 1227 1465 1319 Gracouiensi3
1492 1230 1591 1302 valor
1617 1231 1691 1301 eius
1716 1230 1821 1302 aesti-

216 1338 219 1344 ’
261 1357 381 1424 matur
407 1351 451 1422 ad
479 1337 659 1423 decernet
685 1350 772 1423 duas
798 1371 941 1423 marcas.
968 1342 1057 1424 Item
1084 1357 1138 1424 est
1165 1352 1214 1423 ibi
1241 1350 1422 1442 praedium
1440 1351 1643 1453 episcopale,
1662 1352 1705 1423 de
1723 1353 1820 1423 cuins

263 1474 360 1564 agris
387 1463 535 1547 soluitur
570 1472 704 1545 decima
731 1472 897 1544 ecclesiae
924 1474 959 1544 in
987 1472 1175 1545 Tarzelr.
1211 1474 1299 1545 Item
1326 1474 1474 1545 ecclesia
1499 1473 1659 1564 praefata
1685 1480 1722 1545 et
1747 1474 1820 1565 ple-

261 1596 376 1668 banus
403 1596 477 1669 eius
504 1595 611 1672 habet
638 1615 741 1686 agros
768 1596 878 1668 bonos
906 1600 941 1666 et
967 1600 1079 1687 prata,
1106 1616 1171 1687 pro
1190 1615 1253 1668 suo
1270 1596 1415 1687 praedio
1432 1602 1470 1667 et
1488 1596 1706 1668 necessitate.
1733 1596 1821 1667 Item

263 1738 335 1789 non
363 1724 417 1790 est
444 1716 605 1790 scoltetia
630 1718 666 1787 in
694 1716 815 1789 eadem
842 1717 938 1809 uilla,
962 1738 1031 1789 non
1058 1723 1113 1789 est
1140 1718 1382 1811 molendinum,
1404 1739 1475 1791 non
1493 1722 1576 1790 sunt
1592 1718 1821 1792 hortulauiae.

262 1838 348 1911 Fuit
373 1845 489 1937 autem
516 1840 553 1912 in
579 1839 655 1911 loco
682 1839 742 1911 illo
770 1839 942 1931 quenda:u
969 1838 1133 1931 oppidum
1153 1840 1347 1932 episcopale
1364 1840 1534 1931 notabile;
1561 1840 1622 1914 sed
1641 1840 1821 1913 Bodzan-

195 1956 203 1961 “
264 1963 349 2034 ιιι
375 1962 418 2034 ιι
444 1962 547 2034 domo
575 1954 611 2034 ιι
637 1960 768 2033 familia
795 1962 983 2053 Rcszae,
1009 1962 1165 2034 existens
1181 1970 1265 2034 tunc
1283 1961 1523 2036 Graccviensis
1541 1963 1732 2055 episcopus,
1750 1963 1820 2036 situ

263 2083 401 2157 meliori
435 2084 665 2175 investigato,
700 2084 787 2156 illud
823 2086 858 2155 in
894 2084 1007 2156 locum
1041 2085 1146 2175 paulo
1181 2086 1339 2157 altiorem
1375 2086 1573 2207 transtulit,
1609 2086 1644 2156 in
1681 2100 1760 2177 quo·
1784 2092 1821 2157 et

263 2208 388 2279 ciuitas
414 2208 600 2299 ampliores
625 2207 733 2279 babet
760 2228 873 2299 agros,
900 2208 936 2277 in
963 2206 1080 2279 radice
1108 2208 1302 2279 crudat
1242 2214 1302 2279 ext
1303 2208 1396 2299 irpat
1397 2202 1445 2298 os,
1473 2210 1533 2300 qui
1551 2230 1570 2279 e
1571 2209 1655 2279 tiam
1675 2210 1710 2279 in
1729 2207 1820 2279 hanc

262 2328 356 2401 diem
382 2330 613 2421 extirpantur,
641 2334 677 2401 ιι
703 2335 746 2401 ιιι
773 2350 836 2401 suo
863 2330 1001 2401 nomine
1027 2330 1122 2401 illam
1150 2330 1455 2422 Bodzanczin,
1481 2329 1575 2478 pund
1601 2331 1674 2401 et
1663 2352 1699 2401 ιι
1727 2330 1817 2401 hanc

264 2452 358 2523 diem
385 2441 521 2543 retinet,
548 2451 746 2524 intitulavit
810 2480 816 2493 ·

264 2576 276 2601 ⁸
369 2572 584 2668 SzurnrrrA,
612 2574 695 2645 villa
723 2574 786 2645 sub
805 2574 971 2664 parocbia
998 2572 1041 2645 de
1068 2573 1306 2646 Tharszek
1332 2575 1410 2665 sita,
1438 2574 1535 2645 cuius
1558 2574 1757 2666 proprietas
1775 2572 1819 2645 ad

264 2696 502 2787 episcopatum
531 2692 795 2769 Gracovieuseur
822 2696 985 2787 pertinet.
1008 2696 1065 2767 'In
1094 2718 1163 2788 qua
1188 2702 1270 2767 sunt
1296 2695 1476 2767 duodecim
1504 2696 1595 2767 lanei
1623 2696 1821 2767 cmethona-

261 2818 333 2909 les,
368 2818 452 2889 item
480 2817 551 2889 duo
575 2817 808 2909 scoltetiales,
845 2818 927 2889 item
963 2824 1018 2890 est
1053 2817 1287 2889 molendinum
1314 2818 1509 2909 episcopale
1545 2818 1679 2889 babens
1706 2838 1820 2908 agros,
1912 2906 1916 2911 Ι

261 2941 347 3011 item
374 2944 429 3011 est
454 2941 601 3011 taberna
636 2940 842 3032 episcopalis
878 2940 1010 3015 habens
1038 2960 1159 3031 agros,
1200 2941 1284 3011 item
1311 2926 1486 3013 scoltetia'
1504 2940 1611 3013 habet
1636 2940 1819 3039 tabernam

261 3067 300 3131 et
326 3060 411 3133 duas
438 3062 664 3153 hortulanias,
694 3062 729 3132 in
758 3062 851 3152 agris
880 3060 1058 3133 scoltetiae
1085 3061 1236 3152 locatas,
1264 3060 1459 3152 dequibus
1486 3062 1647 3135 omnibus
1673 3062 1820 3135 solvitur

261 3188 300 3254 et
327 3183 531 3255 conducitur
567 3183 700 3255 decima
735 3184 960 3274 manipularis
995 3191 1031 3254 et
1059 3182 1254 3273 canapalis3
1290 3204 1369 3254 nam
1397 3184 1440 3253 de
1467 3204 1536 3254 uno
1570 3204 1691 3273 campo
1727 3182 1819 3255 tollit

263 3325 341 3378 eam
367 3307 611 3398 praepositura
637 3303 865 3397 Kelcz'iensiS,
906 3307 942 3377 et
969 3306 1066 3378 valor
1092 3307 1168 3378 eius
1195 3307 1402 3377 aestimatur
1427 3306 1473 3377 ad
1500 3312 1654 3396 quatuor
1676 3324 1820 3393 marcas,

263 3427 308 3498 de
335 3427 486 3499 secundo
505 3448 587 3499 vero
606 3415 726 3518 campo
754 3429 848 3499 tollit
875 3449 951 3500 eam
978 3429 1177 3519 praebenda
1194 3427 1417 3519 Kelcziensis,
1444 3448 1533 3518 quae
1559 3433 1705 3520 vocatur
1723 3426 1818 3498 Sira·
1925 3457 1928 3464 ·

267 3549 419 3641 dowslra,
437 3555 491 3620 et.
510 3549 609 3622 valor
635 3550 709 3621 eius
736 3550 941 3621 aestimatur
967 3551 1012 3621 ad
1040 3556 1191 3640 quatuor
1208 3570 1353 3640 marcas,
1380 3551 1425 3621 de
1446 3551 1553 3621 tertio
1581 3571 1703 3641 campo
1729 3549 1822 3622 tollit

266 3692 343 3742 eam
370 3671 750 3762 ecclesiaparochialis
768 3675 804 3742 et
821 3671 989 3762 plebanus
1016 3673 1091 3742 eius
1118 3673 1162 3743 de
1188 3671 1408 3762 Dambno,
1435 3677 1472 3742 et
1498 3671 1597 3743 valor
1623 3671 1698 3742 eius
1726 3671 1821 3741 simi-

264 3793 349 3863 liter
374 3793 579 3864 aestimatur
605 3793 649 3864 ad
677 3799 827 3884 quatuor
853 3813 996 3865 marcas.
1023 3793 1112 3865 Item
1134 3798 1188 3864 est
1206 3794 1241 3863 in
1260 3792 1380 3864 eadem
1406 3793 1490 3864 villa
1511 3775 1671 3884 specialis
1689 3791 1820 3882 laneus,

263 3914 309 3985 ad
336 3890 494 4005 propriet
478 3919 587 3986 tatem
615 3916 782 3996 ecclesiae
810 3922 846 3987 et
872 3915 1012 4007 plebani
1031 3915 1345 3988 Bcdzaucziuensis
1368 3915 1557 4005 pertinens,
1585 3914 1629 3985 de
1647 3935 1714 4004 quo
1734 3912 1819 3984 nulli

264 4035 371 4107 solvit
397 4036 564 4140 decimam
584 4038 848 4130 manipularem,
877 4059 988 4129 neque
1016 4057 1166 4129 censum,
1193 4037 1256 4109 sed
1282 4037 1398 4109 omnia
1424 4057 1465 4107 ex
1493 4037 1553 4108 illo
1580 4035 1820 4138 provenientia

263 4178 330 4248 pro
357 4164 436 4229 set
420 4157 522 4230 tollit.
566 4159 655 4231 Item
684 4161 865 4232 ecclesia'
855 4181 891 4231 m
919 4159 1160 4232 Tharszek
1195 4160 1302 4232 habet
1328 4181 1371 4230 ιιι
1398 4146 1556 4250 praelata
1582 4153 1665 4233 villa
1692 4157 1820 4286 colum-

263 4245 451 4372 b'ationern,
479 4285 514 4352 et
498 4279 764 4374 totlertorium,
791 4289 827 4354 et
855 4281 973 4354 Sancti
989 4281 1095 4354 ··'Pet
1050 4289 1097 4354 ιιι
1124 4283 1314 4354 denarium.
1415 4293 1418 4299 '
1632 4348 1639 4367 ,

370 4401 680 4496 Βιοιιιιιιιιιιιιιι,
707 4379 792 4476 uilla
818 4406 882 4477 sub
901 4405 1067 4496 parocbia
1094 4403 1136 4475 de
1164 4404 1399 4476 Tharszelr
1426 4403 1507 4493 sita,
1535 4403 1633 4474 cuius
1659 4401 1818 4492 proprie-

263 4529 320 4595 tas
348 4523 393 4595 ad
420 4525 657 4617 episcopatum
684 4524 947 4599 Gracoviensem
974 4528 1136 4618 pertinet.
1163 4527 1204 4597 In
1223 4548 1292 4619 qua
1317 4532 1400 4598 sunt
1422 4525 1540 4596 decem
1566 4529 1604 4595 et
1630 4528 1709 4594 octo
1726 4523 1820 4594 lanei

264 4646 511 4738 cmethonales,
539 4649 622 4719 item
649 4671 719 4721 una
744 4649 892 4722 taberna
918 4649 1134 4742 episcopalis,
1162 4649 1350 4740 dequibus
1377 4649 1536 4719 omnibus
1562 4645 1710 4718 solvitur
1728 4644 1819 4717 deci·

263 4789 323 4842 rna
349 4769 575 4860 manipularis
603 4777 639 4842 et
667 4773 842 4863 canapalis
869 4793 933 4864 pro
952 4773 1156 4864 episcopatu
1182 4770 1414 4860 Gracoviensi,
1441 4775 1478 4840 et
1495 4767 1596 4841 valor
1621 4768 1697 4840 eius
1715 4765 1820 4839 aesti-

264 4897 384 4962 matur
398 4891 443 4963 ad
458 4893 652 4982 quindecim
667 4895 913 4966 marcealtem
927 4895 1030 4966 estin
1045 4894 1166 4965 eadem
1185 4893 1269 4965 uilla
1282 4891 1442 4965 scoltetia
1455 4889 1586 4964 habens
1600 4887 1687 4962 dnos
1701 4890 1820 4961 laneos
1834 4973 1844 4978 ¹

266 5011 416 5103 liberos,
455 5013 540 5084 item
567 5015 674 5087 habet
699 5015 918 5107 propriamt
902 5017 1084 5088 tabernam
1115 5015 1247 5087 habent
1231 5021 1302 5086 tem
1330 5035 1450 5104 agros,
1491 5014 1575 5084 item
1601 5010 1707 5084 babet
1733 5009 1836 5092 duas,
1917 5012 1920 5019 '

264 5133 483 5205 hortulanias
509 5135 677 5208 habentes
704 5157 823 5229 agros,
851 5138 895 5209 de
923 5137 1047 5229 quibus
1075 5138 1233 5210 omnibns
1260 5137 1365 5209 solvit
1349 5142 1410 5208 tur
1435 5141 1471 5207 et
1497 5135 1658 5206 conducit
1642 5140 1701 5206 tur
1728 5132 1820 5203 deci-

265 5275 324 5326 ma
350 5257 584 5348 manipularis,
612 5279 676 5350 pru
696 5260 896 5360 ecclesiast
880 5244 1098 5351 tplebano
1089 5283 1124 5330 ιι
1153 5259 1408 5348 Tharszek,
1435 5258 1472 5329 et
1497 5257 1597 5329 valor
1621 5257 1697 5327 eius
1715 5255 1821 5327 aesti-

264 5399 322 5448 ma
323 5382 383 5450 tur
323 5379 455 5450 tad
482 5379 568 5451 duas
594 5401 739 5453 marcas.
784 5382 871 5454 Item
900 5403 968 5454 non
996 5383 1112 5454 estin
1141 5381 1262 5453 eadem
1288 5357 1373 5453 villa
1407 5379 1602 5536 episcopale
1626 5378 1819 5533 praedium,

264 5509 336 5572 non
364 5505 420 5573 est
445 5501 688 5575 molendinum.

935 5627 1171 5697 Damunown

306 5741 468 5869 Villa
493 5745 662 5820 habens
652 5767 688 5818 ιι
716 5769 754 5820 ιι
780 5748 961 5820 ecclesiam
988 5743 1222 5840 parochialem
1249 5751 1364 5818 murat
1365 5767 1430 5837 am,
1457 5749 1493 5817 et
1518 5743 1667 5816 Sanctm
1684 5743 1820 5815 Mariae
