4550 6600
509 757 584 832 340

614 972 849 1056 Bnuuwmzn,
878 964 962 1037 villa
988 963 1052 1036 snb
1079 962 1246 1054 parochia
1271 962 1315 1034 de
1341 960 1669 1035 Charzowioze
1695 962 1782 1053 sita,
1809 963 1908 1033 cuius
1934 962 2046 1035 haeres

457 1112 469 1133 ·
507 1148 646 1166 ......
673 1091 713 1161 16
742 1080 917 1179 quaeunt
942 1086 1034 1177 lanei
1062 1085 1306 1177 cmethouales,
1331 1085 1415 1155 item
1442 1084 1619 1175 tabernae,
1646 1079 1731 1155 item
1756 1084 1986 1172 hortulaniae,
2008 1084 2047 1155 de

507 1217 632 1307 quihus
659 1211 817 1285 omnibus
849 1208 997 1281 solvitur
1024 1211 1059 1277 et
1085 1206 1291 1278 conducitur
1316 1206 1450 1277 decima
1475 1205 1703 1296 manipularis
1729 1212 1766 1277 61
1792 1205 1969 1295 canapalis
1992 1225 2049 1295 pro

506 1391 620 1407 .....
646 1336 735 1406 Item
762 1337 817 1403 est
843 1330 892 1402 ibi
919 1350 1028 1401 unum
1051 1328 1232 1420 praedium
1259 1328 1420 1419 militare,
1448 1326 1491 1398 de
1515 1348 1583 1417 quo
1601 1327 1794 1401 decimatur
1819 1326 2050 1418 proeecnsia

439 1494 444 1511 ι
506 1460 542 1529 in
568 1456 775 1548 Mydlow.
1627 1434 1639 1445 ’

611 1575 895 1663 Gnocuonuczn,
922 1572 1005 1644 villa
1031 1573 1095 1644 sub
1122 1571 1288 1662 parochia
1314 1571 1358 1642 de
1384 1570 1726 1643 Strzezowieze
1752 1571 1830 1660 sita,
1856 1570 1956 1641 cuius
1977 1569 2051 1640 hae

506 1720 563 1771 ros
589 1697 800 1770 Warsius
828 1695 870 1765 16
897 1692 1133 1764 Zelichlin
1161 1692 1204 1763 de
1223 1692 1329 1763 armis
1354 1692 1500 1763 Rana.
1526 1692 1567 1763 In
1595 1711 1664 1782 qua
1689 1698 1770 1762 sunt
1796 1692 1950 1781 quinque
1967 1690 2050 1761 lanei

506 1819 757 1909 cmethouales,
798 1816 840 1888 de
868 1815 992 1906 quibus
1020 1814 1179 1886 omnibus
1205 1814 1354 1887 solvitur
1379 1818 1416 1886 et
1441 1814 1647 1885 conducitur
1672 1813 1805 1885 decima
1831 1811 2051 1902 manipularis

506 1948 542 2013 et
568 1940 750 2031 campalis,
779 1958 843 2029 pro
870 1937 1010 2035 vicaria¹
1025 1935 1248 2026 praebendae
1274 1935 1578 2026 Sandomiriensis,
1613 1956 1702 2025 qnae
1727 1940 1874 2007 vocatur
1900 1932 2051 2023 Kobyer·

507 2063 655 2154 nyczha,
684 2068 720 2133 et
746 2060 844 2131 valor
870 2058 944 2131 eius
971 2058 1177 2129 aestimatur
1203 2056 1248 2128 ad
1275 2063 1354 2129 octo
1381 2046 1525 2129 marcas.
1569 2058 1658 2128 Item
1685 2061 1740 2128 est
1764 2057 1815 2127 ibi
1841 2076 1911 2126 una
1936 2055 2051 2125 bortu-

505 2185 607 2273 lauia,
636 2182 697 2254 sed
723 2203 792 2253 non
819 2180 925 2253 habet
947 2200 1058 2270 agros.
1085 2180 1175 2250 Item
1193 2179 1282 2251 duae
1299 2180 1477 2269 tabernae,
1504 2178 1565 2250 sed
1591 2200 1661 2250 non
1679 2179 1810 2249 habent
1828 2198 1943 2268 agros.
1969 2176 2052 2247 Item

506 2312 560 2377 est
586 2304 635 2375 ibi
662 2324 767 2375 unum
794 2302 973 2392 praedium
1000 2300 1169 2391 militare,
1205 2300 1249 2373 de
1276 2322 1345 2393 quo
1371 2301 1565 2372 decimatur
1590 2300 1756 2372 ecclesiae
1781 2300 1818 2371 iu
1845 2298 2051 2371 Strzezo

506 2426 663 2514 wicze,
690 2429 831 2513 praeter
858 2422 991 2513 aliquos
1018 2442 1122 2511 agros
1150 2422 1304 2493 eiusdem
1330 2422 1465 2513 praedii
1483 2428 1520 2493 61
1537 2442 1623 2529 agro
1649 2422 1752 2493 unius
1779 2422 1987 2510 cmethonis‚
2013 2419 2053 2489 de

507 2546 631 2638 quibus
658 2524 850 2615 decimatur
876 2544 1049 2614 ecclesiae
1067 2544 1103 2613 in
1130 2542 1327 2615 Midlow.

610 2666 724 2739 Villae
743 2665 969 2757 parochiales:
997 2664 1196 2756 Midlow,
1223 2665 1548 2758 Midlowyecz‚
1575 2663 1766 2755 Gaczky,
1794 2662 2054 2750 Bodossou,

505 2788 722 2879 Krompa,
750 2786 967 2878 Bouhow,
1003 2786 1333 2879 Przepyurow,
1369 2760 1707 2879 Kamyenyecz,
1733 2783 2054 2871 Gar‘bowicze,

505 2908 759 3000 Placzkow,
786 2908 965 2980 Biradz.
1752 2924 1759 2933 ·

1133 3028 1437 3103 Srnzuzowrczn.
1553 3112 1557 3115 ,

608 3149 703 3225 Villa
728 3152 861 3224 habens
879 3151 915 3221 in
934 3170 972 3222 se
990 3151 1225 3241 parochialem
1251 3152 1431 3223 ecclesiam
1459 3152 1618 3243 ligneam,
1645 3152 1794 3223 dicatam
1821 3150 1951 3222 Sancto
1967 3148 2053 3219 Bar·
2147 3189 2148 3248 j

505 3274 701 3347 tholomaeo
728 3271 906 3364 Apostolo,
935 3272 1031 3344 curius
1058 3292 1150 3344 nunc
1176 3270 1348 3365 Georgius
1365 3274 1550 3366 presbyter
1575 3278 1631 3346 est
1656 3273 1833 3365 plebanus,
1859 3272 1958 3344 cuius
1974 3272 2055 3342 hae
2146 3360 2147 3373 ἵ

506 3417 564 3467 res
591 3394 715 3465 Petrus
751 3393 1113 3485 Strzezowszky
1149 3394 1193 3466 de
1219 3396 1325 3466 armis
1361 3395 1672 3486 accipitrum,
1708 3396 1841 3468 habens
1876 3395 1927 3465 ibi
1952 3413 2053 3464 unum

506 3517 686 3607 praedium
722 3515 872 3586 militare
908 3535 972 3606 pro
1010 3515 1125 3586 media
1160 3522 1279 3607 parte,
1315 3522 1351 3589 61
1376 3515 1555 3589 Iohannes
1590 3517 1634 3589 de
1669 3514 1981 3588 Oleschnicza
2014 3515 2055 3585 de

506 3635 709 3710 Dambno
735 3657 799 3728 pro
815 3637 938 3708 'altera
963 3635 1078 3708 media
1103 3643 1214 3728 parte.
1249 3637 1298 3708 Et
1322 3644 1405 3710 sunt
1430 3638 1480 3710 ibi
1506 3638 1598 3709 lanei
1625 3637 1869 3728 cmethouales,
1895 3637 1979 3707 item
2005 3640 2054 3706 ta-

505 3759 643 3850 bernae,
670 3759 754 3830 item
780 3757 1018 3849 hortulaniae,
1045 3757 1088 3831 de
1115 3759 1241 3849 quibus
1268 3759 1427 3831 omnibus
1454 3760 1603 3832 solvitur
1628 3765 1665 3830 et
1691 3759 1896 3831 conducitur
1922 3757 2054 3829 decium
2146 3846 2147 3849 Ἴ

505 3879 732 3970 manipularis
768 3887 804 3952 et
830 3880 1006 3972 canapalis
1042 3900 1106 3970 pro
1133 3881 1280 3952 ecclesia
1314 3882 1349 3952 in
1385 3871 1745 3971 Strzezowic'ze,
1780 3886 1818 3952 et
1852 3879 1952 3952 valor
1982 3880 2054 3950 eius
2145 3872 2147 3957 Ῐ

355 4005 358 4014 ’
506 4002 712 4072 aestimatur
738 4001 783 4072 ad
801 4055 942 4072 ......
968 4001 1056 4072 Item
1082 4001 1191 4073 habet
1216 4006 1288 4073 tres
1315 4021 1455 4093 campos
1481 4024 1546 4094 pro
1572 4002 1716 4093 praedio
1742 4003 1943 4090 distinctos,
1968 4000 2053 4072 duos

507 4123 600 4219 circa
625 4123 716 4194 uiam
744 4121 1075 4214 Sandomiriensem,
1112 4128 1150 4194 et
1175 4123 1318 4196 tertium
1344 4129 1441 4197 retro
1476 4125 1615 4197 domum
1641 4123 1871 4215 plebanalem,
1897 4124 1934 4193 iu
1959 4122 2054 4193 cuin

361 4237 367 4244 '
507 4243 575 4313 fine
602 4243 707 4315 habet
732 4264 868 4334 gayum.
895 4243 982 4315 item
1009 4244 1116 4317 habet
1133 4249 1272 4336 pratum
1299 4246 1393 4317 circa
1417 4245 1653 4319 Struezow
1679 4245 1818 4336 mlyn,
1845 4245 1938 4315 inter
1953 4249 2053 4334 prata

437 4411 441 4418 -
506 4365 655 4435 militum
683 4365 724 4436 de
752 4358 918 4457 U'yasd.
958 4366 1047 4438 Item
1073 4366 1181 4440 habet
1206 4367 1442 4440 hortulaniam
1468 4373 1505 4440 et
1530 4368 1670 4441 bortum
1695 4387 1806 4458 prope
1833 4365 1994 4454 scholam,
2020 4369 2054 4436 et

381 4469 383 4478 ’
506 4485 634 4559 ibidem
662 4487 768 4559 habet
794 4487 962 4578 piscinam
989 4507 1143 4580 parvam,
1170 4487 1257 4560 alias
1283 4485 1477 4559 sodzowlcc.

611 4609 894 4700 Tononowch,
920 4609 1003 4682 villa
1030 4610 1094 4682 sub
1116 4610 1283 4700 parochia
1309 4609 1352 4681 de
1380 4608 1725 4683 Strzezowicze
1751 4611 1830 4701 sita,
1857 4609 1956 4681 cuius
1973 4609 2052 4680 hae·
2144 4602 2145 4683 l

506 4729 607 4802 redes
634 4727 815 4822 Nicolaus,
852 4729 977 4802 Petrus
1003 4730 1138 4804 nobiles
1165 4731 1208 4802 de
1235 4731 1342 4803 armis
1367 4736 1406 4803 et
1431 4731 1564 4804 familia
1589 4730 1613 4803 J
1622 4733 1768 4804 anina
1812 4731 1854 4802 In
1881 4752 1951 4823 qua
1976 4736 2052 4803 sunt

505 4851 596 4922 lanei
624 4852 872 4943 cmethouales,
907 4852 991 4924 item
1017 4851 1203 4943 tabernae,
1237 4853 1321 4924 item
1357 4853 1589 4944 hortulaniae,
1623 4853 1705 4924 item
1738 4873 1845 4923 uuum
1875 4852 2050 4943 praedium
2144 4944 2145 4947 Ἴ

505 4972 671 5066 militare,
699 4973 742 5048 de
770 4974 895 5066 quibus
922 4973 1080 5047 omnibus
1108 4969 1258 5048 solvitur
1283 4981 1320 5046 et
1346 4975 1551 5048 conducitur
1581 4973 1714 5057 decima
1741 4973 1966 5066 manipularis
1992 4993 2050 5064 pro
2144 5040 2145 5073 ἶ

505 5077 651 5166 66616316
676 5095 711 5166 in
739 5094 1097 5186 Strzezowicze‚
1125 5102 1161 5168 et
1188 5096 1287 5168 valor
1313 5097 1388 5170 eius
1415 5097 1621 5170 aestimatur
1648 5097 1693 5168 ad
1711 5151 1827 5167 .....
2144 5098 2145 5109 ’

608 5216 812 5308 Bnnrnow,
847 5217 911 5290 sub
938 5218 1103 5308 parochia
1129 5217 1182 5298 de
1200 5216 1561 5310 Strzezowicze,
1596 5220 1694 5290 cuius
1720 5198 1846 5290 haeres
1872 5218 1986 5290 Adam
2010 5218 2050 5290 de

379 5344 382 5350 '
504 5335 605 5409 domo
632 5337 906 5430 Bibersten,
943 5337 1101 5411 deferens
1138 5361 1245 5412 unum
1280 5361 1388 5412 cornu
1425 5341 1585 5432 planum,
1620 5341 1767 5434 alterurn
1805 5349 1986 5414 cornutum
2010 5362 2051 5412 ex

504 5475 631 5529 corona
657 5481 721 5550 pro
748 5460 886 5551 insigni.
913 5459 953 5531 In
973 5481 1041 5551 qua
1058 5481 1126 5532 uon
1154 5468 1237 5534 sunt
1263 5462 1366 5555 lanei,
1393 5463 1454 5534 sed
1476 5463 1718 5534 tantummodo
1743 5483 1850 5534 unum
1876 5463 2051 5554 praedium

504 5578 654 5650 militare
691 5585 726 5651 et
751 5587 825 5654 tres
860 5582 1097 5674 hadrianiae,
1134 5583 1330 5674 dequibus
1366 5585 1558 5657 decimatur
1593 5585 1760 5657 ecclesiae
1793 5585 1984 5675 parochiali
2015 5566 2050 5654 iu
2133 5686 2136 5692 Ι

504 5696 755 5792 Ghodczya
