4550 6600
1732 764 1805 837 521

251 967 349 1041 lanei
384 966 636 1058 emelioratus,
676 966 720 1039 de
751 965 882 1058 quibus
911 966 1059 1039 solvitur
1094 936 1227 1041 decima¹
1261 960 1487 1061 manipularis
1523 971 1735 1043 monasterie
1773 971 1809 1043 iu

251 1088 620 1179 wnnchuczsm,
647 1092 684 1159 et
708 1088 808 1160 valen
833 1088 908 1161 eius
935 1088 1142 1165 aestimatur
1168 1089 1213 1161 ad
1231 1143 1347 1161 .....
1372 1091 1463 1164 Item
1480 1094 1534 1164 est
1551 1091 1601 1163 ihi
1628 1092 1810 1184 praedium

251 1210 417 1300 militare,
444 1208 488 1281 de
514 1210 612 1281 unius
638 1208 735 1300 agris
762 1209 954 1282 decimatur
981 1209 1146 1283 ecclcsiae
1173 1210 1210 1282 in
1237 1209 1459 1304 Gu'walye.
1830 1284 1839 1291 ,

360 1330 517 1420 Guznw,
555 1330 641 1402 uilla
667 1330 732 1402 suh
758 1329 995 1421 parochiale
1022 1318 1234 1424 Ouualye
1261 1332 1348 1422 sita,
1388 1332 1485 1405 cuius
1520 1332 1644 1405 haeres
1681 1333 1808 1408 Petrus

251 1453 383 1525 Dzik.
410 1452 451 1523 Iu
479 1470 549 1542 qna
574 1457 657 1529 suut
681 1451 774 1523 lanei
800 1452 1042 1543 cmethunales,
1069 1451 1257 1544 dequibus
1285 1452 1433 1525 solvitur
1460 1457 1495 1525 et
1522 1453 1725 1527 conducitur
1750 1456 1809 1528 da-

252 1577 346 1647 cima
371 1573 598 1664 manipularis
624 1577 662 1644 et
688 1573 865 1663 canapalis
891 1574 1102 1647 munasterio
1115 1574 1398 1666 Wanehuczensi‚
1425 1578 1462 1647 et
1487 1574 1587 1647 valor
1613 1575 1688 1647 eius
1706 1577 1810 1648 aesti-

252 1702 374 1768 matur
400 1694 445 1766 ad
464 1746 686 1763 .........
721 1693 810 1765 Item
836 1698 892 1766 est
917 1692 967 1766 ibi
992 1693 1175 1784 praedium
1202 1694 1362 1785 militare,
1389 1693 1432 1767 de
1459 1715 1527 1787 quo
1555 1694 1747 1769 decimatur
1772 1698 1809 1769 in

250 1816 485 1907 Kowalye.
1348 1877 1350 1881 ,

360 1936 601 2027 Knocurcza,
627 1936 711 2008 villa
728 1935 793 2008 sub
810 1935 978 2026 parochia
1004 1936 1048 2007 de
1074 1934 1294 2029 Kuwalye
1321 1937 1399 2029 sita,
1426 1937 1523 2009 cuius
1550 1938 1719 2012 haeredes
1737 1938 1810 2011 An-
1938 2020 1941 2027 ζ

254 2061 360 2132 dreaa
387 2056 757 2149 Staruaczinsky
783 2061 820 2128 at
845 2053 996 2130 lacubus
1016 2111 1130 2127 .....
1174 2056 1215 2128 Iu
1243 2078 1312 2150 qua
1338 2062 1420 2131 suut
1446 2058 1539 2131 lanei
1566 2061 1810 2151 emethunales,
1943 2042 1946 2047 Α

253 2182 301 2254 de
327 2180 452 2273 quibua
478 2179 627 2253 solvitur
653 2178 786 2251 decima
812 2178 1039 2299 manipularis
1063 2184 1101 2251 et
1128 2180 1305 2271 canapalis
1332 2181 1548 2271 episcopatui
1575 2179 1808 2273 Gracoviensi,

254 2308 294 2375 et
319 2302 418 2374 valer
443 2302 519 2373 eius
545 2301 752 2373 sentiuntur
779 2299 824 2372 ad
842 2354 957 2372 .....
983 2301 1073 2373 Item
1099 2301 1279 2392 praedium
1306 2322 1375 2373 uon
1403 2307 1465 2372 est.

359 2422 549 2514 Onnusnu,
575 2422 659 2494 uilla
685 2422 749 2495 sub
775 2422 940 2513 parochia
966 2422 1009 2495 de
1036 2421 1215 2495 Ouuale
1242 2422 1328 2512 sita,
1369 2422 1467 2494 euius
1492 2423 1616 2495 haeres
1645 2422 1805 2496 Andreas

106 2573 108 2578 ·
253 2544 627 2640 Staruaczinshy
653 2544 697 2615 de
723 2543 830 2615 armis
849 2597 964 2614 .....
990 2544 1031 2615 In
1050 2564 1119 2635 qua
1136 2548 1218 2617 sunt
1244 2544 1336 2615 lanei
1354 2543 1598 2635 amathunaleS‚
1625 2543 1811 2635 dequibus

254 2667 405 2739 solvitur
431 2672 468 2740 et
494 2666 700 2739 conducitur
726 2665 860 2737 decima
876 2642 1112 2755 ¹manipularis
1139 2671 1177 2738 et
1203 2664 1379 2755 canapalis
1405 2664 1616 2737 monasterio
1635 2664 1810 2737 Wanchu-

235 2781 380 2879 'arensi
407 2792 444 2860 et
469 2787 568 2860 valor
594 2786 669 2859 eina
696 2787 903 2859 aestimatur
928 2785 975 2857 ad
991 2839 1161 2856 .......
1187 2786 1277 2857 Item
1304 2790 1359 2858 est
1384 2784 1566 2877 praedium
1592 2785 1743 2858 militare
1770 2786 1807 2857 in

252 2910 376 2981 eadem
402 2909 505 2999 villa,
540 2908 584 2979 de
611 2908 708 2979 quus
743 2907 838 2997 agris
873 2907 1023 2979 aulritur
1058 2893 1191 2979 decima
1217 2906 1443 2998 manipularis
1480 2906 1645 2979 ecclesiae
1672 2907 1709 2977 in
1736 2904 1811 2978 Gu-

254 3031 340 3103 wal
381 3050 410 3102 e.

349 3054 508 3224 ylluun
536 3149 760 3240 GuzcwsKA,
786 3150 870 3222 villa
897 3150 962 3221 sub
988 3148 1154 3239 parochia
1181 3148 1225 3221 de
1253 3146 1465 3240 Gcwalye
1492 3148 1578 3239 sita,
1605 3147 1703 3220 cuins
1729 3148 1812 3219 hae-

254 3294 314 3346 res
339 3273 466 3346 Patrus
492 3272 610 3345 Dzik
637 3272 680 3346 de
708 3272 815 3346 armis
840 3271 1040 3365 Dolywa.
1083 3270 1125 3343 In
1153 3290 1222 3362 qua
1248 3276 1329 3343 sunt
1355 3270 1448 3342 lanei
1475 3269 1728 3362 emethouales,
1768 3267 1812 3341 de

255 3397 382 3488 quibus
418 3396 565 3470 autritur
592 3401 628 3468 et
654 3394 859 3468 conducitur
895 3393 1029 3466 decima
1063 3393 1292 3484 manipularis
1319 3397 1356 3465 et
1382 3392 1556 3484 canapalis
1590 3412 1655 3482 pru
1682 3391 1813 3483 episcu·
1941 3489 1946 3494 Ι

253 3523 342 3609 patu
368 3517 601 3607 Gracuuenai
628 3523 665 3588 et
691 3516 791 3588 vatur
817 3515 893 3587 eius
920 3514 1127 3587 aestimatur
1154 3515 1198 3586 ad
1218 3568 1332 3584 .....

362 3639 592 3730 Dunnurn0,'
612 3621 706 3710 villas
723 3637 794 3710 sub»
814 3637 983 3728 parochia
1009 3635 1053 3708 de
1080 3635 1295 3726 Guwalye
1322 3635 1399 3726 sita,
1427 3634 1523 3706 cuius
1550 3633 1728 3706 haeredes:
1755 3632 1815 3704 Se·

262 3763 414 3850 verinus,
432 3760 612 3833 Iohannes
630 3765 695 3832 et...
713 3754 780 3831 Sm
792 3759 1014 3847 ulinsczy‚
1040 3755 1168 3827 tratres
1187 3755 1230 3826 de
1249 3755 1350 3826 dumo
1367 3754 1559 3844 Dulywu.
1586 3753 1627 3823 In
1646 3773 1715 3843 qua
1733 3755 1815 3824 sunt

258 3883 352 3954 lanei
378 3882 630 3972 umethuuales,
667 3880 710 3952 de
738 3881 862 3971 quihus
889 3877 1038 3950 solvitur
1064 3881 1101 3948 et
1127 3875 1331 3948 conducitur
1358 3875 1499 3947 decima
1525 3873 1750 3964 manipularis
1777 3877 1814 3944 et

256 4005 435 4096 canapalis
462 4002 629 4076 ecclesiae
655 4002 692 4073 iu
718 3999 1005 4095 Wyrzhicza.
1032 3999 1121 4071 Item
1148 4017 1253 4069 unum
1280 3997 1460 4088 praedium
1486 3995 1647 4086 militare,
1675 3993 1718 4066 de
1745 4013 1812 4084 quo

255 4127 394 4199 tollitur
420 4125 555 4197 decima
581 4145 646 4215 pru
673 4123 818 4196 scelesta
843 4123 880 4193 iu
908 4119 1131 4212 Guualye.
1544 4109 1548 4118 ’

360 4247 613 4319 Dasmnuwna
640 4245 894 4333 Znnnurrnm,
921 4242 1005 4315 uilla
1031 4242 1096 4314 suh
1122 4239 1289 4332 parochia
1315 4239 1358 4313 de
1385 4237 1565 4313 Ouwalc
1602 4239 1688 4328 sita,
1716 4225 1814 4310 cuius

255 4371 383 4441 haeres
408 4367 585 4440 Martinus
611 4367 655 4438 dc
682 4367 784 4438 domu
810 4364 844 4437 N
851 4383 1064 4456 yaczuya.
1102 4363 1145 4434 Iu
1172 4381 1242 4453 qua
1268 4367 1349 4434 sunt
1375 4362 1468 4433 lanei
1495 4358 1739 4449 amathunales,
1767 4358 1810 4430 de

255 4491 383 4583 quihus
408 4490 555 4563 solvitur
582 4488 715 4560 decima
740 4487 965 4578 manipularis
991 4505 1055 4576 pru
1082 4485 1254 4556 decanatu
1281 4481 1517 4572 Radamistum,
1545 4487 1582 4554 et
1607 4480 1706 4553 valor
1733 4480 1808 4551 eius

254 4613 462 4684 aestimatur
488 4610 533 4683 ad
552 4664 694 4681 ......
720 4610 810 4682 Item
838 4616 891 4681 est
917 4609 968 4681 ibi
994 4607 1177 4700 praedium
1198 4601 1367 4695 militare,
1396 4605 1439 4677 de
1466 4605 1564 4676 unius
1592 4602 1686 4693 agris
1713 4601 1816 4673 solvi-

253 4739 315 4804 tur
341 4731 476 4804 decima
503 4731 731 4823 manipularis
758 4729 924 4803 ecclesiae
951 4731 987 4801 iu
1015 4727 1235 4819 Guualye.

133 4839 138 4846 ’
361 4851 618 4943 Ponnrnszun,
644 4851 728 4926 uilla
746 4851 812 4924 suh
829 4851 996 4942 parochia
1014 4850 1057 4921 de
1085 4848 1317 4942 Cuualye,
1345 4847 1442 4920 euius
1470 4846 1593 4918 haeres
1620 4842 1814 4916 stanislaus

252 4975 521 5048 Pudleszni.
547 4975 589 5046 In
617 4995 686 5065 qua
713 4961 795 5046 sunt
821 4973 912 5045 lanei
938 4970 1183 5059 cmeuuonales,
1210 4969 1397 5062 dequibus
1425 4967 1573 5042 solvitur
1592 4965 1725 5038 decima
1743 4985 1815 5036 ma-

255 5096 427 5189 nipularis
454 5102 491 5169 et
517 5095 694 5188 canapalis
721 5094 889 5167 ecclesiae
915 5093 952 5165 in
978 5091 1206 5184 Koualye.

946 5335 1138 5409 Wrs'scrrn.

335 5461 460 5533 'Villa
485 5460 619 5533 hahens
646 5461 682 5532 in
709 5480 746 5532 se
773 5458 1005 5560 parachialem
1042 5458 1241 5547 ecclesiam,
1282 5455 1411 5528 Sancto
1443 5451 1588 5525 Nicolau
1625 5449 1814 5524 confessuri

256 5586 421 5674 dicatam,
449 5584 547 5656 cuins
574 5583 744 5674 plebanus
769 5581 899 5654 Paulus
925 5579 1052 5654 nubilis
1079 5579 1242 5652 dedomo
1269 5577 1494 5668 Rogalye;
1522 5575 1619 5646 cuius
1646 5572 1815 5646 haeredes

120 5683 124 5689 ¹
251 5706 435 5783 Juhannes
452 5703 568 5777 Kuzi
582 5703 723 5795 czsky
750 5703 793 5775 de
811 5703 916 5776 umis
934 5701 1069 5774 Rana
1094 5700 1365 5790 cumfratribus
1385 5703 1420 5771 et
1437 5696 1611 5771 Oristiuus
1630 5696 1673 5768 de
1693 5695 1816 5768 eadem

299 5879 304 5887 ·
359 5873 407 5916 mu.
420 5873 517 5914 mune.
529 5872 560 5914 11.
1612 5847 1648 5896 66
