4550 6600
1744 826 1815 901 lat

256 1020 368 1093 habet
395 1041 498 1112 agros
525 1024 686 1113 proprios
714 1028 750 1095 et
775 1025 917 1114 hortos,
944 1024 988 1097 de
1016 1024 1141 1116 quibus
1168 1026 1316 1099 solvitur
1342 991 1475 1103 decima
1500 1030 1727 1121 manipularis
1752 1054 1816 1126 pre
1962 1007 1994 1088 '-

258 1196 378 1213 .....
405 1142 495 1215 Item
521 1143 605 1215 villa
639 1143 796 1235 praefata
831 1145 936 1217 solvit
971 1143 1260 1221 columbationem
1285 1152 1324 1221 et
1348 1147 1530 1223 denarium
1565 1149 1687 1227 Sancti
1713 1152 1818 1229 Patri

256 1264 295 1335 in
321 1263 578 1359 Sczurowa.

881 1386 1185 1465 Bonzanozrnnx.

363 1505 477 1595 Villa,
497 1504 636 1577 habens
663 1505 842 1579 ecclesium
869 1510 1104 1598 parochialem
1130 1510 1280 1601 ligneam
1306 1509 1344 1581 in
1370 1528 1426 1600 se,
1453 1509 1490 1583 in
1516 1509 1684 1585 honorem
1711 1511 1816 1586 Nati·

256 1626 379 1697 vitatis
405 1625 439 1697 S
465 1624 602 1697 Maniae
630 1626 799 1717 dicatam,
836 1628 933 1701 cuius
969 1630 1166 1721 proprietas
1201 1630 1356 1723 pertinet
1382 1629 1427 1701 ad
1454 1630 1653 1721 episcopum
1689 1629 1815 1705 Greco-

257 1749 431 1837 mensem,
466 1747 526 1837 qui
553 1751 607 1819 est
632 1747 726 1819 illius
753 1747 918 1821 ecclesiae
953 1750 1076 1823 unicus
1111 1750 1257 1823 collator
1283 1754 1320 1821 et
1345 1756 1525 1842 patronus.
1567 1743 1608 1823 In
1635 1771 1705 1841 qua
1731 1757 1814 1827 suut

150 1914 156 1921 -
256 1869 385 1963 viginti
409 1868 502 1939 lanei
529 1873 565 1939 et
590 1889 713 1940 novem
741 1869 861 1959 virgae
880 1889 1043 1960 agrorum
1070 1870 1354 1960 emethonulium,
1381 1870 1577 1961 dequibus
1604 1872 1752 1946 solvitur
1779 1878 1815 1945 ct

258 1991 466 2063 conducitur
492 1989 626 2061 decima
651 1990 879 2080 manipularis
897 1997 933 2063 et
951 1991 1128 2082 panopolis
1146 1993 1430 2082 pro-episcopatu
1448 1990 1687 2082 Gracomcnsi3
1714 1993 1813 2064 cuius

257 2112 357 2185 valor
384 2111 430 2183 ad
456 2110 574 2183 decern
600 2130 746 2181 marcas.
772 2109 860 2181 Item
886 2111 1046 2183 scultetis
1071 2116 1126 2183 est
1150 2112 1189 2183 in
1215 2111 1335 2184 eadem
1353 2111 1452 2202 uilla,
1480 2131 1568 2202 quae
1592 2110 1699 2187 habet
1724 2112 1811 2190 duos

256 2235 397 2323 laneos,
433 2232 516 2303 item
544 2216 646 2303 unam
672 2231 857 2304 tabernam
883 2232 1070 2313 habentem
1097 2252 1219 2323 agros,
1245 2232 1330 2303 item
1356 2251 1461 2303 unam
1486 2231 1720 2307 hortulaniam
1746 2233 1808 2307 ha·
1858 2290 1861 2295 .

255 2356 399 2427 hentem
425 2374 537 2444 agros,
565 2352 607 2425 de
635 2352 760 2443 quibus
787 2352 945 2425 omnibus
973 2352 1118 2425 solvitur
1144 2358 1182 2425 et
1199 2351 1407 2425 conducitur.
1429 2350 1562 2425 decima
1586 2351 1812 2442 manipulario

257 2496 324 2566 pro
352 2474 498 2546 ecclesia
524 2478 560 2545 et
586 2473 734 2563 plebane
761 2473 797 2543 in
823 2472 1198 2564 Bodzanczinek,
1234 2472 1330 2544 cuius
1360 2472 1459 2544 valer
1484 2470 1530 2543 ad
1556 2471 1641 2543 duas
1668 2492 1814 2544 marcas.

256 2597 348 2668 Item
376 2594 521 2667 ecclesia
547 2600 584 2665 ct
609 2592 776 2683 plebanus
802 2594 910 2665 hahet
935 2594 986 2665 ibi
1008 2593 1170 2684 proprios
1188 2613 1291 2683 agros
1309 2592 1476 2683 speciales
1493 2591 1633 2681 liberos,
1658 2596 1696 2665 et
1711 2596 1816 2683 prata

257 2739 324 2809 pro
351 2737 472 2788 cerum
498 2714 653 2806 praedio,
680 2713 889 2786 necessitate
916 2718 952 2785 et
969 2734 1043 2785 osu.
1069 2713 1160 2785 Item
1185 2712 1230 2784 de
1256 2710 1339 2785 uilla
1365 2712 1485 2786 eadem
1512 2710 1660 2786 solvitur
1686 2711 1815 2787 colum-

256 2840 355 2912 batio
384 2845 420 2911 et
447 2836 609 2909 denarius
636 2834 756 2909 Sancti
781 2835 880 2907 Petri
906 2834 1085 2926 praefatae
1112 2834 1287 2906 ecclesiae.

922 2953 1178 3056 Gozozrncn„

365 3080 479 3170 Villa,
505 3079 637 3152 habens
664 3078 700 3149 in
728 3098 766 3150 se
791 3076 1025 3168 parochialem
1061 3075 1241 3147 ecclesium
1266 3093 1367 3146 muro
1392 3071 1598 3147 fabricatam
1624 3076 1661 3144 et
1686 3071 1813 3147 Sancto

257 3257 403 3276 ......
432 3202 598 3292 dicaam,
625 3199 722 3271 cuius
749 3200 872 3271 haeres
900 3197 1058 3290 Spythke
1086 3197 1129 3269 de
1155 3194 1386 3272 Melsthin
1421 3193 1464 3265 de
1491 3193 1597 3269 struis
1623 3192 1815 3283 Lelyua

256 3329 300 3398 In
328 3345 398 3417 qua
425 3328 506 3396 sunt
532 3321 793 3414 quatuordecim
826 3320 919 3392 lanei
945 3318 1181 3391 cmethonales
1206 3323 1243 3389 et
1269 3337 1339 3389 uua
1364 3315 1510 3388 taberna
1543 3314 1675 3386 hahens
1701 3333 1816 3403 agrem

259 3449 358 3520 cuius
386 3446 489 3518 villae
514 3445 683 3516 medietas
719 3443 886 3516 decimam
917 3440 1023 3513 solvit
1057 3439 1272 3531 pecuniolam
1298 3457 1362 3528 pro
1389 3435 1559 3510 decanatu
1594 3433 1816 3510 cracoviensi

257 3591 323 3662 per
349 3589 456 3640 unum
482 3562 652 3638 fertonem
680 3564 724 3636 de
750 3564 860 3653 laneo,
888 3563 1000 3634 altera
1026 3581 1124 3651 vero,
1152 3558 1215 3631 sed
1240 3559 1353 3630 minor
1378 3554 1567 3645 medietas,
1593 3555 1698 3628 solvit
1724 3553 1816 3627 deci·

258 3713 366 3781 mam,
395 3689 458 3761 sed
483 3686 733 3778 manipularem
759 3683 942 3756 decanatui
976 3680 1215 3768 (trasaricum,
1246 3682 1283 3750 et
1307 3677 1407 3750 valor
1432 3677 1507 3748 eius
1533 3675 1739 3750 aestimatur
1765 3673 1811 3746 ad

258 3813 413 3904 quinque
440 3829 583 3881 marcas.
609 3807 698 3879 Item
724 3827 794 3878 non
821 3809 875 3876 est
899 3803 950 3876 ihi
975 3800 1165 3894 praedium,
1191 3820 1261 3875 nou
1288 3802 1370 3870 suut
1394 3795 1622 3868 hortulaniae.

731 4138 929 4221 Molsthln
963 4135 1146 4218 Sanctae
1178 4128 1345 4217 crucia

367 4417 527 4490 Ecclesia
553 4417 633 4487 ante
661 4417 811 4485 castrum
837 4408 1086 4498 Melsthyn,
1112 4405 1245 4495 lignea,
1272 4400 1419 4474 Sanctae
1445 4393 1548 4471 Cruci
1574 4393 1700 4482 dicata,
1728 4410 1817 4482 quac

260 4544 370 4616 hahet
405 4541 442 4611 in
478 4558 561 4610 cura
597 4540 747 4608 castrum
782 4531 1035 4620 Molsthyn,
1063 4528 1147 4598 item
1182 4525 1288 4597 etiam
1313 4522 1420 4596 hehet
1445 4520 1482 4590 in
1507 4536 1591 4590 cura
1615 4519 1689 4586 tres
1715 4510 1817 4588 villas
1883 4529 1890 4536 ·

263 4665 415 4738 scilicet:
443 4661 770 4749 Karnowycze,
797 4650 1066 4724 Zawadkam
1093 4631 1818 4734 etrobrzy02031temeadeneccle-

265 4787 318 4858 sia
345 4789 382 4858 et
408 4783 576 4874 plebanus
604 4779 678 4852 eius
705 4773 811 4848 h'abet
838 4773 976 4846 domurn
1002 4771 1052 4842 ibi
1078 4767 1254 4860 propriam
1280 4768 1317 4836 et
1342 4761 1542 4853 pomerium.
1613 4783 1618 4790 ·

371 4905 646 4990 Kauuowuczu,
674 4898 756 4971 villa
782 4896 845 4969 sub
872 4893 1037 4985 parochia
1063 4889 1228 4962 ecclesiae
1255 4885 1320 4957 suh
1354 4878 1583 4954 Melsthin
1608 4876 1696 4966 sita,
1722 4874 1820 4946 cuius

266 5033 392 5103 haeres
419 5024 576 5119 Spythek
602 5017 917 5114 Melsthinsky
944 5014 987 5088 de
1014 5012 1120 5085 armis
1147 5008 1340 5101 Lclywa
1366 5003 1408 5076 In
1435 5021 1504 5094 qua
1521 4995 1712 5072 suutlsnei
1729 5015 1820 5068 ome·

265 5149 447 5238 menalce,
475 5147 518 5218 de
554 5143 679 5236 quihus
714 5139 863 5214 solvitur
889 5141 926 5208 ot
952 5133 1157 5208 conducitur
1183 5127 1316 5202 decima
1340 5144 1405 5216 pro
1433 5121 1562 5194 decano
1589 5114 1819 5210 saonensi,

266 5279 304 5346 et
330 5271 431 5344 valor
457 5268 533 5340 eius
559 5265 605 5338 ad
631 5317 639 5335 .
667 5301 710 5335 ι.
736 5280 871 5334 marcas
897 5256 1111 5330 aestimatur.

372 5391 608 5478 mucosus,
634 5387 719 5459 villa
745 5384 809 5456 suh
837 5377 1002 5473 parochia
1028 5371 1182 5447 eiusdem
1208 5366 1374 5443 ecclesias
1401 5363 1466 5438 suh
1484 5363 1599 5434 castro
1616 5354 1821 5431 Melsthin

267 5517 347 5606 sita,
374 5513 472 5585 conius
499 5510 622 5581 haeres
649 5503 806 5598 Spythek
833 5497 1019 5593 praelatus.
1046 5496 1088 5567 ln
1115 5513 1184 5584 qno
1210 5493 1293 5564 sunt
1309 5485 1403 5560 lanei
1420 5477 1663 5569 emethoualeo,
1682 5477 1726 5550 da
1744 5474 1820 5567 qui-
1959 5566 1964 5578 ι

267 5639 335 5710 bus
363 5633 625 5844 ssstvrlsjgucraj
647 5747 731 5824 uilla
766 5745 830 5824 sub
866 5739 1031 5840 parochia
1065 5733 1230 5812 ecclesiae
1265 5728 1413 5806 sancta
1449 5719 1571 5799 omen
1608 5719 1672 5797 suh
1707 5718 1822 5795 castm
