4550 6600
1697 772 1770 843 371

223 990 362 1043 marcas.
400 971 489 1043 Item
524 976 578 1043 est
612 971 662 1043 ibi
696 973 843 1045 taberna
878 972 1056 1064 advocati,
1083 993 1154 1046 uon
1180 974 1313 1047 habeus
1340 996 1452 1065 agros.
1487 976 1575 1047 Item
1602 976 1771 1067 plebanus

223 1091 338 1167 Sancti
352 1108 359 1115 ·
372 1088 558 1166 Laurentii·
590 1114 658 1165 uon
695 1094 802 1167 habet
837 1095 872 1165 in
908 1093 1029 1167 eadem
1056 1094 1158 1185 villa,
1177 1096 1252 1167 ¹nisi
1279 1096 1569 1170 columbationcm
1595 1118 1659 1189 per
1685 1099 1772 1172 duos

221 1234 358 1305 grossos
386 1214 429 1285 de
456 1215 611 1305 quolibet
638 1215 747 1287 laneo.

322 1324 530 1409 Suburbium
558 1335 764 1409 Vislicieuse
792 1337 855 1409 sub
883 1338 1049 1428 parocbia
1075 1337 1119 1411 de
1148 1337 1274 1409 Sancto
1301 1339 1501 1412 Laurentio.
1515 1341 1568 1410 ·ln
1596 1362 1663 1431 quo
1690 1347 1772 1414 sunt

221 1456 310 1529 lanai
346 1457 482 1549 civiles,
510 1458 553 1529 de
580 1458 704 1548 quibus
732 1459 890 1531 omnibus
927 1460 1074 1533 solvitur
1101 1459 1235 1531 decimo
1260 1461 1451 1550 pecunialis
1477 1482 1542 1553 pro
1569 1462 1772 1553 episcopatu

220 1576 447 1653 cracoviensi.
487 1579 575 1651 Item
612 1578 655 1651 de
682 1580 802 1653 eodem
838 1581 1004 1654 suburbio
1040 1581 1207 1673 plebanus
1243 1580 1286 1653 de
1322 1582 1449 1655 Sancto
1485 1583 1676 1656 Laurentio
1702 1604 1771 1655 non

219 1699 331 1789 11111,
359 1700 428 1771 1111
455 1701 753 1775 columbationem.
855 1719 861 1731 ·
936 1715 941 1725 ’

199 1890 202 1899 .
320 1820 610 1913 Wrsznrownn,
636 1824 720 1895 villa
747 1843 857 1915 prope
884 1823 1138 1916 Gobilniky
1166 1825 1243 1915 sita„
1271 1826 1335 1898 sub
1362 1826 1528 1916 parocbia
1545 1825 1710 1913 ecclesiae
1728 1823 1772 1897 de

214 1940 343 2025 *Sancto
370 1942 561 2018 Laurentio
589 1950 691 2018 extra
716 1964 836 2023 muros
861 1944 1103 2037 Vislicieuses‚
1131 1966 1220 2037 quae
1246 1946 1413 2019 hactenus
1440 1952 1517 2019 toto
1543 1947 1683 2019 deserta
1700 1951 1772 2033 est;

219 2063 312 2135 cuius
339 2064 535 2155 proprietas
563 2072 599 2139 et
625 2066 815 2142 dominium
842 2066 885 2139 ad
913 2067 1186 2141 illustrissimum
1212 2067 1378 2141 Poloniae
1404 2088 1523 2159 regern
1539 2069 1704 2160 pertinet.
1730 2068 1771 2139 lu

220 2192 284 2275 qua
311 2186 355 2257 ob
382 2187 521 2279 longam
549 2188 827 2281 desertationem,
854 2209 1017 2262 umnerus
1044 2189 1223 2261 laneorum
1250 2190 1333 2261 sciri
1351 2211 1419 2262 uon
1436 2195 1561 2281 potest.
1587 2189 1660 2261 Alii
1677 2206 1772 2261 asae·

218 2312 298 2377 runt
323 2312 361 2379 et
388 2308 514 2399 nerino,
542 2309 635 2400 quod
661 2310 732 2381 illio
759 2310 842 2383 villa
868 2332 1041 2402 nunquam
1069 2308 1185 2401 fuerit,
1213 2311 1275 2381 sed
1303 2310 1395 2401 quod
1422 2332 1564 2402 campus
1590 2308 1771 2401 praefatus

218 2429 385 2519 pertinuit
412 2432 630 2522 pertinetque
657 2432 702 2503 ad
728 2432 846 2505 villam
872 2432 1003 2523 regiam
1031 2430 1291 2524 Gouilnily,
1318 2434 1354 2503 iu
1381 2433 1479 2504 ouius
1496 2432 1674 2504 vicinitate
1693 2452 1773 2503 oon·

218 2550 316 2641 sistit,
344 2556 382 2621 et
408 2572 509 2642 quern
537 2553 736 2625 amethoues
764 2554 806 2625 de
834 2552 1086 2645 Gobilnilry
1113 2554 1772 2645 111111111111111111,1111111111

219 2672 287 2743 illic
313 2692 435 2745 cerasa
462 2651 795 2766 Wyaznyowlra
821 2675 857 2747 in
883 2675 1042 2765 polonico
1069 2674 1283 2767 appellatus,
1310 2681 1347 2774 et
1373 2676 1470 2748 cuius
1496 2675 1663 2747 decimam
1692 2696 1773 2765 pro·

220 2794 302 2884 puiis
329 2795 491 2868 curribus
519 2794 711 2867 conducere
738 2795 783 2867 ad
809 2796 973 2870 horreum
1001 2818 1022 2869 a
1047 2797 1248 2887 praeposito
1265 2796 1449 2870 locandum
1465 2802 1648 2888 tenentum
1674 2796 1774 2870 valor

126 2928 131 2936 ’
220 2915 371 2987 decimae
398 2914 575 3006 praefatae
602 2917 805 3011 aestimatur
832 2918 877 2989 ad
903 2918 990 2991 duas
1016 2936 1160 2991 mareas.

321 3036 618 3129 Nummorum,
647 3039 730 3111 villa
756 3040 820 3111 sub
847 3039 1013 3129 parocbia
1040 3040 1206 3111 acclesiae
1231 3038 1276 3110 de
1302 3038 1539 3111 ourouerz
1567 3040 1644 3130 sita
1673 3040 1772 3112 cuius

220 3157 387 3229 baeredes
404 3158 583 3233 Jobanues
610 3160 958 3251 Nyeprowszlry
985 3160 1028 3234 de
1047 3159 1149 3233 domo
1168 3160 1449 3251 Wyenyawa,
1466 3162 1552 3232 item
1571 3160 1774 3250 Stanislaua‚
1871 3194 1873 3197 ⁴

124 3313 125 3320 1
219 3278 297 3350 item
333 3278 652 3373 Ouarnoozky,
683 3282 767 3356 item
803 3281 1131 3372 Przeozslaus‚
1163 3281 1332 3354 babentes
1368 3285 1518 3373 quatuor
1543 3282 1703 3372 praedia,
1730 3282 1774 3353 de

220 3402 341 3492 quibus
380 3402 539 3475 omnibus
574 3403 714 3476 solvunt
749 3403 916 3476 decimam
952 3404 1203 3495 manipularem
1238 3403 1404 3475 ecclesiae
1439 3402 1630 3494 parochiali
1657 3401 1776 3474 Sancti

221 3521 402 3594 Laurentii
437 3530 518 3596 ante
554 3523 811 3596 Vislioiam.
851 3525 938 3597 ltern
966 3531 1020 3598 est
1045 3525 1095 3596 ibi
1122 3545 1212 3598 unus
1238 3525 1359 3597 laneus
1386 3524 1630 3613 emethoualis‚
1656 3524 1774 3614 largos

222 3643 350 3717 babens
380 3665 528 3738 campos,
556 3646 591 3718 in
619 3667 686 3738 quo
715 3653 864 3738 quatuor
890 3647 1090 3726 1111111111
1117 3646 1281 3720 resident.
1308 3646 1396 3718 Item
1424 3650 1507 3717 sunt
1533 3649 1666 3736 septem
1692 3644 1774 3716 bor-

221 3767 391 3858 tulaniae,
418 3767 586 3841 babentes
622 3788 778 3860 campos,
806 3769 848 3840 de
876 3769 1000 3860 quibus
1028 3768 1188 3840 omnibus
1215 3767 1362 3838 solvitur
1388 3766 1522 3838 decima
1547 3765 1774 3856 manipularis

221 3888 441 3977 praebendae
476 3896 512 3962 et
547 3891 766 3962 canonicatui
801 3890 1000 3962 Vislicieusi
1036 3889 1151 3961 dictae
1187 3887 1463 3978 Nyeprowszlm,
1489 3892 1526 3958 11
1550 3906 1615 3978 per
1640 3886 1773 3960 incolas

221 4009 359 4082 ducitur
393 4011 548 4102 propriis
580 4011 738 4084 curribus
774 4012 810 4082 in
844 4011 1009 4084 borreum
1045 4031 1066 4082 a
1093 4009 1257 4082 canonico
1283 4009 1485 4096 locandum,
1512 4013 1549 4079 et
1574 4007 1673 4079 valor
1698 4007 1773 4078 eius

222 4133 425 4231 aestimatur
461 4132 506 4204 ad
534 4137 682 4224 quatuor
718 4153 863 4206 marcas.
901 4133 989 4204 Item
1026 4131 1194 4204 decimum
1220 4131 1344 4225 canapi
1370 4130 1511 4204 solvunt
1536 4149 1600 4220 per
1627 4133 1776 4220 quatuor

221 4251 361 4343 iorugaa
388 4253 431 4324 de
456 4253 566 4326 11111.
602 4253 690 4328 Item
717 4261 771 4328 est
797 4255 846 4326 ibi
873 4275 943 4326 uua
968 4255 1117 4326 taberna
1142 4255 1275 4326 babens
1302 4273 1425 4344 agros,
1451 4251 1774 4342 cuius-proprietas
1853 4245 1859 4252 '

221 4375 373 4464 pertinet
399 4374 444 4446 ad
470 4376 649 4448 eeclesiam
676 4382 712 4448 et
738 4376 923 4468 plebanum
949 4375 1067 4448 Sancti
1093 4375 1276 4448 Laurentii
1302 4378 1384 4446 ante
1406 4373 1666 4462 Visliciam‚
1685 4391 1773 4462 quae

220 4515 282 4586 pro
300 4515 416 4570 rensu
441 4502 478 4570 et
502 4517 566 4589 pro
594 4497 726 4572 111111
751 4497 977 4590 manipulari,
1004 4497 1108 4572 solvit
1134 4494 1246 4570 cidem
1271 4495 1420 4587 plebano
1446 4493 1564 4567 Sancti
1591 4490 1773 4566 Laurentii

223 4616 306 4692 duaa
333 4639 469 4690 marcas
495 4621 685 4692 aunuatim.

325 4739 512 4834 Ruunwn,
539 4741 622 4814 villa
648 4742 712 4814 sub
739 4741 905 4833 parocbia
931 4741 1095 4814 ecelesiae
1122 4741 1166 4812 de
1183 4738 1418 4811 (ibroberz
1446 4737 1525 4827 sita,
1539 4735 1636 4810 ouius
1653 4735 1797 4806 baare·-

227 4859 287 4934 des
304 4859 458 4938 Jacobus
477 4867 514 4935 et
530 4861 708 4936 Jobannes
736 4863 778 4934 de
805 4862 1135 4955 Myedzigorze
1161 4860 1295 4932 nobiles
1313 4858 1357 4930 de
1375 4856 1776 4947 armisKopaszina

224 4981 262 5052 ln
290 5005 359 5074 qua
394 4991 476 5056 sunt
512 4964 580 5056 duo
616 4985 709 5058 lanei
745 4985 978 5058 amethouales
1014 5003 1091 5054 curn
1123 4981 1265 5053 dimidio
1291 4979 1410 5070 laneo,
1438 4979 1523 5050 item
1550 4981 1604 5049 est
1630 4977 1680 5048 ibi
1706 4995 1776 5048 uno
1866 5066 1868 5071 Ι

224 5104 370 5178 taberna
395 5105 527 5179 babens
554 5127 667 5199 agrae,
695 5107 737 5178 de
764 5107 889 5198 quibus
916 5105 1074 5180 omnibus
1102 5103 1249 5176 solvitm
1276 5101 1410 5173 decima
1426 5099 1652 5190 manipularis
1670 5117 1774 5169 cano·

222 5225 355 5298 1111111
387 5233 429 5307 ‚et
463 5228 682 5318 praebendae
719 5227 1019 5319 Nycprowszlryey
1056 5231 1092 5297 et
1127 5218 1259 5296 ducunt
1293 5243 1369 5294 earn
1397 5223 1596 5292 cmetboues
1622 5219 1775 5310 propriis
1913 5263 1917 5276 ·

225 5348 383 5420 curribus
419 5349 454 5420 in
481 5349 644 5422 lmrreum
671 5370 693 5422 a
719 5350 883 5422 canonico
910 5347 1110 5436 locandum,
1138 5351 1174 5416 et
1200 5345 1341 5417 solvunt
1367 5343 1535 5416 decimam
1562 5342 1685 5430 canapi
1711 5360 1775 5430 por

124 5507 128 5514 ·
225 5473 372 5558 quatuor
399 5471 547 5561 ierugos,
574 5475 611 5542 11
636 5470 735 5542 valor
762 5469 914 5542 decimae
941 5469 1147 5541 aestimatur
1174 5467 1218 5538 ad
1246 5471 1397 5556 quatuor
1414 5481 1559 5535 marcas.
1586 5463 1674 5535 1111
1691 5466 1775 5538 suut

225 5587 273 5660 ibi
300 5591 388 5667 duae
424 5593 541 5678 curiae
578 5591 781 5664 militarium
817 5596 853 5663 et
886 5591 956 5662 duo
983 5588 1141 5680 praedia,
1168 5587 1212 5660 dc
1239 5587 1363 5678 quibus
1390 5577 1523 5656 decima
1548 5582 1774 5674 manipularis

227 5709 373 5786 uoluitur
399 5713 564 5787 eoolesiao
591 5713 784 5806 parochiali
810 5711 929 5788 Sancti
954 5710 1136 5784 Laurentii
1166 5714 1247 5784 aute
1273 5707 1532 5780 Visliciam.
