4550 6600
539 756 612 826 562

539 968 595 1033 est
623 962 736 1033 Beato
764 959 917 1031 Thomae
944 956 1128 1049 Apostolo,
1156 958 1192 1029 in
1219 956 1431 1031 evidentiam
1457 964 1575 1031 autem
1601 960 1734 1051 patrati
1760 979 1823 1050 per
1849 958 2057 1038 Beatissimm

538 1083 748 1155 Stanislaum
774 1080 942 1170 miraculi,
969 1080 1076 1151 etiam
1101 1080 1169 1169 ipsi
1197 1078 1322 1151 Sancto
1351 1079 1534 1183 Smnisbo,
1562 1080 1687 1153 titulus
1713 1080 1788 1153 eius
1814 1081 2007 1171 ascribitur,
2032 1087 2058 1159 in

539 1185 637 1278 cuius
663 1204 797 1276 duabus
823 1202 1085 1291 festivitatibus,
1111 1201 1290 1273 Passionis
1316 1200 1480 1273 videlicet
1507 1208 1543 1275 et
1562 1202 1826 1292 Translationis,
1853 1223 1973 1293 magna
1993 1209 2059 1279 nul·

537 1326 652 1399 titudo
687 1325 898 1397 Polonorum
934 1324 1024 1395 solet
1058 1323 1109 1395 ibi
1145 1344 1188 1395 ex
1215 1322 1398 1395 devotione
1433 1324 1626 1396 convenire.
1672 1321 1778 1413 Cuius
1816 1323 1950 1414 quidem
1981 1326 2059 1401 villae

538 1449 735 1541 proprietas
762 1446 806 1518 ad
834 1446 1033 1537 episcopum
1046 1443 1312 1517 cracoviensem
1339 1446 1499 1535 pertinet,
1529 1466 1617 1535 quae
1643 1445 1727 1517 licet
1753 1466 1817 1535 per
1834 1446 1958 1517 multos
1976 1469 2061 1523 annor

539 1570 693 1642 nescitur
720 1590 763 1640 ex
791 1589 860 1658 qua
886 1588 990 1639 causa
1017 1567 1072 1637 vel
1100 1586 1199 1656 casu,
1226 1566 1331 1637 fuerit
1358 1567 1402 1638 ab
1429 1587 1470 1639 eo
1498 1566 1666 1657 alienata,
1693 1566 1947 1639 illustrissimus
1970 1578 2060 1643 tanen

539 1692 700 1783 princeps
727 1689 1005 1761 Vladislaus
1031 1688 1214 1759 Primus
1242 1693 1385 1761 vocatus
1404 1687 1594 1779 ,Lakter
1621 1688 1785 1760 Poloniac
1812 1709 1876 1759 rex
1892 1694 1985 1779 pater
2007 1690 2060 1763 Ga·

541 1812 696 1884 simiri
723 1810 924 1883 Secundi
951 1808 1116 1881 Polouiae
1144 1809 1247 1899 regia,
1274 1809 1367 1881 illan'r
1396 1828 1437 1880 ex
1465 1810 1602 1899 integro
1630 1808 1853 1881 Gracoviensi
1880 1811 2062 1901 episcopatui

540 1934 715 2024 restituit,
750 1933 888 2023 dequo
924 1931 1097 2003 habentur
1131 1931 1256 2001 literae
1291 1950 1374 2003 suae
1406 1932 1442 2001 in
1470 1931 1605 2002 aerario
1642 1930 1808 2003 ecclesiae
1846 1930 2055 2007 Crotoniensis

540 2056 726 2128 Fabricata
752 2060 948 2127 astantem
974 2052 1171 2125 huiusmodi
1199 2052 1345 2125 ecclesia
1371 2074 1489 2142 muro,
1526 2073 1589 2143 per
1615 2051 1810 2143 praelatum
1847 2042 2062 2145 Sbigneun

543 2177 754 2249 cardinalem
789 2181 827 2248 et
853 2176 1052 2267 episcopum
1088 2173 1353 2247 Oracoviensem
1390 2195 1480 2247 anno
1504 2174 1662 2257 ,Domini
1696 2176 1793 2245 1441
1842 2182 1878 2245 et
1913 2196 2061 2265 peram

541 2300 620 2372 dem
648 2304 850 2371 consecrata
877 2304 913 2369 et
939 2296 1106 2369 dedicata.
1147 2296 1188 2368 ln
1220 2317 1288 2387 qua
1319 2302 1400 2369 sunt
1430 2297 1578 2387 triginta
1616 2296 1710 2369 lanei
1737 2297 1977 2388 cmetbonaleq
2000 2298 2061 2371 iton

294 2506 297 2515 Ι
407 2476 417 2491 .
541 2421 723 2513 praedium
750 2421 918 2511 optimum
945 2418 1159 2510 episcopale,
1186 2419 1272 2491 item
1286 2439 1354 2492 una
1371 2419 1571 2491 hortulania
1588 2418 1804 2509 episcopalis,
1833 2418 1960 2491 babens
1976 2441 2061 2512 apos,

542 2544 627 2614 item
655 2549 730 2614 tres
756 2542 922 2613 tabernae
957 2540 1097 2631 plebani
1123 2540 1293 2612 babentes
1321 2560 1439 2631 agros,
1475 2540 1518 2611 dc
1546 2540 1671 2630 quibus
1699 2540 1861 2613 omnibus
1887 2540 2017 2613 solvitur
2036 2550 2062 2615 et

542 2665 748 2737 conducitur
774 2664 908 2734 decima
941 2662 1168 2752 manipularis
1196 2668 1232 2734 ct
1259 2662 1434 2753 canapalis
1462 2683 1525 2753 pro
1553 2662 1762 2765 ecclesiast
1788 2662 1935 2752 plebano
1962 2662 2060 2735 ibidcn

542 2786 580 2857 in
606 2785 898 2877 Pyotrawyn,
926 2783 1024 2855 cuius
1043 2784 1142 2855 valor
1169 2784 1213 2855 ad
1240 2784 1386 2874 triginta
1412 2804 1546 2855 marcas
1573 2783 1786 2855 aestimatur.
1813 2784 1903 2855 Item
1927 2784 2061 2873 plebanus

539 2905 751 2979 et'ecclesia
784 2906 892 2978 habet
926 2905 1075 2996 speciale
1111 2904 1290 2996 praedium
1319 2906 1355 2977 in
1382 2905 1503 2977 eadem
1539 2905 1640 2995 villa,
1676 2906 1762 2977 satis
1798 2905 1976 2996 optimum,
2004 2927 2060 2977 cun

544 3029 642 3101 curia
667 3028 807 3118 plebani
834 3033 870 3099 et
895 3028 1019 3116 hortis,
1046 3026 1155 3099 babet
1181 3028 1286 3098 etiam
1313 3027 1482 3117 plebanus
1500 3027 1536 3098 in
1555 3026 1673 3099 eadem
1698 3026 1780 3097 villa
1798 3028 1948 3117 quinque
1963 3026 2060 3116 laneos

544 3151 580 3221 in
607 3150 732 3240 quibus
761 3149 883 3221 sedent
910 3150 1118 3239 emethones,
1146 3149 1228 3219 item
1246 3154 1319 3221 tres
1337 3150 1502 3221 tabernas
1520 3148 1689 3221 habentes
1708 3167 1824 3238 agros,
1853 3168 1937 3238 quae
1954 3148 2060 3219 solvunt

543 3293 608 3363 prro
635 3292 741 3344 censu
767 3271 913 3361 plebano
942 3272 1118 3362 quaelibet
1145 3291 1208 3362 per
1233 3277 1307 3344 tres
1340 3270 1511 3360 fertones,
1538 3277 1575 3343 et
1602 3270 1747 3362 quilibet
1782 3277 1888 3362 parat
1912 3270 2060 3344 brascact

545 3393 622 3484 quit
650 3393 832 3465 cervisiam
859 3393 1041 3464 alternatis
1064 3393 1198 3465 vicibus
1217 3413 1280 3484 pro
1308 3393 1465 3484 plebano.
1505 3395 1594 3466 Item
1628 3394 1714 3466 daras
1747 3393 1961 3465 hortulanias
1985 3392 2061 3463 lubet

544 3515 608 3586 sed
634 3537 703 3587 non
739 3515 869 3587 babent
904 3535 1009 3606 agros
1045 3520 1081 3587 et
1118 3515 1263 3605 quilibet
1298 3516 1537 3589 tantummodo
1574 3536 1676 3588 unam
1713 3515 1802 3587 diem
1842 3516 1878 3586 in
1905 3514 2059 3606 septimana

546 3638 683 3711 laborat
708 3637 880 3729 pedester,
908 3656 1047 3709 censum
1074 3643 1191 3709 autem
1218 3657 1285 3710 non
1314 3638 1462 3710 solvunt.

652 3758 820 3849 Gronuo,
847 3759 930 3830 villa
957 3761 1022 3831 surb
1049 3759 1216 3851 parocbia
1242 3759 1285 3832 de
1311 3759 1577 3852 Pyotrauin
1604 3760 1680 3850 sita,
1708 3759 1804 3831 cuius
1833 3756 2060 3850 proprietasad

544 3883 790 3954 monasterium
806 3881 966 3953 'Sanctae
995 3880 1115 3953 Crucis
1144 3880 1276 3954 Calvi
1303 3869 1478 3954 Montis
1505 3882 1667 3973 pertinet.
1694 3881 1734 3952 In
1754 3903 1823 3973 qua
1842 3887 1921 3954 sunt
1937 3865 2059 3952 undecim

545 4003 639 4074 lanei
666 4003 916 4093 cm'etbonales,
951 4003 1035 4075 item
1061 4009 1134 4076 tres
1162 4003 1329 4077 tabernae
1355 4004 1523 4076 habentes
1551 4023 1674 4094 agros,
1709 4003 1752 4075 de
1780 4003 1905 4094 quibus
1938 3999 2058 4073 omnibus

545 4125 693 4196 solvitur
720 4131 757 4195 et
783 4124 988 4196 conducitur
1014 4124 1148 4198 decima
1173 4126 1455 4216 manipulariset
1473 4126 1648 4217 canapalis
1676 4145 1740 4215 pro
1757 4103 1962 4198 monasterio
1984 4141 2057 4213 prae

552 4246 625 4317 fato
661 4244 808 4317 Sanctae
844 4245 984 4337 Crucis,
1020 4247 1117 4319 cuius
1154 4247 1253 4318 valor
1288 4247 1333 4319 ad
1364 4267 1425 4318 sex
1460 4267 1604 4318 marcas.
1640 4247 1718 4320 Non
1746 4251 1801 4318 est
1827 4247 1878 4318 ibi
1910 4243 2058 4336 praediun,

401 4369 405 4374 ’
547 4387 659 4458 neque
685 4367 914 4440 hortulaniae.

650 4488 919 4580 Kunrscuunv,
947 4490 1030 4560 villa
1057 4490 1121 4561 sub
1149 4490 1314 4581 parochia
1342 4490 1384 4562 de
1411 4489 1439 4561 P
1448 4491 1719 4582 yothravyn
1747 4491 1826 4580 sita,
1852 4489 1945 4564 cuius
1968 4487 2058 4558 haeres

547 4611 713 4683 Nicolaus
739 4609 923 4702 Ozayka
949 4611 992 4682 de
1020 4611 1158 4703 Nowy
1181 4603 1327 4702 duur,
1364 4613 1491 4684 nobilis
1519 4613 1561 4684 de
1589 4612 1691 4691 domo
1718 4613 1926 4685 Dambno.
1958 4609 1990 4680 ln
2011 4626 2058 4696 qua

548 4737 630 4803 suut
656 4732 749 4803 lanei
777 4733 1030 4822 emethonales,
1066 4733 1150 4804 item
1178 4733 1356 4824 praedium
1394 4735 1544 4806 militare
1581 4755 1705 4824 unum,
1741 4734 1824 4806 item
1861 4735 1991 4805 taberna
2011 4745 2057 4798 unt

547 4854 679 4925 habens
706 4873 819 4944 agros,
846 4854 889 4930 de
918 4855 1042 4944 quibus
1068 4855 1218 4926 solvitur
1242 4861 1277 4927 et
1295 4856 1500 4928 conducitur
1527 4855 1660 4928 decima
1686 4856 1909 4946 manipularis
1933 4859 1965 4925 et
1986 4867 2057 4921 cana·

548 4976 638 5067 palis
665 4977 830 5048 ecclesiae
858 4977 894 5046 iu
921 4975 1196 5068 Pyotrauiu,
1224 4984 1259 5050 et
1287 4979 1385 5050 valor
1403 4979 1477 5050 eius
1496 4979 1540 5052 ad
1568 4985 1699 5069 septem
1726 4999 1861 5050 marcas
1887 4975 2056 5048 aestimatur.

582 5112 586 5129 ¹
652 5097 836 5187 Knuruu,
871 5098 956 5169 villa
982 5099 1046 5169 sub
1073 5100 1241 5189 parocbia
1268 5100 1310 5170 de
1338 5099 1551 5190 Pyotraw
1561 5121 1618 5192 yn
1654 5101 1741 5190 sita,
1777 5100 1875 5171 cuius
1901 5095 2054 5189 proprietas

548 5219 593 5289 ad
618 5219 878 5290 serenissimum
914 5219 1079 5293 Poloniac
1106 5239 1224 5311 regern
1263 5222 1425 5312 pertinet.
1460 5222 1501 5292 In
1529 5243 1596 5312 qua
1622 5227 1704 5294 sunt
1729 5222 1821 5294 lanei
1856 5215 2054 5297 cmethonales,

549 5342 634 5411 item
665 5342 844 5431 praedium
872 5364 975 5415 unum
1003 5344 1140 5434 regale,
1166 5345 1250 5415 item
1277 5345 1433 5435 taberna,
1461 5344 1648 5435 dequibus
1676 5344 1877 5417 salutaret
1895 5337 2054 5414 conducitur

549 5458 682 5533 decima
707 5464 933 5554 manipularis
952 5470 988 5536 et
1008 5465 1183 5557 canapalis
1210 5487 1274 5557 pro
1293 5467 1438 5538 ecclesia
1465 5466 1501 5537 iu
1528 5465 1853 5558 Pyothrawyn,
1880 5465 1966 5536 cuius
1987 5457 2062 5530 valor.

463 5600 467 5612 ·
550 5584 755 5656 aestimatur
764 5586 808 5656 ad
819 5586 999 5658 duodecim
1013 5609 1157 5660 marcas.
1176 5589 1264 5660 Item
1280 5587 1778 5678 ineadem,babetecclesiade
1792 5588 2052 5679 Pyothravyu

551 5704 663 5776 lacum
691 5707 829 5796 bonnm,
857 5727 932 5780 cum
961 5712 1053 5781 omni
1080 5713 1295 5802 proprietate
1322 5717 1358 5783 et
1384 5709 1554 5801 dominio,
1582 5711 1618 5782 in
1647 5732 1714 5802 quo
1741 5709 1855 5820 nullus
1880 5709 1960 5780 alius
1980 5698 2053 5774 haba
