4550 6600
481 726 607 845 ’466
713 880 717 891 ι

532 986 567 1053 61
592 970 720 1052 ibidem
746 982 902 1069 pratum.¹
921 960 1016 1049 Item
1034 977 1143 1055 habet
1168 976 1335 1067 piscinam
1363 983 1443 1049 ante
1469 978 1659 1050 ecclesiam.
1685 978 1774 1051 Item
1796 980 1934 1053 invilla
1960 978 2078 1053 Scze-

531 1121 696 1173 116616
721 1100 829 1173 habat
856 1080 1023 1171 decimam
1049 1100 1302 1190 manipularem
1328 1105 1409 1191 post
1436 1122 1540 1191 agros
1568 1102 1715 1192 scolteti,
1743 1101 1779 1173 iu
1806 1102 1925 1175 valore
1952 1102 2080 1175 mediae

511 1229 677 1294 -murcae
704 1222 793 1293 Item
820 1222 959 1293 invilla
984 1222 1288 1313 Ly'ashowku,
1316 1224 1381 1295 sub
1399 1224 1566 1314 parochia
1584 1224 1627 1295 de
1653 1221 1983 1315 Oporzischo'w
2010 1226 2080 1316 sita
2156 1320 2158 1323 Α

531 1346 639 1418 habet
666 1319 832 1416 decimam
860 1344 1109 1435 manipularem
1146 1350 1226 1435 post
1252 1366 1357 1436 agros
1383 1346 1537 1437 scolteti,
1566 1366 1655 1438 quac
1681 1348 1883 1419 aestimatur
1910 1347 1957 1418 ad
1982 1368 2080 1419 unum
2156 1324 2158 1363 ³

534 1466 713 1539 fertonem.
739 1467 827 1538 Item
846 1467 882 1537 in
901 1458 988 1538 villa
1010 1466 1282 1539 Ohrzustow
1308 1468 1372 1539 sub
1390 1468 1557 1558 parochia
1579 1467 1623 1539 (16
1648 1465 1984 1559 Oporzischou
2010 1470 2082 1559 sita,

533 1590 652 1662 habet.
667 1590 834 1661 decimam
861 1589 1110 1680 manipularem
1137 1594 1219 1680 post
1245 1605 1349 1681 agros
1376 1574 1590 1682 6166616166,
1618 1592 1715 1663 66166
1743 1591 1842 1663 16161
1867 1592 1913 1662 ad
1940 1590 2084 1662 molliam

534 1732 686 1784 marcam
714 1712 926 1783 aestimatur.
953 1712 1041 1782 Item
1059 1712 1094 1803 in
1113 1711 1197 1783 villa
1222 1711 1462 1785 Zelazowu
1488 1711 1649 1803 Wolya
1675 1713 1783 1785 hahet
1800 1712 1971 1785 decimam
1990 1732 2084 1803 6166

535 1833 679 1924 (1161616,
714 1832 750 1903 16
777 1821 896 1905 ’161616
922 1832 1023 1903 66166
1050 1830 1206 1904 fertonis.
1250 1832 1338 1904 Item
1373 1834 1479 1905 habet
1513 1833 1735 1906 medietatem
1770 1834 1971 1924 molendini,
1999 1834 2085 1924 quod

535 1956 639 2027 sltum
666 1955 781 2025 66116
808 1954 1027 2045 graniciahus
1055 1954 1173 2045 oppidi
1200 1953 1373 2046 Zabno,
1400 1954 1443 2027 (16
1470 1976 1538 2046 quo
1565 1956 1634 2028 sibi
1658 1976 1724 2047 pro
1750 1976 1855 2028 66666
1881 1956 2087 2046 proueniunt

536 2058 661 2167 ¹viginti
687 2076 809 2167 grossi.
854 2070 920 2148 Est
947 2076 1051 2147 etiam
1079 2076 1173 2148 circa
1199 2076 1414 2167 praedictum
1442 2077 1675 2149 molendinum
1702 2061 1787 2168 ager
1812 2076 2024 2171 praedialis,
2048 2076 2088 2147 de

538 2220 606 2289 quo
624 2199 781 2270 'solvitur
807 2198 939 2269 (1661166
965 2198 1191 2290 manipularis
1217 2220 1282 2290 pro
1310 2199 1517 2271 6661661616
1544 2198 1878 2291 Oporzischow
1908 2200 1946 2271 iu
1974 2198 2088 2271 661616

538 2322 640 2392 unius
667 2319 821 2392 serlonis.

643 2440 920 2533 Cercasorum,
961 2443 1044 2514 villa
1071 2443 1135 2515 sub
1162 2444 1330 2533 parochia
1364 2444 1530 2515 ecelesiae
1556 2442 1600 2515 de
1626 2442 1975 2535 Oporzyschow
2015 2442 2086 2535 situ,
2128 2522 2135 2529 ,

539 2566 636 2636 66166
672 2566 794 2637 haeres
833 2564 986 2635 Iacobus
1021 2563 1453 2656 Oporzyschowskp
1487 2566 1574 2637 alias
1610 2544 2016 2656 Ghrausthomslry
2049 2566 2088 2636 dc

539 2686 640 2757 domo
667 2685 1009 2777 Sthrzegomya.
1036 2686 1076 2757 In
1105 2708 1175 2777 qua
1198 2693 1283 2759 sunt
1310 2687 1378 2759 (166
1405 2687 1497 2759 16661
1525 2688 1771 2777 cmcthonales,
1799 2688 1999 2778 dequibus
2025 2687 2088 2758 sol·

538 2810 633 2881 vitur
659 2806 792 2879 decima
808 2808 1043 2897 manipularis
1071 2814 1108 2879 et
1134 2830 1198 2899 per
1224 2814 1376 2899 quatuor
1401 2810 1543 2900 ierugas
1568 2810 1744 2900 canapalis
1770 2810 1903 2880 decano
1930 2808 2088 2895 (1166611-

540 2931 623 3020 ensi,
651 2930 747 3001 cuius
775 2928 872 3001 valor
899 2930 1106 3001 aestimatur
1124 2930 1168 3000 ad
1186 2930 1273 3001 duas
1299 2932 1444 3003 marcas.
1470 2931 1558 3002 Item
1576 2908 1632 3003 cst
1658 2931 1707 3002 ihi
1729 2930 1910 3021 praedium
1929 2932 2084 3016 militare,

539 3052 582 3122 de
610 3052 706 3122 cuius
734 3052 828 3140 agris
855 3050 989 3123 decima
1015 3040 1165 3124 solvitur
1192 3052 1357 3129 ecclcsiae
1384 3059 1421 3124 et
1446 3033 1595 3145 61611666
1613 3053 1657 3124 'in
1684 3051 2036 3143 Oporzyschou.

643 3171 917 3263 Lrnszuoumm,
944 3174 1028 3245 villa
1054 3174 1118 3245 sub
1145 3175 1312 3264 parochia
1338 3174 1381 3246 dc
1407 3173 1749 3266 Oporzyschow
1775 3176 1857 3265 sita,
1884 3176 1984 3247 cuius
2010 3176 2086 3245 hae-

539 3315 597 3366 res
623 3293 801 3366 lohannes
827 3293 1181 3387 Rahschtinsky
1207 3296 1251 3368 de
1279 3297 1380 3370 domo
1407 3297 1723 3390 Bippennium.
1749 3299 1789 3368 In
1818 3303 1989 3388 quasunt
2010 3319 2086 3389 qua-

541 3423 621 3487 tuor
648 3436 724 3486 cum
750 3415 864 3488 medio
892 3415 983 3488 lanei
1010 3417 1263 3510 cmcthonales,
1304 3421 1347 3490 de
1379 3421 1504 3511 quihus
1539 3419 1677 3490 decima
1707 3420 1936 3510 manipularis
1971 3424 2087 3510 61661

542 3543 691 3628 quatuor
717 3539 855 3628 ierugas
882 3540 1058 3629 canapalis
1085 3541 1216 3612 (166666
1244 3540 1474 3632 cracoviensi,
1501 3547 1538 3613 et
1555 3541 1654 3613 valor
1672 3542 1748 3612 eius
1766 3542 1811 3612 ud
1833 3546 1987 3632 'quatuor
2004 3563 2087 3613 mar-

541 3681 599 3732 cas
627 3661 839 3731 aestimatur.
866 3659 915 3732 Et
940 3662 1022 3733 licet
1048 3663 1179 3734 haeres
1198 3663 1291 3734 colat
1317 3663 1403 3735 duos
1429 3664 1548 3735 laneos
1575 3664 1819 3759 emethonales,
1846 3664 1953 3735 solvit
1978 3671 2085 3735 166166

540 3770 706 3854 decimam
734 3782 777 3853 dc
805 3783 934 3856 eisdem
961 3783 1089 3856 decano
1118 3787 1162 3856 in
1177 3782 1393 3880 6661116666
1420 3786 1509 3857 Item
1535 3791 1591 3856 cst
1617 3784 1666 3856 ibi
1693 3806 1799 3857 unum
1826 3786 2023 3876 praedium,
2048 3785 2085 3856 dc

541 3906 637 3978 cuius
664 3906 758 3996 agris
786 3905 977 3988 decimatur
1003 3907 1168 3978 ecclesiae
1193 3913 1231 3978 et
1256 3906 1403 3998 plebano
1430 3907 1466 3979 in
1494 3906 1848 4000 Oporzyschow.

645 4026 900 4119 Znanzowrm,
942 4028 1025 4100 villa
1053 4029 1116 4102 suh
1143 4030 1311 4120 parochia
1337 4030 1502 4102 ecclesiae
1528 4030 1572 4101 de
1603 4027 1960 4120 Oporzyschour,
2000 4030 2087 4100 cuius

542 4150 666 4220 haeres
693 4148 1294 4243 Iohannesllhrzasthowslry
1321 4151 1364 4222 de
1391 4151 1493 4224 domo
1521 4150 1834 4244 Strzegomya.
1856 4152 1902 4222 16
1921 4173 1990 4242 qua
2015 4157 2087 4222 6661

543 4271 694 4362 quinque
721 4272 812 4342 lanei
839 4277 875 4343 61
901 4273 1034 4364 aliquot
1061 4279 1239 4378 quartae,
1263 4274 1306 4345 (16
1333 4275 1458 4365 quihus
1486 4274 1620 4345 decima
1645 4272 1826 4345 1611666116
1854 4274 2004 4345 66111161
2029 4293 2084 4363 616

543 4391 673 4465 (166666
701 4391 932 4485 Oracoviensi,
959 4395 1121 4482 uidelicet
1147 4417 1218 4467 una
1244 4415 1429 4485 sexagena·
1443 4400 1481 4466 et
1507 4401 1657 4486 quatuor
1682 4396 1805 4486 grossi.
1914 4406 1921 4416 '

647 4513 876 4605 Wsznrmrm,
905 4517 986 4589 villu
1012 4518 1076 4590 sub
1104 4517 1271 4608 parochia
1297 4517 1341 4588 dc
1367 4516 1708 4609 Oporzyschow
1734 4517 1820 4608 sits,
1846 4513 1949 4588 ’66166
1974 4517 2086 4587 haeres

535 4635 720 4710 'Iohannes
756 4637 1111 4729 Rupschtinsky
1147 4639 1190 4711 de
1219 4639 1321 4710 domo
1348 4640 1667 4730 Bippennium.
1708 4638 1748 4709 In
1776 4657 1846 4728 qua
1872 4641 1956 4708 sunt
1981 4637 2086 4708 (16666

544 4759 636 4830 16661
664 4757 906 4850 (66616666166,
934 4759 976 4831 (16
1005 4761 1128 4852 quihus
1155 4781 1220 4852 pro
1248 4761 1380 4831 decima
1405 4759 1570 4832 fertonali
1589 4760 1772 4835 solvuntur
1789 4759 1879 4832 duae
1898 4778 2086 4850 senegaune,

544 4902 608 4973 pro
635 4880 766 4954 decano
793 4881 1024 4954 cracoviensi.
1594 4872 1598 4881 ’
1981 4888 1984 4893 ⁴

657 5002 771 5076 Villae
811 5005 1045 5095 parochiales:
1086 4988 1439 5097 Oporzischo'w,
1475 5003 1772 5096 G‘hrasthow,
1807 5002 2085 5094 Lyaskowha

475 5167 476 5174 κ
546 5123 1255 5219 Scheraza,ZelazowaWolya.

583 5265 586 5270 ’
1223 5248 1439 5322 Orurmow.
1571 5339 1575 5344 Α

649 5371 744 5444 Villa
770 5373 902 5444 hahens
929 5373 965 5445 in
994 5391 1030 5442 se
1057 5371 1291 5462 parochialem
1327 5371 1507 5442 ecclesium
1534 5371 1701 5473 ligneam,
1728 5369 1856 5442 Sancto
1884 5370 1992 5442 Petro
2017 5389 2086 5460 apo

547 5496 637 5566 stolo
665 5496 824 5591 dicatum,
852 5497 949 5568 66166
976 5495 1144 5566 haeredes
1171 5500 1208 5565 61
1234 5494 1373 5584 patroni
1399 5493 1579 5564 Iohannes
1605 5493 1649 5563 de
1666 5493 1908 5577 Drochecz
1935 5494 1980 5565 de
1996 5492 2086 5564 armis

547 5603 747 5707 Zabuma,
776 5615 1014 5707 Sigismundus
1042 5617 1084 5687 dc
1112 5615 1305 5687 Toc'hou
1331 5615 1375 5686 de
1394 5615 1500 5693 armis
1519 5613 1793 5704 Grillonum,
1816 5613 2030 5706 Naszpon
2053 5612 2087 5683 dc

548 5734 798 5828 Pyrszicze
826 5722 2089 5828 (1661616816666616166111166161((166161661111116666.
