4550 6600
528 750 604 821 480
740 750 743 759 '

525 957 679 1048 antiquis
704 958 939 1047 temporibuS,
974 962 1051 1031 tota
1077 957 1211 1031 decima
1237 962 1461 1051 manipularis
1488 964 1531 1034 ab
1560 964 1719 1037 omnibus
1755 968 2017 1059 emethouibuS,
2043 977 2077 1042 ct

524 1078 569 1151 ab
596 1078 755 1151 omnibus
781 1078 987 1170 hortulanis,
1011 1082 1048 1151 in
1065 1072 1143 1153 tota
1170 1082 1261 1171 villa,
1290 1083 1383 1155 dicta
1408 1084 1614 1177 Zdbyov,
1643 1108 1730 1177 quae
1759 1093 1814 1159 est
1840 1090 2078 1161 haereditaria

523 1198 806 1271 reverendissimi
844 1200 974 1271 domini
1011 1202 1165 1293 episcopi
1201 1201 1457 1294 Cracoviensis,
1505 1226 1592 1297 quae
1629 1209 1763 1281 decima
1798 1210 1843 1281 ad
1879 1210 2075 1300 praefatam

524 1321 705 1393 ecclesiam
731 1321 768 1392 iu
794 1322 835 1393 M
843 1342 998 1413 ycrcz,
1025 1324 1068 1395 do
1095 1344 1215 1395 mensa
1241 1326 1428 1417 episcopali
1456 1327 1499 1398 ab
1527 1329 1679 1418 antiquis
1706 1331 1923 1420 temporibus
1949 1331 2079 1403 donata

522 1447 559 1513 et
584 1441 728 1515 fundata
755 1448 819 1534 est,
846 1449 882 1515 et
909 1445 1103 1535 canapalis3
1130 1466 1173 1517 ox
1193 1446 1317 1536 quibus
1337 1446 1493 1521 omnibus
1513 1450 1759 1541 emethonibus,
1787 1453 2078 1523 columbationem

522 1564 690 1655 plebanus
717 1566 866 1656 percipit
892 1587 955 1656 per
980 1587 1141 1656 grossum
1167 1589 1282 1639 unum.
1316 1567 1397 1639 Alia
1424 1590 1507 1643 vero
1535 1571 1705 1645 decimula
1730 1574 1767 1645 iu
1795 1574 1878 1645 villa
1905 1572 2078 1664 Gadka,

523 1686 567 1757 de
601 1686 696 1777 agris
731 1687 1004 1759 advocatialibus
1039 1688 1198 1761 omuibus
1235 1695 1271 1761 ct
1307 1691 1502 1780 canapalis3
1538 1694 1644 1765 tertia
1679 1692 1851 1766 decimula
1886 1696 1993 1767 etiam
2033 1696 2077 1767 de

522 1808 680 1881 omuibus
707 1809 801 1899 agris
828 1814 864 1881 et
890 1810 985 1881 arvis·
1010 1809 1284 1891 advocatialibus
1311 1812 1536 1902 manipularis
1564 1820 1600 1885 et
1627 1814 1803 1904 canapalis
1830 1817 1866 1887 in
1892 1817 1978 1887 villa
2003 1816 2028 1888 J
2040 1838 2078 1887 a·

522 1928 679 2020 godae.
718 1930 808 2001 Item
843 1930 1012 2003 decimam
1047 1932 1298 2021 manipularem
1325 1933 1360 2003 in
1387 1938 1464 2005 tota
1500 1935 1583 2005 villa
1617 1935 1711 2007 dicta
1746 1934 1881 2008 Stura
1916 1960 2077 2030 wyesz,

521 2070 609 2141 quae
636 2055 691 2122 est
717 2052 782 2125 sub
808 2052 936 2143 oppido
963 2051 1278 2144 Schidlovyecz,
1307 2058 1343 2127 et
1370 2056 1570 2145 canapalem
1588 2077 1651 2146 per
1668 2077 1809 2146 grossos
1836 2058 1933 2149 duos,
1961 2060 2079 2131 incola

520 2172 666 2262 quilibet
701 2172 824 2263 solvit;
858 2173 902 2245 de
929 2194 1049 2265 campo
1076 2194 1159 2246 vero
1186 2172 1422 2267 Zadtlrkov,
1459 2178 1555 2249 curia
1589 2178 1717 2277 nubilis
1752 2178 2004 2271 Myerdesky
2033 2179 2077 2252 de

520 2313 581 2367 sex
598 2295 779 2386 mensoria,
806 2295 893 2366 alias
910 2293 1216 2391 zprayrrayorlcow,
1244 2317 1331 2387 quae
1349 2298 1526 2387 pertinent
1543 2299 1587 2371 ad
1605 2298 1858 2371 haereditatem
1884 2300 1913 2371 Z
1919 2302 1970 2373 db
1975 2324 2077 2393 yov,

520 2416 564 2487 ad
591 2415 736 2489 eandem
761 2418 941 2491 ecclesiam
968 2416 1086 2489 Sancti
1112 2417 1296 2509 leonardi,
1323 2420 1475 2508 pertinet
1502 2420 1681 2509 dammula
1710 2426 1745 2493 et
1772 2422 1814 2493 de
1842 2423 1973 2513 campis
2000 2443 2076 2496 mo-

519 2538 756 2630 lendinatoris,
783 2539 868 2613 dicti
893 2539 1105 2631 Xyaznik
1132 2541 1291 2613 omnibus
1318 2542 1431 2633 arvis,
1468 2542 1513 2613 ad
1539 2542 1684 2615 eandem
1711 2544 1893 2617 ecclesiam
1919 2546 2077 2634 pertinet

519 2659 698 2733 decimula.
723 2661 812 2733 Item
839 2661 884 2733 ad
910 2661 1055 2734 eandem
1081 2662 1263 2735 ecclesiam
1289 2663 1326 2733 in
1353 2663 1533 2753 Myeroz
1560 2664 1713 2754 pertinet
1740 2684 1846 2737 arvus
1873 2668 2075 2755 agrimorc

518 2781 754 2855 haereditario
788 2782 969 2874 fundatus,
1006 2784 1066 2875 qui
1092 2784 1184 2855 iacet
1210 2788 1289 2875 post
1315 2804 1415 2856 areas
1441 2782 1707 2857 hortulauorum
1734 2786 1893 2876 plebani,
1929 2791 1968 2857 et
1994 2793 2075 2877 post

517 2922 635 2995 sepes,
671 2902 805 2977 duobus
842 2904 965 2977 stadiis
1001 2904 1046 2976 ad
1081 2905 1352 2996 longitudinem
1388 2906 1424 2977 in
1458 2927 1526 2997 quo
1562 2926 1646 2977 arvo
1681 2907 1903 2979 continentur
1938 2913 2074 2997 septem

522 3029 678 3116 quartae,
705 3026 791 3099 alias
809 3023 947 3121 saycclm
965 3023 1232 3122 przymyorlcow
1259 3027 1304 3099 ad
1330 3026 1564 3117 latitudinem,
1592 3028 1643 3101 ita
1669 3026 1841 3118 videlicet,
1870 3028 2072 3119 incipiendo

518 3148 562 3219 ab
589 3167 686 3239 urea,
713 3148 787 3221 sive
814 3148 858 3221 ab
893 3148 996 3221 horto
1023 3149 1259 3221 tabernatoris
1286 3148 1370 3221 dicti
1397 3147 1591 3221 Galiczsk
1598 3172 1631 3240 y,
1658 3149 1837 3240 usquead
1864 3150 2073 3239 piscinulam

517 3269 648 3342 domini
673 3270 832 3361 plebani,
864 3290 953 3362 quae
981 3274 1036 3343 est
1061 3274 1142 3360 post
1169 3270 1348 3342 ecelesiam
1376 3274 1518 3361 etpost
1545 3274 1697 3344 montem
1734 3270 2012 3343 ecclesiasticum
2039 3272 2072 3342 iu

518 3411 649 3483 campo,
674 3392 839 3483 totaliter,
866 3393 953 3464 nihil
970 3392 1183 3484 excipiendo,
1210 3391 1337 3464 nullius
1356 3393 1557 3482 emethouis,
1585 3394 1658 3466 sive
1676 3392 1911 3466 tabernatoris
1940 3393 2071 3466 domiui

518 3515 654 3588 abbatis
681 3514 724 3586 de
750 3514 916 3606 Myeroz
940 3514 1070 3587 ibidem
1096 3514 1212 3604 aliquo
1240 3514 1352 3586 stadio
1380 3514 1457 3605 agri
1484 3514 1680 3602 interiecta
1707 3518 1743 3586 et
1762 3514 1830 3586 duo
1849 3515 1969 3586 stadia
1986 3516 2070 3606 agri,

518 3655 606 3727 quae
642 3637 758 3710 iacent
788 3637 927 3710 exalia
962 3641 1063 3728 parte
1097 3635 1288 3726 piscinulae
1325 3636 1368 3708 ad
1404 3636 1619 3727 aquilonem;
1652 3639 1689 3706 et
1715 3635 1864 3707 stadium
1902 3637 1983 3727 agri
2019 3643 2071 3708 est

515 3757 666 3830 eiusdem
702 3759 867 3832 ecclesiae
901 3760 938 3831 iu
970 3758 1168 3830 summitate
1195 3757 1348 3830 eiusdem
1383 3757 1573 3847 piscinulae
1607 3780 1657 3826 ao
1691 3754 1965 3852 myrtetum-iata.
2005 3758 2069 3830 Est

515 3881 621 3952 ctiam
638 3880 791 3954 eiusdem
815 3879 980 3952 ecclesiae
1003 3899 1107 3952 arvus
1125 3879 1211 3969 agri,
1240 3879 1352 3952 dictus
1379 3879 1429 3950 Kl
1436 3901 1497 3971 yn,
1525 3880 1588 3951 sub
1607 3879 1707 3970 sylva
1725 3877 1818 3950 dicta
1846 3876 2069 3969 Gorzonelr,

512 4021 590 4073 cum
616 4003 735 4093 pratis,
763 4003 822 4093 qui
848 4003 938 4074 iacet
964 4001 1056 4072 iuter
1090 4001 1201 4091 viam,
1239 4021 1327 4091 quae
1364 4000 1460 4072 ducit
1487 4001 1530 4072 de
1556 4000 1639 4071 villa
1675 3998 1858 4090 Myeroz
1886 4000 1922 4069 in
1952 4001 2069 4071 villam

513 4121 668 4212 Gadka,
695 4129 732 4194 et
757 4124 850 4196 inter
875 4124 980 4194 aliam
1005 4123 1110 4213 mam,
1138 4143 1225 4213 quac
1254 4122 1349 4194 ducit
1377 4122 1480 4198 etiam
1509 4121 1551 4192 de
1579 4121 1662 4194 villa
1688 4120 1851 4212 Myeroz
1880 4121 1916 4190 iu
1947 4121 2064 4192 villam

513 4243 696 4335 Zdbyov,
732 4245 828 4316 cuius
855 4245 932 4316 arvi
957 4265 1000 4316 ex
1026 4244 1172 4316 adverso
1200 4248 1235 4315 et
1261 4243 1480 4334 progressive
1507 4243 1542 4312 in
1579 4242 1677 4334 sylva
1712 4241 1806 4312 dicta
1841 4239 2068 4332 (lorzonek,

512 4366 680 4456 plebanus
706 4365 871 4438 ecclesiae
898 4364 1085 4456 praefatae,
1111 4371 1149 4468 ct
1175 4366 1249 4438 eius
1277 4365 1418 4455 subditi,
1445 4369 1548 4454 prata
1565 4362 1608 4434 de
1627 4383 1717 4434 nova
1743 4363 1861 4434 radico
1888 4363 2068 4453 extirpare

512 4491 695 4579 poterunt,
720 4507 830 4578 usque
855 4486 901 4558 ad
927 4487 1179 4560 haereditatem
1205 4487 1310 4560 villae
1328 4485 1440 4558 dictae
1459 4484 1622 4574 Gadko,
1650 4484 1781 4575 absque
1809 4484 1933 4574 quovis
1962 4485 2069 4574 impc-

512 4609 666 4682 dimento
693 4607 823 4680 domini
849 4609 988 4680 abbatis
1010 4608 1213 4681 monasterii
1231 4607 1530 4696 Wanchoczensis,
1558 4611 1595 4676 et
1613 4659 1727 4676 .....
1754 4604 1821 4676 Est
1840 4605 1932 4676 alter
1960 4627 2066 4677 arvus

512 4731 588 4821 agri
615 4730 768 4804 eiusdem
794 4730 968 4820 ecclesiae,
996 4730 1056 4821 qui
1082 4731 1172 4802 iacet
1199 4729 1234 4800 io
1261 4727 1337 4800 loco
1365 4728 1457 4798 dicto
1486 4725 1696 4817 Oovalovv,
1724 4726 1810 4798 alias
1829 4750 1859 4795 w
1877 4725 2066 4816 Zagorzu

512 4854 605 4924 circa
630 4852 764 4943 sylvam
796 4852 1059 4941 Trambiuow,
1095 4851 1155 4942 qui
1182 4872 1286 4922 arvus
1324 4851 1413 4921 iacet
1439 4850 1531 4920 iuter
1568 4869 1690 4938 agrum
1721 4847 2006 4924 Puthkovvslra
2033 4855 2067 4919 et
2155 4841 2156 4844 ’

511 4975 605 5046 inter
639 4994 760 5064 agrum
794 4973 1109 5062 Domilrovvska3
1146 4973 1243 5044 cuius
1275 4972 1351 5062 agri
1387 4992 1428 5042 ex
1463 4969 1609 5042 adverso
1645 4990 1688 5040 ex
1724 4969 1892 5042 ambabus
1928 4969 2066 5058 finibus,

512 5115 635 5187 agrum
661 5100 697 5169 et
722 5100 825 5185 prata
850 5095 1020 5184 plebanus
1047 5093 1224 5184 extirpare
1250 5097 1375 5184 potens
1402 5091 1471 5164 erit
1497 5091 1725 5182 progressive.
1752 5091 1841 5162 Item
1859 5111 1967 5162 arvus
1984 5091 2067 5162 hue-

510 5217 698 5290 reditarius
734 5216 931 5288 nominatae
966 5215 1133 5289 ecclcsiae
1161 5215 1224 5286 sub
1252 5213 1340 5286 silva
1376 5213 1469 5286 dicta
1505 5210 1662 5304 Gaczy,
1697 5217 1733 5284 et
1759 5217 1898 5302 pratum
1935 5212 2066 5286 dictum

509 5337 701 5430 Gaczyua
726 5338 862 5428 lanka,
889 5337 984 5428 quod.
1000 5337 1168 5426 plebanus
1195 5335 1416 5426 progressive
1435 5335 1612 5424 extirpare
1639 5338 1762 5423 potens
1786 5333 1862 5423 erit,
1891 5333 2065 5424 usquead

509 5461 641 5552 sylvam
677 5459 806 5532 dictam
844 5459 1144 5549 Trambinov,
1180 5459 1254 5530 sive
1281 5457 1325 5528 ad
1351 5457 1492 5536 fluvium
1529 5456 1659 5528 dictum
1694 5453 1977 5546 Przyvvyrza
2003 5476 2064 5545 per

507 5582 659 5654 borram.
708 5581 866 5653 Pertinet
913 5581 1017 5652 etiam
1062 5580 1107 5652 ad
1153 5579 1296 5652 eandem
1320 5579 1324 5588 '
1345 5577 1524 5650 ecclesiam
1561 5577 1801 5668 Mycrcenscm
1836 5596 1943 5648 arvus
1979 5578 2062 5665 agri,

510 5703 623 5787 dictus
654 5703 980 5807 Syemkovska
1022 5698 1133 5792 aimo,
1171 5702 1231 5792 qui
1277 5721 1381 5772 arvus
1417 5701 1508 5774 iacet
1543 5685 1635 5773 inter
1669 5697 1924 5772 haereditatem
1960 5697 2061 5770 villae
