4550 6600
428 859 432 865 ὁ
526 754 598 829 aon

522 965 614 1035 lauci
640 962 881 1054 cmethonales,
908 962 1103 1054 dequibus
1130 964 1289 1035 omnibus
1317 960 1465 1035 solvitur
1484 1016 1651 1034 .......
1695 964 1796 1037 Hanc
1826 962 2059 1039 ecclesiamiu

523 1085 732 1155 Bothurz
765 1090 907 1155 sanctae
932 1084 1119 1155 memoriae
1146 1083 1372 1173 Sbigucus
1399 1084 1585 1157 cardinalis
1603 1090 1639 1157 ct
1656 1088 1837 1176 episcopus
1868 1084 2061 1158 Graccum-

519 1206 579 1294 sis‚
606 1205 650 1276 ad
677 1204 878 1295 petitionem
904 1203 1067 1276 Andreae
1093 1205 1136 1276 de
1164 1205 1398 1275 Thanczin
1425 1206 1553 1297 militie,
1580 1226 1670 1277 anno
1696 1206 1836 1279 Domini
1873 1207 1973 1278 1445
1998 1207 2061 1279 luu-

521 1326 626 1417 davit‚
653 1327 766 1397 crexit
792 1330 828 1396 et
854 1327 1079 1398 consecravit

1194 1445 1414 1519 Wrssonnn.

624 1566 728 1659 Vffla,
755 1567 810 1641 vel
835 1568 964 1658 potius·
979 1565 1143 1656 oppidum
1169 1567 1301 1639 habens
1328 1569 1507 1640 ecclesiam
1534 1569 1766 1659 parochialem
1794 1569 1830 1639 in
1856 1588 1898 1639 se
1916 1568 2063 1659 ligneam,

521 1688 760 1778 Assumptioni
786 1686 933 1759 Sanctae
959 1686 1095 1759 Mariae
1121 1692 1159 1758 ct
1186 1686 1312 1760 Sancto
1340 1688 1531 1763 Adalberto
1567 1690 1736 1781 dicatam,
1776 1691 1879 1761 onina
1907 1694 2063 1779 patronus

431 1832 437 1840 ·
521 1810 565 1882 dc
591 1810 697 1881 armis
722 1806 747 1880 J
756 1827 905 1899 auyna
930 1806 1109 1879 Jolraunes
1135 1808 1179 1878 de
1204 1807 1467 1883 Kasschcw.
1493 1812 1534 1883 In
1562 1832 1630 1902 qna
1656 1817 1737 1883 sunt
1762 1811 1856 1881 laucl
1886 1811 2063 1901 oppidano

519 1951 607 2022 rum,
634 1931 677 2001 de
704 1930 828 2020 quibus
855 1928 988 2001 amima
1005 1928 1228 2025 manipularis
1247 1938 1283 2003 ct
1301 1932 1475 2023 canapalis
1493 1932 1641 2003 solvitur
1658 1936 1694 2002 et
1711 1930 1961 2003 conducitur...
1986 1929 2061 2003 Item

520 2059 575 2125 est
600 2052 651 2123 ibi
675 2050 855 2142 praedium
880 2050 1033 2124 militare
1059 2075 1173 2145 uuum,
1201 2052 1244 2125 de
1268 2054 1363 2124 cuius
1390 2054 1484 2143 agris
1511 2053 1657 2125 solvitur
1684 2052 1816 2124 decima
1842 2051 2062 2141 manipular'n

520 2174 556 2244 iu
583 2172 629 2243 W
637 2171 748 2263 ysok
756 2191 826 2261 ye,
852 2176 889 2241 et
915 2172 1013 2244 valor
1038 2176 1113 2245 eins
1141 2176 1343 2246 aestimatur
1370 2173 1413 2244 ad
1442 2179 1591 2264 quatuor
1616 2192 1760 2246 marcas.
1799 2170 1902 2245 Haec
1928 2173 2060 2243 ecclesia

490 2296 566 2395 ⁸ad
591 2296 793 2367 instantiam
820 2299 857 2366 et
883 2296 1167 2387 supplicationem
1202 2295 1372 2367 Johannis
1409 2295 1452 2367 de
1479 2294 1689 2387 Bydzyni
1725 2292 1915 2367 vexilliferi
1942 2292 2060 2365 Saudo

520 2418 710 2508 miriensis,
748 2432 813 2508 per
838 2418 1021 2491 Albertum
1047 2416 1070 2507 J
1079 2417 1431 2509 aatrzambyecz
1457 2422 1541 2489 tunc
1567 2418 1765 2507 episcopum
1793 2415 2059 2503 Gracoviensem

521 2559 612 2610 auno
637 2539 776 2610 Domini
806 2540 904 2611 1417
931 2538 1077 2611 fundata
1102 2544 1174 2629 est,
1215 2543 1353 2610 etcum
1389 2559 1451 2609 suo
1487 2538 1693 2609 coemeterio
1725 2542 1941 2609 consecrata.
1983 2534 2059 2605 Item

519 2660 664 2731 ecclesia
688 2661 795 2732 habet
822 2660 871 2731 ibi
897 2660 984 2731 duos
1011 2660 1128 2731 laneos
1155 2660 1283 2730 liberos
1309 2664 1345 2730 et
1371 2664 1482 2749 prata,
1509 2680 1572 2749 pro
1596 2679 1658 2730 sno
1685 2658 1828 2749 praedio
1858 2663 1898 2727 et
1925 2656 2060 2726 necessi·

519 2786 612 2871 tato‚
639 2782 788 2871 curiam,
814 2782 1006 2870 pomerium
1032 2785 1068 2851 et
1094 2781 1233 2870 hortos,
1261 2800 1323 2869 pcr
1349 2779 1543 2871 praelatum
1570 2778 1765 2851 Johanncm
1796 2776 1840 2849 dc
1870 2776 2058 2867 Bydziui

520 2902 715 2973 dotatorem
742 2901 890 2973 donatos
916 2906 952 2972 ct
977 2902 1175 2990 inscriptos,
1202 2920 1307 2990 snper
1333 2900 1456 2973 vallem
1484 2899 1744 2990 Ghlopydol
1771 2899 1869 2970 sitos.
2012 2974 2017 2983 ,

623 3021 853 3112 Wussouuu,
893 3011 976 3093 villa
1003 3021 1068 3093 sub
1094 3022 1260 3121 parochia
1286 3021 1451 3093 ecclesiae
1477 3021 1521 3092 da
1556 3019 1809 3111 Wyssokyc
1842 3020 1933 3107 sita,
1973 3018 2055 3087 cuius

519 3144 643 3215 haeres
669 3142 760 3213 idem
786 3142 964 3243 lohannes
991 3142 1313 3233 Kaschowsky.
1358 3142 1398 3212 lu
1426 3162 1494 3233 qua
1521 3147 1603 3213 sunt
1628 3141 1720 3211 lanei
1746 3140 1998 3229 cmethouales,
2020 3139 2054 3208 dc

520 3265 645 3355 quibus
671 3264 828 3336 omuibus
852 3262 999 3336 solvitur
1025 3270 1061 3336 et
1088 3264 1293 3338 conducitur
1327 3262 1459 3336 decima
1485 3262 1710 3354 manipularis
1737 3266 1772 3333 et
1798 3260 1978 3352 canapalis
2001 3278 2054 3350 pro

520 3385 665 3457 ecclesia
686 3383 847 3475 praefata
873 3386 909 3456 in
935 3385 1062 3476 oppido
1088 3385 1360 3477 Wyasokyc,
1396 3391 1432 3456 ct
1459 3385 1557 3457 valor
1582 3385 1656 3456 eius
1692 3379 1901 3455 aestimatur
1938 3382 1980 3452 ad
2004 3401 2054 3450 scr

521 3526 664 3576 marcas.
699 3505 798 3576 Hauc
824 3500 1185 3578 decimam'Albertus
1212 3506 1236 3578 J
1245 3507 1594 3597 astruambyecz
1619 3511 1703 3576 tunc
1729 3505 1916 3594 episcopus
1944 3501 2053 3574 Graoo

518 3628 665 3717 viensis,
689 3625 748 3705 uu
774 3647 943 3698 consensu
969 3627 1131 3719 capituli,
1172 3628 1320 3700 contulit
1346 3633 1382 3699 et
1408 3628 1584 3717 inscripsit
1618 3631 1787 3716 perpetuo
1825 3623 2052 3696 ecclesiaciu

519 3747 789 3845 Wyssokyc‚
814 3749 852 3820 iu
878 3749 953 3821 eins
968 3750 1274 3823 consecrationem
1301 3753 1337 3822 et
1362 3748 1607 3821 fundationem.

1138 3989 1460 4064 Tunuoowrszuu.

621 4109 717 4183 Villa
736 4111 873 4184 habens
899 4111 1132 4204 parochialem
1152 4112 1331 4184 ecclesiam
1357 4113 1506 4203 ligneam
1526 4112 1561 4182 in
1583 4133 1629 4202 se,
1657 4111 1786 4199 Sancto,
1803 4110 1958 4182 Thomae
1975 4108 2050 4180 Can·

517 4233 694 4319 tuarieusi,
712 4218 871 4324 dicatam,
897 4235 994 4306 cuius
1019 4235 1144 4306 haeres
1162 4233 1327 4306 Nicolaus
1355 4233 1397 4304 dc
1410 4233 1517 4306 'domo
1545 4233 1810 4328 Thmnawa
1836 4233 1878 4302 Iu
1899 4253 1967 4324 qua
1982 4234 2050 4302 suut

517 4353 609 4425 lanei
636 4355 889 4444 emetlmnales,
925 4355 968 4427 de
995 4355 1119 4446 quibus
1147 4354 1294 4428 solvitur
1320 4360 1357 4427 et
1383 4355 1585 4428 conducitur
1616 4353 1749 4426 decima
1775 4353 2000 4444 manipularis
2021 4354 2050 4420 et

517 4475 693 4566 canapalia
719 4476 884 4547 ecclesiae
911 4477 947 4547 iu
975 4475 1326 4568 Thargowyska.

619 4596 816 4687 Zaunzow,
842 4597 926 4669 villa
944 4598 1008 4670 sub
1025 4599 1191 4688 parochia
1217 4597 1260 4669 de
1288 4597 1634 4688 Thargowyslra
1647 4597 1742 4687 sita,
1769 4590 1868 4669 c'uius
1895 4593 2047 4668 haeredes

517 4715 903 4809 Targowyczsczy
928 4718 1085 4808 praefati.
1110 4719 1152 4790 Iu
1179 4739 1248 4810 qua
1274 4723 1355 4790 sunt
1380 4718 1472 4790 lauci
1499 4717 1742 4808 cmethonalcs,
1769 4717 1812 4788 de
1839 4719 1967 4808 quibus
1990 4714 2046 4786 sol·

515 4840 611 4911 vitur
637 4843 674 4911 et
699 4840 904 4912 conducitur
929 4839 1063 4914 decima
1097 4859 1162 4930 pro
1189 4839 1333 4912 ecclesia
1367 4840 1404 4910 iu
1432 4839 1794 4930 Thargowyska‚
1835 4839 1934 4910 cuins
1963 4834 2046 4937 vulp

517 4959 561 5033 ad
588 4981 648 5033 sex
675 4981 820 5032 marcas.
847 4952 850 4957 ⁴
1335 4971 1343 4990 ·
1988 4958 1992 4969 “

620 5081 875 5172 Tnannownlr,
902 5081 986 5154 villa
1013 5082 1077 5154 sub
1100 5082 1265 5172 parochia
1291 5081 1334 5152 dc
1362 5078 1734 5171 Thargcwyszlra
1761 5081 1837 5170 sita,
1865 5080 1961 5153 cuius
1977 5077 2044 5153 hae

514 5201 616 5274 redes
642 5203 819 5293 plurimi...
845 5203 886 5273 Iu
913 5223 981 5293 qua
999 5203 1090 5274 lanci
1116 5202 1362 5292 cmethouales,
1389 5201 1432 5272 dc
1460 5201 1585 5292 quibus
1608 5201 1745 5272 decima
1771 5200 2044 5292 mampulaliset

515 5324 690 5413 canapalis
717 5324 865 5396 solvitur
891 5330 927 5394 et
952 5323 1157 5394 conducitur
1183 5325 1281 5396 vario
1307 5322 1430 5411 modo;
1457 5343 1537 5393 nam
1564 5322 1607 5394 dc
1635 5328 1761 5412 quarta
1786 5327 1889 5413 parte
1916 5321 2044 5424 solvitur

513 5463 578 5533 pro
605 5444 750 5516 ecclesia
774 5446 810 5514 iu
837 5443 1222 5535 Thargowyszka,
1249 5445 1346 5515 cuius
1373 5443 1471 5515 valor
1498 5443 1542 5515 ad
1569 5443 1688 5545 decem
1713 5463 1846 5514 marcas
1849 5497 1904 5514 ......
2015 5433 2029 5468 ⁸

618 5563 868 5655 Wraczrcza,
908 5565 991 5637 villa
1016 5565 1081 5636 sub
1107 5565 1273 5654 parochia
1299 5565 1464 5635 ecclesiae
1491 5563 1534 5636 de
1560 5563 1867 5654 Jankowycze
1902 5565 1937 5634 iu
1962 5567 2041 5632 terra

516 5679 786 5756 Sandomirieusi
804 5687 873 5756 sita
890 5691 954 5775 est,
980 5687 1077 5758 cuius
1103 5686 1299 5777 proprietas
1325 5687 1477 5786 pertinet
1503 5683 1548 5755 ad
1574 5683 1802 5756 Zaclicam
1829 5691 1866 5755 et
1891 5683 2040 5756 Jacotun
