4550 6600
1704 741 1793 855 417⁸

216 996 386 1049 marcam.
427 978 514 1050 ltem
544 979 689 1051 eeclesia
707 980 813 1053 habet
839 1000 903 1073 pro
921 1000 983 1054 suo
1003 982 1146 1073 praedio
1172 1002 1276 1075 agros
1296 972 1447 1078 libuino,
1474 991 1511 1059 et
1527 992 1668 1079 pratum
1685 992 1781 1081 agris

216 1098 293 1171 suis
323 1100 533 1191 contiguum.

326 1222 661 1314 Dzruwraezrozu,
698 1224 781 1295 villa
816 1224 880 1329 sub
907 1225 1072 1317 parochia
1106 1226 1151 1299 de
1186 1225 1393 1301 Wolicza
1418 1230 1495 1301 sita
1534 1230 1575 1302 In
1602 1254 1671 1323 qua
1696 1240 1780 1307 suurt

214 1343 314 1415 lanei
343 1344 591 1436 emethonales,
618 1344 661 1418 de
681 1345 805 1436 quibus
823 1346 1013 1419 decimatur
1031 1402 1146 1419 .....
1185 1350 1274 1420 Item
1300 1351 1409 1423 hahet
1434 1352 1579 1442 praedia
1604 1350 1779 1447 militaria,

214 1464 260 1535 de
290 1464 420 1556 quibus
447 1465 640 1539 decimatur
666 1488 730 1560 pro
749 1468 893 1541 eeclesia
919 1468 956 1541 in
982 1468 1197 1562 Woliczu,
1224 1476 1260 1543 et
1278 1471 1376 1545 valor
1402 1473 1477 1547 eius
1503 1474 1707 1549 aestimatur
1733 1476 1779 1549 ad

216 1590 372 1677 quatuor
399 1608 542 1661 mercae.

327 1708 443 1781 Villae
469 1710 704 1801 parochiales:
731 1710 953 1803 Wulicza‚
980 1712 1367 1805 Dziewyaczicze.

709 1832 898 1905 Suannow
930 1834 1016 1905 alias
1042 1834 1296 1908 Znsrnurow.

323 1951 422 2025 Villa
440 1954 572 2027 hahens
599 1954 635 2026 iu
654 1974 691 2027 se
709 1955 944 2046 parochialem
962 1956 1156 2046 eeclesiam,
1183 1956 1312 2029 Sancto
1328 1957 1599 2031 Bartholomaeo
1615 1958 1778 2051 dicatam,

219 2075 321 2147 cuius
350 2076 520 2148 haeredes
539 2081 575 2149 et
592 2076 730 2167 patroni
749 2076 1019 2169 christophorus
1038 2077 1404 2171 Schaffranyecz
1431 2081 1569 2153 ratione
1586 2082 1707 2153 uxoris
1733 2081 1778 2153 de

221 2196 332 2269 armis
360 2195 674 2289 Antiquorum
701 2199 949 2291 Equorum,
976 2198 1428 2291 AegidiusdeSchudol
1455 2202 1499 2275 dt
1518 2203 1625 2275 armis
1651 2202 1778 2275 Hah--

218 2318 341 2391 dank
370 2323 406 2391 et
423 2319 618 2393 Stanislaus
645 2321 707 2394 Ito
718 2322 818 2393 malr
845 2321 889 2393 de
907 2323 1014 2393 armis
1042 2374 1153 2393 .....
1179 2321 1221 2395 In
1240 2342 1309 2415 qua
1326 2326 1408 2396 suut
1425 2329 1559 2415 septem
1576 2324 1669 2398 lanei
1687 2346 1778 2397 cme-

217 2440 392 2532 thonales‚
419 2442 502 2514 item
521 2442 697 2534 tabernae,
724 2444 808 2515 item
826 2442 1063 2535 hortulauiae‚
1090 2442 1174 2517 item
1192 2442 1374 2536 praedium
1400 2445 1555 2536 unicum¹
1583 2446 1628 2518 de
1654 2446 1779 2538 quibus

216 2563 369 2635 solvitur
395 2570 432 2635 et
449 2564 653 2637 conducitur
680 2564 812 2637 decima
829 2565 1055 2656 manipularis
1073 2571 1109 2639 et
1127 2566 1304 2658 cenapolis
1329 2587 1394 2658 pro
1420 2567 1567 2641 ecelesia
1592 2567 1630 2641 in
1656 2566 1779 2640 Stra·

215 2685 330 2775 dou,
371 2690 407 2757 et
442 2686 542 2759 valor
570 2688 652 2759 eius
687 2664 891 2759 aestimatur
927 2687 972 2760 ud
1008 2693 1143 2797 septem
1177 2706 1322 2761 mercae.
1365 2688 1455 2761 Item
1490 2690 1598 2763 hahet
1630 2690 1779 2761 ecclesia

216 2827 321 2897 agros
360 2806 555 2898 praediales
591 2808 718 2898 honos,
754 2808 884 2881 liberos
919 2814 956 2881 et
989 2814 1112 2901 pratu;
1147 2810 1232 2882 item
1267 2809 1375 2882 hahet
1404 2830 1509 2882 nmm
1543 2809 1779 2883 hortuleuian
1889 2854 1893 2857 -

141 2988 145 2993 .
218 2928 409 3001 habentem
443 2950 565 3021 ugron,
601 2949 690 3020 quae
727 2929 831 3003 solvit
866 2930 975 3003 eidem
1012 2950 1076 3022 pro
1113 2950 1220 3003 censu
1253 2929 1404 3003 mediam
1430 2926 1660 3022 serapeum
1693 2931 1779 3003 iteru

218 3050 325 3122 habet
342 3050 425 3125 duo
441 3071 548 3142 gaya,
576 3072 681 3123 unum
699 3051 791 3125 iuter
809 3052 969 3125 haeredis
986 3072 1095 3145 gays,
1121 3058 1160 3124 et
1177 3051 1273 3125 aliud
1297 3057 1379 3143 post
1395 3052 1623 3146 umuticclum
1647 3050 1779 3126 dictum

219 3170 258 3242 M
262 3172 438 3267 ,ogilka

320 3266 536 3387 Muuzrczu,
563 3294 647 3368 villa
673 3294 737 3368 sub
764 3292 931 3387 parochia
966 3293 1009 3368 de
1035 3293 1249 3368 Stradow
1283 3294 1353 3368 sita
1378 3293 1477 3368 emus
1502 3293 1672 3368 haeredes
1698 3293 1778 3368 Sta·

216 3417 349 3506 nislaus
369 3417 546 3508 Sikora,
564 3416 756 3490 Stauislaus
773 3417 943 3491 Romal
957 3471 1039 3489 .....
1065 3417 1106 3490 ln
1125 3437 1194 3510 qua
1212 3423 1296 3490 sunt
1311 3417 1404 3490 lanei
1422 3416 1675 3508 cmethonales,
1693 3417 1779 3490 item

218 3537 448 3630 hortulauiae,
476 3539 519 3612 de
546 3539 671 3632 quibus
698 3537 856 3612 omnihus
892 3539 1041 3612 solvitur
1075 3545 1112 3612 et
1147 3539 1352 3613 conducitur
1387 3538 1520 3611 decime
1554 3539 1779 3641 manipularis

220 3665 254 3732 et
280 3661 458 3753 canapelis
485 3680 549 3753 pro
577 3661 723 3734 eeclesia
748 3662 784 3734 iu
812 3661 1028 3751 Stradow‚
1055 3665 1093 3732 et
1118 3661 1217 3734 valor
1243 3661 1319 3734 eius
1345 3660 1391 3733 ed
1415 3665 1489 3732 tres
1515 3680 1658 3732 marcas.

322 3783 535 3874 (insucae,
562 3783 647 3856 villa
673 3784 738 3856 sub
765 3783 932 3874 parochia
958 3782 1001 3856 de
1027 3781 1242 3856 Stradow
1267 3783 1343 3872 sita,
1370 3781 1469 3853 cuius
1494 3780 1665 3854 haeredes
1690 3782 1777 3852 rati·

219 3927 282 3999 one
317 3925 470 3978 *uxorum
498 3904 591 3978 Otho
627 3904 968 3998 Plyechoweky
1005 3903 1047 3976 de
1075 3905 1182 3976 armis
1207 3901 1518 3994 Bippenuium
1553 3906 1590 3973 et
1616 3900 1777 4007 Andreas
1875 3995 1878 4002 Ι
1917 3889 1921 3896 ’

221 4025 544 4119 Ghlyewiczky
570 4026 1080 4100 dearmisOdrowausch.
1120 4027 1209 4110 ltem
1226 4022 1777 4118 praediaduomilitaria,unum

223 4149 374 4222 decimat
391 4151 427 4222 iu
446 4148 716 4239 Gzarnoczin,
741 4149 836 4222 eliud
860 4155 1021 4222 vocatum
1040 4203 1129 4240 ....,
1161 4147 1254 4240 quod
1272 4152 1328 4219 est
1343 4145 1515 4219 Johaunis
1542 4197 1617 4215 ....
1635 4144 1779 4237 viczky

222 4270 263 4342 de
297 4272 529 4362 Stradow,
571 4271 614 4344 de
650 4272 775 4364 quibus
811 4272 970 4344 omuibus
1006 4271 1154 4343 solvitur
1187 4275 1225 4342 et
1259 4266 1465 4341 conducitur
1499 4266 1634 4339 decima
1667 4265 1776 4338 mani-

222 4392 353 4482 pularis
381 4398 418 4472 et
436 4393 611 4485 canapalis
637 4413 701 4484 pro
721 4393 866 4466 ecclesia
891 4393 928 4465 in
948 4391 1178 4482 Straton,
1213 4395 1250 4463 et
1267 4391 1365 4462 valor
1392 4389 1468 4460 eius
1496 4387 1706 4460 aestimatur
1731 4385 1777 4458 ad

222 4521 296 4586 octo
323 4535 469 4587 marcas.
507 4516 549 4586 lu
568 4521 736 4607 quaeunt
762 4513 989 4588 decemlanei
1009 4513 1265 4602 emethouales,
1292 4513 1376 4584 item
1393 4531 1465 4582 uua
1480 4510 1628 4582 taberna
1643 4508 1777 4580 hahens
1852 4602 1855 4608 Ι

222 4655 341 4726 agros3
377 4636 420 4708 de
446 4635 632 4710 medietate
659 4641 775 4708 autem
801 4635 999 4710 huiusmodi
1025 4635 1223 4722 laneorum,
1255 4633 1405 4726 percipit
1431 4631 1604 4705 decimam
1629 4649 1777 4721 praepo·

223 4757 307 4829 situs
334 4757 558 4849 Visliceusis‚
586 4758 629 4832 de
657 4759 770 4831 altera
796 4777 880 4832 vero
907 4758 1094 4830 medietate
1121 4756 1267 4829 eeclesia
1293 4756 1329 4825 iu
1356 4753 1576 4826 Stradow.
1808 4745 1811 4752 ’

323 4879 531 4970 Buuouow,
567 4880 649 4952 villa
681 4881 745 4953 sub
772 4881 938 4972 parochia
973 4880 1017 4951 de
1043 4878 1256 4951 Stradow
1282 4877 1368 4968 sita,
1394 4875 1493 4964 cuius
1519 4875 1643 4946 haeres
1668 4871 1775 4962 Aegi·

224 4999 297 5072 dius
324 5001 525 5075 Sudolsk
534 5025 557 5094 y
585 5003 628 5074 de
655 5003 762 5074 armis
788 5001 1021 5074 Habdank.
1065 5001 1107 5072 ln
1126 5020 1194 5092 qua
1219 5005 1302 5071 suut
1322 4999 1474 5089 qmnque
1499 4996 1592 5067 lanei
1620 4992 1791 5094 cmethog

225 5122 327 5214 uoles,
355 5123 439 5196 item
467 5145 537 5198 una
554 5125 701 5196 taberna
718 5124 850 5198 hahens
877 5143 994 5216 agree,
1021 5127 1058 5194 et
1074 5121 1173 5194 valor
1191 5121 1265 5193 eius
1292 5119 1497 5192 aestimatur
1522 5115 1567 5188 ad
1585 5118 1660 5188 tres
1685 5133 1777 5185 mar·

226 5261 300 5335 cas,
335 5251 372 5318 et
399 5245 442 5318 de
469 5245 583 5343 tribus
618 5246 728 5318 lenus
764 5246 912 5319 solvitur
943 5244 1076 5317 decima
1111 5244 1148 5315 in
1183 5241 1418 5332 straden,
1450 5239 1494 5310 de
1521 5237 1655 5310 duobus
1691 5252 1776 5308 vero

230 5363 338 5440 laneis
365 5368 459 5441 tollit
486 5389 561 5440 eam
579 5368 799 5460 praepositus
817 5367 1030 5441 Visliceusis.
1068 5365 1156 5437 Item
1174 5371 1256 5438 sunt
1273 5365 1324 5437 ibi
1342 5363 1410 5436 duo
1433 5359 1546 5464 campi
1572 5364 1653 5451 post
1680 5362 1775 5430 stra·

228 5489 296 5558 tam
322 5490 511 5580 publicam,
549 5488 662 5570 eundo
698 5492 733 5562 in
759 5489 1131 5576 Scarbimiriam,
1169 5485 1213 5558 de
1239 5485 1364 5578 quihus
1390 5482 1583 5556 decimator
1609 5478 1776 5552 ecclesiae

224 5605 617 5685 inDzierzaszna

324 5733 641 5828 Mreuanowrczn,
677 5733 761 5808 ville
795 5733 859 5808 sub
895 5731 1059 5826 parochie
1085 5729 1140 5804 de
1166 5726 1493 5846 strationem,
1529 5723 1628 5796 cuius
1653 5722 1777 5795 haeres

324 5875 529 5921 munemusch
1569 5873 1607 5922 5⁸
