4550 6600
521 774 595 847 552

623 979 870 1072 Ouoourczs,
897 976 980 1052 villa
1006 978 1070 1052 sub
1097 978 1263 1070 parochia
1290 976 1332 1051 de
1359 976 1638 1070 Wyllrolazy
1666 976 1751 1068 sita,
1779 974 1875 1050 cuius
1902 976 2050 1054 haeredes

518 1102 704 1194 Iohannes,
730 1102 870 1193 Hector,
898 1100 1062 1173 Nicolaus
1089 1108 1126 1173 et
1152 1100 1303 1173 Michael
1330 1098 1498 1171 dearmis
1517 1098 1805 1191 Wyenyawa3
1833 1098 1900 1171 duo
1918 1104 2049 1173 tantum

518 1222 620 1298 modo
646 1223 791 1317 praedia
819 1222 986 1295 nobilium
1014 1227 1123 1312 erant,
1151 1222 1194 1293 de
1222 1222 1346 1313 quihus
1370 1221 1608 1292 decimabatur
1633 1242 1697 1311 pro
1724 1220 1869 1291 ecclesia
1895 1220 1932 1291 tn
1956 1220 2052 1312 Wyl-

518 1346 706 1437 kolazy3
732 1350 810 1418 octo
837 1344 928 1417 lanei
954 1344 1188 1417 emethonales
1215 1344 1251 1414 in
1279 1344 1385 1415 cruda
1411 1342 1537 1433 radice,
1564 1348 1601 1415 et
1628 1348 1706 1415 octo
1733 1343 1826 1414 lanei
1853 1342 1993 1435 antiqui,
2016 1344 2051 1417 de
2139 1394 2140 1425 ,

519 1468 643 1559 quibus
680 1467 829 1539 solvitur
861 1467 995 1539 decima
1030 1465 1257 1555 manipularis
1292 1486 1355 1554 pro
1392 1465 1553 1555 episcopo
1581 1462 1820 1554 Gracoviensi‚
1848 1464 1911 1536 sed
1937 1465 2053 1537 nobiles
2139 1446 2140 1453 ἵ

517 1588 747 1680 multiplicati
773 1588 943 1679 depositis
969 1586 1218 1676 mamanibus,
1245 1584 1402 1657 fecerunt
1428 1584 1495 1657 sibi
1522 1570 1672 1676 praedia,
1693 1585 1735 1657 de
1755 1586 1879 1677 quibus
1898 1584 2054 1660 decimant

519 1714 642 1781 contra
668 1710 846 1799 iustitiam,
874 1708 1039 1781 ecclesiae
1064 1707 1101 1778 in
1128 1704 1412 1799 Wylholazy.

557 1914 565 1922 ¹
620 1830 916 1903 Wrnnonaszua
942 1828 1097 1918 WonrA,
1125 1828 1209 1900 villa
1236 1828 1299 1900 sub
1327 1828 1494 1918 parochia
1512 1828 1555 1899 de
1574 1827 1849 1919 Wyllrolazy
1877 1830 1955 1919 slta,
1972 1828 2053 1903 cuius

516 1952 716 2043 proprietas
742 1952 787 2023 ad
816 1951 1074 2023 serenissimum
1099 1949 1265 2051 I’oloniae
1292 1932 1409 2040 regern
1437 1950 1598 2040 pertinet.
1626 1950 1665 2021 In
1685 1970 1753 2041 qna
1772 1957 1853 2022 sunt
1871 1950 1964 2021 lanei
1979 1970 2054 2023 cne-

375 2120 380 2129 ·
517 2074 695 2164 thonales‚
723 2072 765 2145 de
802 2073 927 2164 quibus
964 2071 1110 2143 solvitur
1146 2071 1278 2143 decima
1305 2070 1511 2162 pecunialiS,
1539 2070 1584 2143 de
1611 2072 1766 2163 quolibet
1791 2072 1894 2143 laneo
1921 2092 1981 2163 per
2005 2092 2054 2145 ser

516 2216 658 2285 grossos
693 2195 882 2266 communis
917 2194 1103 2284 pecuniae,
1130 2194 1292 2285 episcopo
1321 2192 1550 2265 Oracouiensi.
1590 2194 1679 2265 Item
1708 2200 1789 2265 sunt
1816 2194 1867 2265 ibi
1894 2194 2053 2283 tabernae,

518 2316 602 2386 item
637 2316 856 2388 hortulaniae
892 2314 1060 2385 habentes
1095 2335 1220 2404 agros,
1248 2314 1331 2387 item
1358 2314 1538 2404 praedium
1566 2319 1621 2385 est
1647 2314 1695 2385 ihi
1722 2315 1878 2407 regium,
1907 2312 1949 2386 d'e
1973 2316 2053 2387 cuius

518 2437 612 2528 agris
638 2436 831 2508 decimatur
857 2436 1023 2507 ecclesiae
1049 2440 1086 2505 et
1111 2435 1260 2527 plebano
1286 2436 1323 2506 in
1350 2434 1636 2526 Wylholazrc

652 2544 659 2555 ’
1165 2556 1420 2629 Sraonouura.

619 2678 714 2750 Villa
739 2678 871 2751 habens
897 2678 1132 2769 parochialem
1157 2677 1337 2749 ecclesiam
1363 2678 1399 2748 in
1427 2698 1465 2748 se
1491 2681 1671 2768 muratam,
1698 2682 1735 2748 et
1762 2674 1911 2749 Sanctae
1929 2676 2053 2769 Margo

516 2800 638 2872 rethae
664 2800 804 2891 Virgini
830 2806 865 2871 et
890 2801 1038 2892 martyri
1073 2800 1241 2891 dicatam,
1269 2798 1366 2871 cuins
1392 2800 1589 2891 proprietas
1616 2799 1661 2869 ad
1687 2798 1870 2871 Nicolaum
1898 2798 1921 2870 J
1931 2820 2053 2871 anor·
2141 2880 2142 2889 ἵ

516 2923 599 3014 shy
625 2920 776 2993 nobilem
813 2920 856 2993 de
894 2920 994 2993 domo
1022 2920 1318 3012 Sirolromlya
1345 2920 1506 3011 pertinet.
1547 2920 1587 2991 lu
1615 2940 1683 3010 qua
1710 2925 1792 2991 sunt
1818 2926 1952 3011 septem
1976 2921 2054 2993 lanei

516 3041 759 3131 emethonales,
786 3042 829 3113 de
856 3043 980 3133 quibus
1007 3042 1154 3114 solvitur
1182 3048 1217 3112 et
1243 3040 1447 3113 conducitur
1483 3040 1615 3112 decima
1645 3041 1872 3132 manipularis
1904 3062 1967 3133 pro
1994 3064 2053 3115 no-

516 3162 668 3235 nasterio
704 3162 854 3234 Sanctae
889 3163 1010 3235 Crucis
1047 3162 1180 3235 Calvi
1211 3162 1405 3253 Montis,
1433 3164 1531 3235 cuius
1559 3162 1657 3233 valor
1684 3161 1728 3234 ad
1756 3163 1911 3255 quinque
1938 3184 2053 3235 marcas

515 3285 729 3358 aestimatur.
756 3284 844 3357 Item
872 3286 1018 3358 ecclesia
1043 3285 1151 3358 habet
1176 3284 1226 3360 ibi
1253 3286 1413 3377 proprios
1441 3305 1545 3376 agros
1567 3289 1603 3357 et
1621 3288 1731 3376 prata,
1749 3307 1813 3378 pro
1832 3307 1898 3359 suo
1917 3286 2052 3378 praedio,

515 3428 581 3478 usn
616 3413 653 3478 et
679 3407 894 3479 necessitate.
933 3407 1094 3479 Fundata
1129 3412 1246 3478 autem
1282 3413 1337 3479 est
1370 3409 1455 3478 baec
1482 3407 1626 3480 ecclesIa
1652 3427 1715 3498 per
1751 3407 2053 3480 Bodzantham

516 3528 714 3619 episcopum
750 3527 1033 3620 cracoviensem,
1059 3534 1096 3600 et
1130 3529 1264 3600 decima
1291 3529 1496 3620 manipulari
1524 3549 1663 3601 mensae
1690 3529 1899 3621 epIscopalis
1927 3531 1961 3601 in
1986 3531 2053 3602 vila

514 3647 548 3718 K
556 3651 665 3741 yani
703 3649 839 3741 dotata,
867 3650 909 3722 de
937 3671 1005 3742 quo
1031 3650 1182 3724 habetur
1208 3650 1361 3722 eiusdem
1390 3651 1693 3724 Bodzantbae
1729 3657 1765 3724 et
1791 3653 1937 3746 capituli
1963 3653 2053 3745 priri-

398 3823 402 3830 .
514 3769 652 3861 legium.

617 3891 848 3988 Janowmzn,
874 3893 958 3964 riba
985 3891 1048 3964 suh
1076 3893 1240 3982 parochia
1266 3893 1309 3964 de
1336 3873 1579 3966 Srokomla
1607 3893 1684 3986 sita,
1703 3895 1801 3967 cuius
1819 3896 1946 3968 haeres
1962 3893 2051 3968 Nico·

513 4012 588 4085 lans
614 4013 637 4085 J
647 4015 866 4106 arrowslry
892 3993 1080 4105 praefatus.
1105 4013 1146 4084 In
1175 4030 1242 4104 qua
1269 4019 1349 4091 sunt
1375 4016 1466 4088 lanei
1494 4016 1738 4108 cnrethonales,
1757 4015 1799 4088 de
1819 4017 1946 4108 quibus
1964 4017 2051 4090 solri·

513 4138 572 4203 tur
599 4139 635 4204 et
662 4133 865 4205 conducitur
892 4122 1026 4211 decima
1051 4135 1277 4225 manipularis
1296 4141 1339 4207 'et
1357 4137 1531 4228 canapalis
1550 4137 1760 4210 monasterio
1779 4139 1931 4210 Sanctae
1949 4137 2052 4210 Crucis

513 4253 646 4325 tlalvi
681 4254 872 4345 Montis,
900 4256 999 4326 cuius
1034 4238 1132 4331 ualor
1169 4258 1374 4333 aestimatur
1395 4257 1559 4330 adduas
1585 4279 1729 4334 marcas.
1769 4259 1857 4331 Item
1885 4259 2050 4350 praedinm

513 4396 619 4446 rmum
655 4383 709 4447 est
735 4376 801 4466 ibi,
829 4377 872 4447 de
900 4397 974 4467 quo
995 4375 1188 4464 decimatur
1214 4377 1378 4450 ecclesiae
1406 4385 1442 4451 et
1468 4379 1619 4470 plebano
1646 4363 1721 4451 eiu's
1737 4381 1783 4472 ,in
1811 4379 2049 4468 Srolromla,

512 4501 548 4567 et
574 4497 672 4569 ralor
698 4498 773 4569 eius
801 4499 1004 4570 aestimatur
1031 4498 1157 4569 ad...
1490 4487 1497 4501 ’

615 4617 869 4709 Msuczruus,
896 4619 980 4690 villo
1014 4620 1078 4691 sub
1113 4619 1281 4710 parochia
1316 4621 1359 4693 de
1375 4621 1441 4716 ὃν,
1448 4623 1534 4718 olco
1543 4621 1629 4694 mla
1656 4609 1743 4712 sita,
1771 4622 1872 4694 cuius
1900 4621 2050 4723 hemodos

513 4739 707 4812 Stanislaus
734 4740 929 4839 Stephanus
957 4747 992 4811 et
1010 4796 1017 4810 .
1037 4796 1044 4810 .
1063 4796 1070 4810 .
1090 4741 1132 4812 de
1160 4743 1265 4814 armis
1285 4798 1291 4812 .
1311 4798 1317 4812 .
1337 4798 1344 4812 .
1363 4744 1403 4815 In
1431 4748 1499 4836 dua
1525 4749 1607 4816 sunt
1626 4743 1693 4816 duo
1712 4738 2050 4830 lanei'cmethouales,

511 4861 554 4931 de
591 4863 715 4951 quibus
755 4862 933 4951 omnibuS,
962 4869 997 4932 et
1024 4863 1067 4933 de
1095 4864 1301 4954 quibusdam
1328 4867 1421 4957 agris
1449 4866 1558 4948 dictis
1578 4865 1826 4957 Zaploczo,
1855 4867 1998 4938 solvitur
2020 4869 2049 4934 et

510 4983 715 5054 conducitur
741 4966 873 5054 decima
900 4985 1124 5074 manipularis
1144 4987 1373 5078 et'canapalis
1392 4989 1603 5061 monasterio
1622 4987 1769 5060 Sanctae
1788 4987 1911 5060 Crucis
1930 4985 2048 5060 Calvi

509 5103 693 5194 Montis,
721 5107 817 5206 cuius
846 5105 944 5177 valor
969 5107 1174 5202 aestimatur
1200 5109 1245 5180 ad
1272 5103 1528 5182 duas'marca's.
1555 5109 1643 5182 Item
1663 5116 1744 5182 sunt
1758 5111 1810 5182 ibi
1829 5111 1901 5182 trid
1918 5108 2046 5201 praedtr

511 5225 685 5314 militaria,
712 5227 755 5297 de
783 5227 907 5318 quibus
936 5227 1126 5299 decimatur
1154 5229 1318 5302 ecclesiae
1345 5237 1381 5302 et
1408 5232 1555 5323 plebano
1583 5233 1618 5303 in
1645 5224 1900 5323 Srolr'omla

614 5347 824 5439 Psanunuu,
852 5349 937 5422 villa
962 5351 1026 5420 sub
1053 5353 1219 5440 parochia
1246 5351 1288 5425 de
1317 5353 1561 5426 Srokomla
1587 5355 1665 5444 sita,
1693 5355 1789 5426 cuius
1816 5355 1940 5427 haeres
1959 5353 2046 5426 Nico·

508 5469 584 5543 lans
610 5470 858 5562 Ianowshy
886 5471 928 5543 de
955 5473 1061 5544 armis
1087 5473 1335 5548 Srokomla.
1362 5475 1402 5547 In
1431 5497 1499 5568 qua
1526 5481 1607 5549 sunt
1633 5477 1724 5548 lanei
1752 5477 1990 5566 emethonales,
2012 5473 2045 5544 de

353 5611 361 5620 ·
509 5594 633 5684 quibus
669 5594 817 5664 solvitur
852 5599 887 5665 et
921 5595 1124 5667 conducitur
1160 5596 1293 5669 decima
1328 5597 1553 5690 manipularIs
1581 5619 1645 5690 pro
1673 5599 1885 5673 monasterio
1915 5597 2044 5671 Sanctae

509 5711 643 5815 Crucis,
667 5716 763 5791 cuius
791 5717 889 5789 valor
915 5717 1119 5798 aestImatur
1146 5717 1191 5792 ad
1209 5773 1216 5788 .
1237 5773 1271 5790 ..
