4550 6600
1729 789 1802 861 517

358 996 513 1087 Ponam,
541 997 625 1069 uilla
651 970 716 1069 suh
743 996 978 1104 parochia-de
1004 995 1284 1090 Wyrzbioza
1309 968 1387 1087 sitav
1414 997 1511 1069 cuius
1537 994 1735 1089 proprietas
1753 994 1806 1069 ,ad

251 1120 503 1191 monasterium
529 1119 573 1191 de
599 1117 946 1193 Wanchoczsho
973 1121 1134 1211 pertinet.
1174 1120 1214 1189 In
1243 1141 1310 1211 qua
1337 1125 1418 1191 sunt
1443 1120 1535 1191 lanei
1562 1119 1805 1195 emethouales.
1922 1118 1928 1130 “

248 1240 342 1312 Item
367 1246 422 1313 est
448 1241 499 1313 ihi
526 1241 695 1331 scoltetia
721 1241 855 1315 hahens
881 1237 1114 1340 duosglaneos
1141 1245 1178 1314 et
1201 1242 1288 1315 duas
1314 1242 1478 1314 tabernas
1505 1242 1673 1315 hahentes
1691 1260 1804 1331 agros,

249 1362 296 1432 de
323 1363 448 1453 quibus
475 1362 635 1434 omnibus
670 1363 828 1463 solvitur
843 1370 881 1435 et
907 1363 1109 1437 conducitur
1145 1363 1279 1435 decima
1313 1362 1540 1454 manipularis
1566 1367 1603 1436 et
1629 1362 1803 1454 canapalis

179 1568 183 1576 ἱ
250 1483 464 1556 monasterio
490 1484 528 1555 in
554 1483 919 1576 Wanohoczsko,
946 1491 983 1558 et
1008 1486 1108 1559 valor
1134 1486 1210 1559 eius
1238 1486 1442 1559 aestimatur
1468 1484 1514 1565 ad
1533 1538 1648 1555 .....

894 1728 1163 1802 Bouuowrozu.
1218 1774 1220 1779 <

358 1848 453 1920 Villa
479 1848 612 1921 hahens
637 1849 674 1921 in
701 1870 740 1921 se
765 1850 1000 1940 parochialem
1026 1851 1206 1923 ecclesiam
1242 1852 1407 1943 ligneam,
1450 1850 1595 1923 Sanctae
1623 1850 1725 1923 Gruci
1752 1850 1803 1921 di-

249 1975 377 2059 catam,
403 1970 501 2043 cuius
527 1970 694 2043 haeredes
713 1972 1001 2045 Bartholomaeus
1029 1972 1193 2045 dedomo
1218 1972 1499 2065 Cygnornm,
1526 1980 1562 2045 et
1590 1972 1805 2045 Nadolua

250 2091 376 2163 relicta
401 2112 479 2163 cum
505 2092 588 2164 filiis
614 2093 720 2165 etiam
746 2092 789 2164 de
815 2092 917 2165 domo
953 2092 1220 2184 Gygnorum.
1263 2096 1303 2166 In
1332 2116 1399 2185 qua
1426 2100 1508 2167 sunt
1532 2096 1804 2168 laneicmetho-
1938 2191 1940 2197 Α

251 2213 360 2303 nales,
387 2214 430 2285 do
457 2215 582 2307 quihus
608 2215 756 2287 solvitur
781 2221 818 2287 et
844 2214 1048 2288 conducitur
1075 2216 1208 2289 decima
1225 2218 1450 2308 manipularis
1478 2222 1514 2289 et
1528 2217 1714 2313 scanapalis
1740 2238 1804 2307 pro
1852 2240 1860 2257 ‘

253 2388 367 2405 .....
394 2335 483 2407 Item
509 2336 655 2407 ecclesia
681 2343 718 2409 et
745 2337 913 2427 plebanus
940 2337 1047 2410 habet
1073 2338 1123 2411 ibi
1150 2340 1310 2430 proprios
1338 2360 1442 2429 agros
1460 2344 1496 2411 et
1513 2343 1626 2429 prata,
1651 2358 1717 2429 pro
1742 2358 1804 2411 suo

251 2456 396 2548 praedio
423 2463 460 2529 et
487 2459 703 2530 necessitate.
1439 2454 1443 2463 ‘

311 2608 316 2629 ι
357 2578 637 2652 Roszuowrczn
664 2578 1279 2682 Mn10u‚uillasuhparochiade
1306 2583 1617 2674 Borhowycze
1644 2574 1727 2654 sita'
1764 2580 1804 2653 In

252 2720 322 2792 qua
348 2707 430 2772 sunt
456 2702 548 2773 lanei
574 2701 819 2793 cmethonales‚
846 2703 890 2775 de
917 2704 1042 2794 quibus
1070 2704 1217 2777 solvitur
1244 2710 1280 2777 et
1307 2704 1511 2777 conducitur
1537 2704 1670 2777 decima
1696 2703 1805 2777 muni-

251 2821 385 2913 pularis
411 2828 448 2894 et
472 2824 650 2914 canapalis
674 2844 738 2914 pro
758 2878 873 2896 .....

355 2944 603 3017 Ruszhowron
630 2945 800 3037 secunda,
824 2947 925 3035 ‘villa
951 2948 1016 3019 suh
1051 2948 1171 3019 eadern
1212 2948 1379 3038 parochia
1414 2946 1457 3019 de
1489 2946 1804 3039 Borhouyc'ne

216 3090 220 3095 ·
252 3065 329 3137 sita
356 3066 396 3137 ln
424 3088 493 3158 qua
519 3072 602 3139 sunt
627 3067 720 3139 lanei
747 3069 997 3160 cmethonales,
1025 3069 1068 3141 de
1096 3070 1222 3161 quihus
1247 3070 1395 3163 solvitur
1421 3074 1457 3141 et
1483 3066 1686 3142 conducitur
1713 3068 1805 3141 deci·

171 3220 184 3235 ·
210 3276 214 3282 ⁵
250 3208 310 3259 ma
334 3188 562 3279 manipularis
587 3194 624 3261 et
649 3189 825 3281 canapalis
851 3212 916 3281 pro
935 3244 1047 3261 .....

356 3311 664 3385 Ruscurrowrczu
691 3306 830 3405 Moron,
856 3314 942 3385 villa
968 3310 1033 3385 sub
1059 3312 1226 3405 parochia
1253 3314 1295 3386 de
1322 3314 1633 3406 Borhouycze
1659 3314 1736 3386 sita.
1764 3313 1804 3384 In

251 3453 322 3524 qua
348 3439 430 3505 sunt
455 3434 548 3506 lanei
575 3435 818 3526 cmethonales‚
845 3435 889 3508 de
915 3436 1041 3528 quihus
1067 3436 1216 3508 solvitur
1243 3442 1279 3508 et
1307 3436 1511 3509 conducitur
1538 3436 1671 3508 decima
1696 3435 1806 3508 mani-

251 3554 386 3645 pularis
412 3561 449 3628 et
474 3557 650 3648 canapalis
677 3578 742 3648 pro
761 3613 875 3628 .....

186 3671 189 3674 ’
355 3677 607 3769 Rnnosououu
647 3679 732 3751 uilla
758 3680 822 3752 sub
849 3681 1016 3770 parochia
1042 3680 1085 3751 de
1112 3679 1426 3772 Borkowycze
1453 3681 1529 3772 sita
1559 3681 1655 3752 cuius
1682 3681 1805 3752 haere-

252 3799 315 3871 des
340 3799 504 3872 Nicolaus
523 3801 740 3893 'Schpoth
768 3801 939 3874 dedomo
967 3789 1224 3892 cygnorum
1252 3807 1288 3888 et
1306 3857 1419 3872 .....
1446 3803 1487 3873 In
1515 3823 1583 3893 qua
1606 3807 1687 3874 sunt
1713 3802 1806 3873 lanei

250 3921 504 4013 cmothonaleS,
530 3923 573 3994 de
601 3924 726 4015 quihus
753 3923 901 3996 soluitur
928 3929 964 3994 et
990 3921 1196 3994 conducitur
1223 3923 1356 3995 decima
1383 3923 1607 4016 manipularis
1634 3943 1698 4014 pro
1719 3979 1725 3992 .
1745 3978 1752 3993 .
1771 3977 1805 3992 ..

356 4041 582 4134 Ponurnour,
608 4045 692 4117 villa
718 4047 782 4117 sub
809 4045 976 4136 parochia
1002 4045 1168 4118 ecclesiae
1193 4044 1239 4116 de
1266 4045 1572 4118 Borhowicze
1599 4045 1681 4135 sita,
1708 4045 1805 4117 ouius

250 4162 379 4235 haeres
405 4164 694 4238 Bartholomaeus
721 4166 1007 4256 Borhowaky
1041 4165 1085 4237 de
1112 4165 1214 4238 domo
1242 4163 1513 4258 Gygnorum.
1556 4165 1597 4238 In
1629 4189 1698 4259 qua
1724 4174 1806 4241 aaut

250 4283 345 4356 lanei
370 4287 623 4377 cmethonales‘,
659 4287 703 4359 de
731 4288 856 4379 quibus
883 4287 1030 4359 solvitur
1057 4293 1094 4358 et
1120 4287 1326 4367 conducitur
1345 4279 1488 4360 'decima
1515 4289 1741 4380 manipularis
1755 4267 1805 4362 'at
1850 4291 1855 4306 ‘

251 4407 428 4497 canapalis
455 4396 747 4500 pro'episcopatu
772 4409 1006 4500 cracoviensi,
1033 4414 1070 4481 et
1096 4411 1205 4503 valor
1223 4411 1297 4483 eius
1325 4412 1530 4483 aestimatur
1558 4411 1603 4482 ed
1622 4465 1736 4482 .....

234 4571 238 4574 »
357 4527 537 4620 Nruuow,
564 4531 648 4602 villa
674 4532 738 4602 sub
765 4532 933 4622 parochia
959 4531 1002 4604 de
1030 4531 1324 4604 Ghleuiszka
1351 4533 1427 4623 situ,
1455 4533 1551 4604 cuius
1575 4533 1699 4628 haeres
1717 4532 1806 4604 Pau·
1916 4613 1925 4618 ,

250 4650 306 4722 lus
333 4649 511 4743 Susshy
537 4652 581 4724 de
608 4653 711 4725 domo
737 4653 934 4746 Dolyua
960 4654 1002 4726 In
1030 4675 1098 4746 qua
1115 4658 1198 4727 sunt
1222 4655 1313 4726 lanei
1342 4655 1584 4744 cmethonales‚
1612 4654 1654 4726 de
1682 4649 1805 4745 quihus

249 4771 411 4846 solvitur·
427 4781 463 4846 et
488 4775 693 4851 conducitur
714 4774 906 4857 decimas.
926 4831 933 4845 .
952 4832 960 4846 .
980 4804 992 4870 ,ζ
1086 4799 1090 4808 ·
1189 4791 1192 4798 ’

354 4882 520 4986 worm,
560 4897 644 4968 villa
678 4897 744 4969 sub
772 4898 938 4988 parochia
965 4875 1131 4971 ecclesiae
1168 4898 1210 4969 de
1238 4897 1390 4970 Borho
1404 4899 1543 4969 wicze
1579 4898 1666 4988 sita,
1707 4898 1805 4970 cuius

249 5019 374 5089 haeres
402 5017 610 5089 Gurosch
637 5016 680 5090 de
707 5018 809 5090 domo
837 5019 980 5110 Rana.
1007 5019 1048 5090 In
1076 5041 1144 5110 qua
1170 5025 1252 5091 suut
1278 5021 1371 5091 lanai
1398 5020 1641 5118 cmethonales,
1669 5019 1712 5092 de
1730 5021 1805 5112 qui-

248 5141 316 5212 hus
343 5139 491 5211 solvitur
518 5145 555 5211 et
568 5140 786 5212 conducitur
814 5140 947 5212 decima
973 5141 1200 5232 manipularis
1228 5147 1264 5213 et
1291 5141 1465 5232 canapalis
1486 5195 1600 5212 .....

244 5304 246 5307 -
355 5260 566 5350 Zamucii,
594 5261 678 5332 uilla
705 5262 770 5334 suh
796 5262 964 5353 parochia
990 5261 1033 5333 de
1051 5263 1373 5354 Borkow'ycze
1401 5264 1487 5354 sita,
1516 5263 1612 5337 cuius
1639 5264 1806 5350 haeredes
1944 5283 1945 5286 ‘

249 5380 429 5453 Johannes
456 5385 492 5451 et
518 5380 713 5453 stanislaus
733 5436 901 5452 .......
942 5383 983 5453 In
1011 5405 1080 5474 qua
1106 5389 1188 5455 sunt
1215 5383 1307 5454 lanei
1335 5384 1577 5475 cmethonales‚
1606 5383 1649 5455 de
1677 5384 1802 5475 quibus

249 5502 399 5576 solvitur
425 5507 463 5574 et
489 5502 694 5593 conducitur
720 5504 854 5575 decima
881 5505 1108 5595 manipularis
1134 5511 1172 5576 et
1199 5505 1374 5596 canapalis
1401 5527 1465 5596 pro
1485 5561 1492 5575 .
1512 5561 1519 5575 .
1538 5561 1545 5575 .
1565 5529 1598 5576 ι.

355 5624 572 5715 Bnmznow',
612 5625 696 5696 villa
723 5627 788 5698 sub
815 5627 982 5716 parochia
1019 5625 1062 5697 de
1089 5627 1396 5699 Borkowicze
1417 5629 1518 5718 sita,
1559 5628 1805 5701 cuius'haeres

248 5747 539 5820 Bartholomaeus
576 5747 863 5842 Borkoushy
900 5748 1071 5822 dedomo
1109 5747 1379 5843 Cygnorum.
1424 5749 1464 5826 Iu
1493 5770 1561 5845 qua
1595 5756 1678 5824 sunt
1712 5751 1803 5826 lanai
