4550 6600
1586 722 1591 732 ’
1692 733 1763 803 109

115 974 116 977 ,
210 944 316 995 unam
344 946 516 1014 marcam;
542 928 624 999 item
651 928 895 1013 fraternitates¹
916 936 1080 1003 tenantur
1098 932 1184 1003 dare
1202 954 1317 1005 ceram
1335 935 1560 1008 sufficientem
1579 958 1643 1027 pro
1662 938 1766 1009 altari
1818 946 1824 955 “

211 1045 344 1135 eodem,
370 1047 452 1118 item
479 1069 542 1137 pro
562 1049 662 1121 domo
690 1051 868 1123 altaristae
886 1052 1007 1123 altaris
1034 1054 1188 1124 eiusdem
1206 1054 1292 1125 dant
1309 1061 1462 1127 sectores
1481 1058 1577 1148 ligna
1594 1058 1766 1131 sufficien-

209 1167 277 1255 tia3
304 1167 390 1239 item
416 1168 523 1239 habet
549 1170 640 1240 idem
668 1170 779 1242 altare
805 1192 922 1243 aream
948 1194 1010 1244 seu
1037 1174 1176 1245 domum
1202 1196 1267 1265 pro
1294 1196 1408 1249 censu.
1427 1198 1499 1249 suo.

317 1286 441 1360 Altare
477 1288 509 1359 S.
538 1289 635 1361 Petri
670 1296 707 1361 et
737 1292 837 1363 Pauli
872 1293 908 1362 in
936 1295 1070 1384 capella
1105 1295 1149 1365 de
1181 1296 1364 1368 collatione
1397 1299 1554 1389 magistri
1589 1302 1766 1391 montium,

213 1386 306 1498 quod
334 1410 472 1499 quidem
507 1410 614 1482 hahet
649 1411 735 1483 duos
761 1412 907 1485 famulos
934 1415 970 1485 in
996 1420 1112 1487 monte
1139 1437 1203 1506 pro
1230 1438 1335 1489 censu
1362 1440 1444 1507 suo;
1470 1420 1554 1490 item
1581 1421 1617 1491 in
1643 1423 1765 1511 zuppis

210 1530 318 1601 habet
353 1530 554 1620 bipennales
586 1536 659 1603 tres
686 1554 837 1624 marcas,
875 1536 958 1606 item
985 1536 1020 1605 in
1048 1534 1150 1607 domo
1185 1536 1309 1609 Jacohi
1335 1538 1630 1633 Warczowny
1656 1541 1764 1613 habet
1803 1584 1806 1590 =
1864 1593 1868 1606 .

212 1650 364 1721 mediam
398 1671 567 1741 marcam,
603 1654 684 1724 item
721 1655 756 1724 in
783 1655 993 1727 donaolim
1029 1657 1274 1748 Nyezgoda
1306 1659 1413 1731 hahet
1440 1668 1573 1751 septem
1600 1661 1766 1751 fertones,

213 1772 297 1843 item
323 1772 360 1843 in
387 1772 488 1845 domo
515 1773 750 1846 Forncsth
785 1776 892 1847 habet
926 1778 1074 1848 mediam
1100 1799 1271 1867 marcam3
1298 1781 1382 1850 item
1409 1782 1516 1853 habet
1541 1804 1648 1853 unum
1675 1804 1765 1855 eme-

214 1870 357 1965 thonem
384 1894 520 1964 invilla
545 1894 818 1987 Zaklyczin‚
857 1898 917 1987 qui
935 1878 998 1987 pro
1024 1918 1130 1969 censu
1157 1900 1261 1971 solvit
1278 1900 1426 1972 mediam
1452 1922 1604 1973 marcam
1630 1902 1768 1975 etfacit

216 2016 382 2087 ducturas
408 2014 581 2105 lignorum
609 2036 673 2105 pro
700 2018 909 2089 necessitate
936 2018 1125 2089 altaristae.

321 2136 445 2205 Altare
471 2136 677 2208 Natiuitatis
704 2138 829 2210 beatae
847 2138 1003 2228 Virginis
1029 2138 1167 2209 Mariae
1194 2140 1439 2212 decollatione
1465 2144 1656 2233 praepositi
1682 2165 1766 2235 zup-

213 2255 305 2346 parii
331 2254 394 2325 filii
421 2260 458 2325 et
483 2254 705 2346 Liganza,
733 2257 824 2347 quod
850 2258 957 2329 hahet
983 2256 1070 2328 duos
1097 2256 1243 2329 famulos
1269 2258 1306 2329 in
1332 2260 1518 2350 montibus,
1545 2262 1631 2332 item
1657 2262 1765 2333 habet
1800 2254 1804 2259 ’

214 2396 385 2467 expensas
403 2376 439 2445 in
457 2376 578 2465 znppis
597 2396 673 2447 cum
692 2376 838 2467 (ligerio,
866 2378 950 2448 item
968 2378 1074 2449 habet
1100 2399 1208 2450 unum
1226 2380 1384 2469 quartale
1402 2381 1484 2452 salis
1502 2382 1767 2472 septimanatim.
1888 2451 1891 2458 .

309 2497 443 2569 hilare
469 2495 688 2567 Visitationis
715 2492 867 2587 Mariae,
905 2499 1000 2569 cuius
1027 2498 1224 2588 proprietas
1259 2505 1296 2571 et
1322 2500 1461 2573 collatio
1497 2502 1542 2573 ad
1568 2503 1766 2592 praedictos

214 2619 359 2689 Petrum
385 2618 621 2708 praepositum
648 2622 684 2689 et
700 2616 949 2708 Liganzam
975 2620 1142 2710 pertinet,
1169 2620 1261 2710 quod
1287 2621 1394 2692 hahet
1420 2622 1525 2693 etiam
1543 2623 1629 2694 duos
1655 2622 1767 2694 famu·

214 2740 267 2811 los
294 2740 332 2809 in
358 2739 552 2827 montibus;
587 2738 670 2809 item
704 2738 810 2810 hahet
847 2738 998 2830 quinque
1032 2760 1173 2829 grossos
1199 2741 1455 2830 septimanatim
1487 2742 1531 2814 de
1557 2744 1705 2833 accutie,
1731 2750 1768 2815 et

214 2861 281 2932 hoc
308 2860 447 2951 quando
474 2864 627 2931 sectores
654 2859 824 2931 laborant.
1674 2938 1685 2958 ,

321 2980 445 3059 Altare
463 2978 764 3051 Praesentationis
782 2980 934 3071 Mariae,
962 2980 1059 3052 ouius
1087 2981 1226 3053 collatio
1253 2981 1298 3053 acl
1316 2987 1471 3055 coctores
1488 2984 1656 3074 pertinet,¹
1677 2984 1770 3075 quod

214 3102 323 3174 hahet
350 3101 469 3173 decem
503 3122 638 3173 marcas
673 3122 737 3192 pro
765 3122 870 3173 censu
897 3122 1010 3174 annuo
1037 3122 1059 3173 a
1084 3100 1306 3175 fraternitate
1338 3109 1537 3195 coctorum,
1564 3104 1666 3177 simul
1692 3124 1770 3177 cunr

215 3224 306 3315 stylo
335 3222 487 3295 eiusdem
513 3221 754 3294 fraternitatis.

319 3345 443 3416 Altare
462 3343 608 3416 Sanctae
627 3343 846 3434 Gatherinae,
864 3345 961 3416 cuius
979 3345 1118 3416 collatio
1136 3343 1182 3415 ad
1200 3345 1358 3417 consules
1380 3345 1648 3438 Wyeliczenses,
1677 3349 1770 3439 quod

213 3467 325 3538 habet
351 3487 457 3538 unurn
483 3464 649 3536 famulum
675 3466 712 3535 in
737 3466 920 3537 montibus.
965 3463 1053 3536 Item
1089 3466 1197 3537 hahet
1222 3465 1267 3536 de
1302 3467 1405 3538 horto
1432 3465 1622 3560 Gnyady
1648 3489 1772 3541 novem

214 3588 377 3676 scothos‚
403 3588 488 3659 item
516 3586 688 3659 dedomo
725 3586 873 3658 fuuifiois
899 3585 1062 3658 Andreae
1089 3587 1197 3658 habet
1231 3587 1381 3658 mediam
1415 3609 1585 3679 marcam,
1619 3590 1702 3660 item
1729 3589 1773 3661 de

214 3710 319 3781 domo
348 3708 430 3780 olim
455 3707 776 3799 Dobkowskye
802 3729 906 3780 unam
932 3728 1092 3778 marcam.

322 3829 446 3901 Altarc
474 3829 621 3900 Sanctae
646 3829 781 3900 Mariae
808 3828 1056 3918 Magdalenae,
1084 3828 1180 3899 cuins
1207 3828 1345 3900 collatio
1370 3829 1524 3919 pertinet
1550 3831 1595 3906 ad
1613 3833 1772 3904 consules

115 3973 117 3998 ¹
213 3951 490 4043 Wyeliczenses,
518 3950 610 4041 qnod
636 3951 743 4022 habet
769 3950 855 4023 duos
881 3949 1028 4021 famulos
1055 3950 1091 4020 in
1117 3949 1311 4040 montibus,
1339 3951 1423 4021 item
1448 3949 1557 4023 hahet
1583 3953 1619 4022 in
1645 3953 1768 4043 cuppis

214 4079 292 4144 tres
320 4092 466 4144 marcas.
1136 4085 1140 4091 ·

321 4192 446 4264 Altare
474 4191 591 4263 Sancti
617 4191 766 4283 Nicolai,
794 4192 890 4264 cuius
918 4191 1056 4263 collatio
1075 4190 1228 4281 pertinet
1254 4191 1299 4261 ad
1323 4191 1540 4262 consulatum
1558 4191 1771 4283 Wyeliczen-

215 4337 288 4387 sem
325 4319 363 4386 et
390 4319 563 4384 sectorum
598 4312 869 4403 fraternitatem,
906 4313 998 4404 quod
1032 4313 1140 4384 hahet
1167 4312 1287 4382 decem
1321 4331 1456 4383 marcas
1483 4312 1527 4383 de
1552 4313 1772 4385 fraternitate

217 4443 412 4526 sectorum,
448 4436 532 4506 item
569 4435 612 4506 de
650 4434 754 4522 domo
790 4433 1004 4525 Gonyuch
1030 4433 1137 4504 habet
1163 4453 1268 4504 unam
1294 4453 1464 4525 marcam,
1491 4433 1574 4504 item
1602 4434 1644 4505 de
1671 4434 1772 4506 domo
1870 4489 1875 4501 .

217 4543 379 4650 Szywy
405 4577 509 4627 unam
536 4576 688 4628 marcam
715 4556 830 4628 habet.

323 4677 447 4749 Altare
466 4675 633 4768 Corporis
652 4677 784 4750 Christi
802 4697 944 4768 norum,
971 4677 1068 4748 cuius
1088 4675 1226 4749 collatio
1245 4681 1300 4748 est
1318 4676 1497 4748 consulum
1515 4675 1777 4766 praedictorum

217 4799 526 4891 Wycliczensium,
564 4799 655 4888 quod
682 4799 788 4872 habet
815 4799 850 4869 in
878 4819 961 4870 area
986 4797 1133 4869 mediam
1160 4817 1330 4887 marcam,
1356 4798 1439 4868 item
1466 4796 1638 4869 dedomo
1666 4794 1774 4890 Gye-

217 4921 456 5011 lythhowa
480 4919 628 4991 mediam
655 4939 823 5009 marcam,
850 4920 935 4990 item
953 4919 995 4990 de
1014 4919 1148 4990 accutie
1164 4917 1342 4990 fabrorum
1369 4917 1487 4988 decem
1505 4922 1584 4989 octo
1611 4921 1796 5008 grossos,

218 5043 306 5114 item
334 5042 442 5113 habet
468 5041 607 5114 domum
634 5041 830 5132 specialem,
858 5040 901 5112 de
921 5061 989 5131 qua
1007 5040 1073 5111 sibi
1100 5039 1283 5112 solvuntur
1309 5039 1396 5110 duae
1414 5058 1552 5110 marcae
1578 5059 1642 5129 pro
1661 5059 1778 5112 censu.

887 5161 1114 5233 Bonznnow.

323 5283 422 5356 Villa
445 5283 577 5355 hahens
605 5283 641 5353 in
660 5301 697 5353 se
715 5282 948 5372 parochialem
975 5282 1155 5354 ecclesiam
1181 5280 1327 5352 Sanctae
1354 5333 1461 5350 .....
1488 5279 1653 5370 dicatam,
1680 5282 1777 5354 cuius

221 5405 421 5497 proprietas
457 5405 502 5475 ad
528 5401 775 5475 monasterium
811 5403 1046 5493 Thyncziense
1072 5402 1234 5492 pertinet.
1274 5401 1412 5493 Inque
1451 5407 1533 5472 sunt
1562 5402 1656 5474 lanei
1688 5422 1778 5474 erne-

222 5527 400 5616 thonaleS,
427 5527 512 5596 item
538 5525 723 5615 tabernae,
749 5525 834 5596 item
861 5524 1078 5595 hortulaniae
1104 5517 1275 5595 habentes
1301 5543 1419 5613 agros,
1446 5522 1642 5614 dequibus
1669 5525 1777 5595 omni·
1866 5573 1871 5586 .

226 5649 288 5726 hus
315 5647 465 5726 solvitur
496 5653 532 5720 et
550 5645 754 5720 conducitur
785 5645 918 5724 decima
949 5643 1175 5741 manipularis
1205 5649 1241 5722 et
1259 5643 1436 5742 canapalis
1467 5665 1532 5742 pro
1564 5643 1709 5722 ecelesia
1741 5645 1778 5720 iu
