4550 6600
622 957 817 1032 Lanrsnua
869 1009 877 1027 .
932 1010 939 1024 .
992 1008 1000 1024 .
1054 1008 1062 1023 .
1182 1007 1185 1013 ,

622 1080 950 1157 Juuuseuowrczu
978 1072 1147 1149 Moneri
1201 1128 1208 1146 .
1264 1125 1272 1143 .
1327 1128 1334 1142 .

622 1199 914 1276 Mruuzwrnnzn
940 1197 1188 1272 llrenowsuu
1242 1248 1250 1267 .
1304 1248 1311 1265 .
1366 1249 1373 1265 .
1428 1250 1435 1267 .

534 1325 537 1335 '
625 1324 749 1400 Jnnuo
804 1378 812 1396 .
866 1379 874 1393 .
927 1379 935 1393 .
989 1376 997 1391 .

624 1446 847 1521 Tuuseuow
900 1499 907 1516 .
962 1498 969 1513 .
1025 1497 1032 1511 .
1079 1497 1086 1511 .

556 1582 563 1591 ’
624 1568 909 1641 Prornowrczu
962 1622 971 1641 .
1027 1618 1034 1633 .
1089 1618 1096 1634 .
1152 1617 1159 1632 .

594 1681 841 1781 (Brcuawnn
894 1742 902 1757 .
956 1741 963 1758 .
1018 1740 1026 1754 .
1080 1739 1087 1754 .

626 1794 845 1885 Canauzou'
865 1789 1013 1881 'Novum
1067 1862 1079 1879 .
1129 1863 1136 1877 .
1192 1862 1199 1877 .
1253 1863 1260 1877 .

626 1929 845 2007 Ganauzow
871 1927 1079 2013 Aurrouum
1133 1984 1141 1997 .
1195 1983 1203 1998 .
1257 1982 1264 1997 .
1318 1982 1326 2000 .

1179 2171 1416 2245 Cuouurczm

624 2298 719 2369 Villa
736 2297 867 2369 habens
886 2295 922 2365 in
941 2315 978 2366 se
998 2294 1232 2386 parochialem
1250 2294 1430 2367 ecclesiam
1448 2294 1613 2387 ligneam,
1641 2294 1768 2367 Sancto
1788 2294 1897 2367 Petro
1926 2294 2059 2387 Aposto-

519 2421 632 2510 lorum
658 2419 808 2511 principi
838 2418 1005 2507 dicatam,
1034 2416 1130 2487 cuius
1149 2415 1317 2489 haeredes
1345 2416 1691 2509 Maczeyowsey
1719 2417 1886 2489 dedomo
1914 2416 2058 2489 Tauro·

518 2564 623 2614 rum.
651 2542 690 2611 ln
711 2562 779 2631 qua
797 2545 878 2611 sunt
895 2538 987 2609 lanei
1007 2538 1252 2629 emethouales,
1272 2538 1314 2609 do
1330 2540 1454 2629 quibus
1473 2540 1632 2611 omnibus
1653 2540 1799 2611 solvitur
1818 2544 1853 2609 et
1873 2539 2059 2611 conducitur

441 2649 447 2656 ”
518 2664 652 2736 decima
678 2639 906 2753 manipularis
933 2666 969 2731 et
988 2660 1161 2751 canapalis
1189 2661 1400 2767 monasterio
1419 2660 1566 2733 Sanctae
1587 2660 1707 2733 Crucis
1735 2659 1864 2733 Calvi
1893 2660 2057 2751 Montis

517 2786 614 2857 cuius
642 2785 795 2856 decimae
822 2783 920 2853 valor
947 2782 1154 2853 aestimatur
1181 2781 1225 2853 ud
1244 2838 1251 2852 .
1271 2838 1277 2852 .
1297 2838 1330 2853 ..
1366 2782 1455 2854 Item
1482 2783 1637 2873 taberna,
1665 2784 1748 2855 item
1776 2782 1965 2873 hortulani,
1989 2784 2057 2854 item

517 2908 698 2999 praedium
724 2926 829 2975 unum
858 2903 1025 2993 militare,
1053 2904 1096 2975 de
1114 2904 1212 2975 cuius
1232 2905 1325 2995 agris
1345 2904 1536 2976 decimatur
1556 2904 1720 2977 ecclesiae
1748 2906 1784 2977 in
1802 2904 2057 2995 Clodnycza.

459 3099 462 3105 .
516 3030 604 3101 Item
632 3027 778 3099 ecelesia
805 3032 841 3097 et
867 3024 1035 3115 plebanus
1054 3026 1136 3117 eius
1163 3025 1271 3097 habet
1297 3026 1460 3123 proprios
1487 3047 1591 3117 agros
1619 3032 1655 3097 et
1683 3031 1798 3116 prata,
1826 3048 1894 3117 pro
1923 3047 1982 3099 suo
2005 3048 2057 3098 usu

517 3157 553 3221 et
579 3150 797 3223 necessitate.
839 3146 927 3217 Item
953 3146 1060 3218 habet
1095 3147 1263 3237 piscinam
1299 3148 1335 3219 in
1362 3153 1519 3221 terrente
1548 3148 1583 3219 in
1610 3146 1828 3219 haereditate
1867 3146 2057 3219 Wronou

518 3278 554 3343 et
580 3276 726 3343 vocatur
751 3266 938 3341 Borowi
965 3273 1089 3340 stau.
1130 3268 1217 3342 Item
1253 3270 1288 3340 in
1317 3268 1437 3342 eadem
1473 3269 1689 3342 haereditate
1724 3268 1939 3342 Wronow
1970 3270 2057 3342 habet

517 3415 638 3484 agrum
666 3388 840 3463 demedio
860 3389 971 3461 altero
989 3389 1100 3483 laneo,
1128 3391 1195 3464 sibi
1215 3412 1277 3484 per
1295 3391 1469 3483 praefatos
1487 3398 1653 3484 patronos
1680 3391 2056 3486 Maczeyowslrya

517 3516 615 3587 iuxta
642 3514 769 3617 limites
797 3512 840 3583 de
867 3510 890 3584 J
900 3531 1019 3584 ezow
1046 3513 1185 3585 noviter
1212 3513 1387 3588 donatum.

620 3635 877 3726 Msczusuaw,
904 3635 988 3707 uilla
1016 3635 1079 3707 sub
1106 3635 1273 3727 parochia
1301 3636 1343 3708 de
1371 3635 1645 3730 Chodnycza
1672 3637 1758 3728 sita,
1787 3691 1932 3708 ......

620 3757 813 3846 Wnorow,
841 3757 1005 3839 rillasub
1023 3757 1190 3847 parochia
1208 3757 1251 3830 de
1275 3740 1646 3850 Clodnyoza'sita,
1673 3759 1771 3831 cuius
1789 3758 1960 3831 haeredes
1978 3760 2056 3830 uide-

478 3922 482 3928 ,
520 3881 602 3951 licet
619 3879 827 3968 Dobeslaus,
854 3877 1014 3950 Andreas
1041 3886 1077 3950 et
1095 3877 1252 3970 Zegotha
1270 3879 1403 3952 nobiles
1423 3879 1465 3952 dc
1493 3881 1599 3952 armis
1619 3880 1911 3972 Bippennium.
1950 3881 1986 3952 Iu
2003 3903 2056 3970 qua

514 4002 607 4074 lanei
634 4001 885 4090 cmctlronaleS,
916 4000 965 4091 ,de
993 4001 1118 4092 quibus
1146 4000 1293 4074 soluitur
1329 4009 1365 4074 et
1391 4001 1596 4076 conducitur
1624 4001 1757 4074 decima
1783 4001 2006 4094 manipularis
2028 4009 2055 4072 et

515 4123 694 4214 canapalis·
718 4120 882 4193 eeclesiae
909 4122 946 4192 in
972 4118 1147 4214 Cloduy
1161 4143 1256 4214 oza,
1284 4123 1381 4194 cuius
1401 4123 1498 4196 valor
1516 4123 1720 4196 aestimatur
1747 4123 1791 4196 ad
1820 4176 1910 4194 ....

516 4328 523 4342 l
623 4241 781 4333 Gonow,
807 4243 892 4315 uilla
919 4244 982 4316 sub
1002 4244 1167 4334 parochia
1195 4243 1238 4316 de
1258 4242 1519 4336 Cloduycza
1546 4245 1623 4335 sita,
1651 4245 1747 4316 cuius
1774 4245 1947 4318 haeredes
1973 4264 2055 4334 prae-

513 4365 576 4448 fati
592 4347 968 4457 Maczepowsczy
987 4364 1149 4436 dedomo
1170 4363 1432 4437 Taurorum.
1472 4366 1512 4437 In
1533 4387 1600 4458 qua
1619 4372 1700 4438 sunt
1717 4366 1809 4438 lanei
1829 4365 2054 4453 emethonales,

513 4489 556 4560 de
575 4509 720 4580 quorum
748 4487 934 4559 medietate
962 4485 1094 4557 decima
1121 4487 1347 4578 manipularis
1375 4493 1411 4560 et
1433 4488 1607 4578 canapalis
1636 4487 1782 4558 solvitur
1809 4493 1846 4558 et
1869 4487 2055 4560 conducitur

513 4610 725 4683 monasterio
754 4608 900 4680 Sanctae
928 4606 1065 4698 Crucis,
1099 4615 1135 4680 et
1162 4609 1260 4681 valor
1287 4608 1361 4681 eius
1393 4609 1598 4681 aestimatur
1625 4605 1669 4680 ad
1697 4663 1864 4678 .......
1894 4609 1937 4680 de
1964 4607 2055 4679 altera

514 4754 596 4803 vero
624 4733 808 4804 medietate
836 4731 984 4813 solvitur
1011 4751 1075 4821 pro
1094 4730 1255 4822 episcopo
1280 4729 1515 4824 Cracoviensi,
1543 4731 1640 4802 cuius
1657 4706 1765 4802 ¹valor
1795 4731 1998 4804 aestimatur
2020 4727 2054 4798 ad

512 4911 651 4925 ......
694 4854 780 4925 Item
803 4859 884 4924 sunt
911 4853 960 4924 ibi
987 4852 1055 4924 duo
1083 4853 1234 4942 nubilae,
1262 4853 1304 4924 de
1324 4875 1470 4944 quorum
1498 4853 1592 4944 agris
1621 4852 1812 4924 decimatur
1840 4853 2001 4924 ecclesiae
2024 4851 2051 4920 iu

512 4977 790 5066 Cludnycza,
828 4980 863 5046 et
882 4973 980 5045 valor
1007 4974 1080 5044 eius
1108 4975 1313 5046 aestimatur
1339 4973 1383 5044 ad
1412 5029 1525 5044 .....
1566 4974 1652 5046 ltem
1681 4977 1734 5044 est
1762 4972 1812 5045 ibi
1838 4995 1943 5044 unum
1970 4991 2052 5064 prae·

510 5099 618 5189 dium,
637 5099 680 5169 de
695 5120 762 5189 quo
778 5097 910 5170 decima
924 5095 1029 5167 datur
1043 5117 1112 5168 uno
1128 5117 1221 5200 annno
1241 5073 1407 5168 ecclesiae
1424 5095 1459 5167 in
1479 5095 1750 5192 Clodnycza,
1775 5097 1886 5169 altero
1906 5093 2069 5174 ecclesiae,

510 5221 546 5308 iu
573 5221 897 5310 Kosznyszow.
1304 5303 1307 5312 Ι

617 5341 909 5428 Comasenrezn,
937 5337 1020 5410 uilla
1048 5340 1110 5412 sub
1130 5339 1295 5430 parochia
1323 5339 1366 5412 de
1385 5338 1645 5432 Clodnycza
1671 5340 1748 5432 sita,
1776 5341 1873 5411 ouius
1901 5335 2050 5411 haeredes

510 5461 658 5554 praefati
686 5463 1029 5553 dlaczeyouscz
1038 5485 1070 5554 y.
1110 5461 1151 5532 lu
1171 5483 1239 5553 qua
1271 5439 1352 5534 sunt
1380 5461 1474 5533 lanei
1500 5461 1751 5552 emethonalcs,
1779 5461 1822 5534 de
1851 5461 1973 5552 quibus
1997 5454 2050 5528 sol-

511 5586 605 5663 vitur
632 5585 765 5656 decima
792 5583 1017 5676 manipularis
1051 5590 1088 5656 et
1114 5583 1290 5674 canaparia
1317 5583 1527 5680 monasterio
1560 5582 1708 5658 Sanctae
1735 5579 1875 5672 Crucis,
1901 5587 1938 5653 et
1962 5577 2044 5651 valor
