4550 6600
460 748 533 818 212

461 955 552 1045 quod
579 954 743 1043 oppidum
770 952 1038 1041 Krzepyeze
1066 950 1110 1021 ad
1138 949 1401 1021 cracoviensem
1443 946 1627 1017 dioecesim
1663 948 1833 1036 pertinet,
1860 950 1898 1017 et
1926 947 2019 1035 quod

395 1118 400 1123 ·
460 1075 621 1166 oppidum
649 1074 920 1164 Krzepycze
948 1072 1266 1162 archiepiscopatus
1294 1068 1509 1142 Gnezneusis
1536 1090 1600 1160 per
1626 1070 1696 1139 vim
1722 1074 1759 1141 et
1780 1068 1945 1142 iniuriam
1971 1067 2016 1142 ad

460 1219 556 1268 suam
584 1197 711 1285 traxit,
739 1200 774 1267 et
800 1194 912 1266 trahit
939 1192 1133 1265 dioecesim.

458 1410 461 1417 Δ
1111 1313 1363 1386 Cnonuezsno.

564 1439 754 1529 Oppidum,
782 1438 826 1508 ad
853 1437 1124 1508 illustrissimum
1158 1436 1328 1507 ‘Poloniae
1360 1456 1477 1525 regem
1505 1437 1700 1525 pertinenS,
1736 1441 1837 1506 vetus
1864 1439 1901 1504 et
1928 1436 2020 1506 anti-

464 1583 577 1653 quum.
622 1560 661 1631 ln
691 1580 757 1649 quo
786 1558 931 1629 ecclesia
959 1579 979 1627 a
1006 1556 1112 1627 Petro
1141 1558 1183 1627 de
1210 1557 1324 1627 Shrz
1333 1575 1388 1646 yn
1416 1556 1540 1627 comite
1567 1556 1682 1647 lapide
1710 1556 1843 1646 quadro
1869 1563 2021 1646 murata,

461 1688 497 1751 et
524 1680 663 1751 Sancto
686 1680 840 1750 hIartino
879 1678 1076 1749 (lonlessori
1112 1684 1218 1767 atque
1253 1678 1420 1767 pontifici,
1457 1683 1563 1767 atque
1599 1677 1729 1747 Beatae
1758 1677 2019 1776 margarethae

466 1802 593 1892 virgini
614 1802 737 1889 dicata,
766 1822 853 1891 quae
872 1822 935 1890 per
954 1820 1093 1889 operam
1122 1798 1292 1870 Johannis
1319 1798 1555 1888 Dlugosch
1583 1820 1626 1870 ex
1653 1798 1836 1888 saeculari,
1864 1799 1901 1868 in
1920 1820 2025 1887 regu-

463 1925 571 1993 larem
599 1924 842 1993 eanonicorum
870 1920 1081 2011 regularium
1110 1921 1229 1991 Sancti
1248 1921 1436 2010 Augustini
1454 1922 1627 1991 translata
1645 1926 1718 2010 est,
1745 1920 2024 2011 propterquod,

464 2044 537 2115 eius
565 2033 753 2133 proventus
781 2044 837 2113 hie
860 2064 928 2114 non
948 2043 1190 2132 describimus,
1218 2064 1258 2113 eo
1278 2042 1369 2132 quod
1388 2042 1466 2113 illos
1493 2043 1529 2112 in
1547 2048 1706 2132 regestro
1725 2042 2021 2113 monasteriorum

354 2156 356 2164 ’
465 2168 551 2236 satis
579 2166 671 2235 clare
698 2169 734 2235 et
760 2164 860 2254 plene
888 2164 1013 2235 scimus
1040 2186 1103 2235 nos
1131 2164 1367 2253 descripsisse.
1412 2160 1585 2235 Asserunt
1611 2170 1727 2235 antem
1755 2170 1912 2254 veteres,
1939 2185 2025 2253 pro-

464 2294 542 2376 pter
560 2287 709 2375 galeam,
737 2306 824 2375 quae
843 2286 878 2355 in
897 2285 972 2357 loco
992 2286 1110 2375 oppidi
1130 2286 1269 2357 inventa
1287 2293 1350 2376 est,
1378 2284 1459 2355 dum
1479 2286 1642 2375 oppidum
1662 2284 1889 2374 conderetur,
1918 2307 2026 2375 quarn

465 2408 582 2498 poloni
610 2430 671 2479 suo
698 2406 873 2497 lingvagio
901 2403 1077 2477 dlobueael·
1103 2413 1246 2498 vocant,
1274 2406 1568 2478 Clobuczsho
1594 2407 1701 2479 fuisse
1729 2406 1951 2497 appellatum.

1115 2526 1371 2599 anvnrvezn.
1479 2511 1482 2517 ⁵

568 2648 740 2740 Oppidum
767 2650 919 2739 regium,
955 2650 1053 2721 iuxta
1079 2650 1221 2721 fluvium
1256 2649 1533 2740 Lysvvartha
1560 2650 1683 2738 situm,
1701 2640 1754 2720 ¹in
1782 2671 1848 2739 qno
1876 2651 2027 2721 ecclesia

467 2772 704 2843 conventualis
719 2772 961 2841 canonicorum
975 2771 1187 2860 regularium
1201 2770 1319 2841 Sancti
1333 2770 1523 2861 Augustini
1541 2792 1604 2863 per
1617 2770 1794 2860 Hynczam
1812 2771 1855 2842 de
1869 2771 1983 2859 Rogo
1992 2794 2026 2842 vv

467 2894 617 2964 nobilem
656 2892 699 2963 de
727 2893 828 2963 domo
855 2892 1134 2981 Dzaloscha,
1171 2898 1316 2963 murata.
1359 2892 1400 2963 In
1438 2915 1505 2983 quo
1537 2897 1619 2963 sunt
1647 2892 1739 2962 lanei
1764 2913 1835 2964 non
1863 2892 2026 2963 distincti

466 3014 734 3104 oppidanorum,
763 3014 805 3084 de
824 3034 969 3103 quorum
997 3014 1152 3103 quolibet
1178 3013 1360 3084 solvuntur
1386 3034 1450 3103 pro
1469 3012 1602 3084 decima
1627 3014 1799 3103 pecuniali
1826 3034 1887 3083 sen
1905 3015 2027 3101 grossi

390 3130 397 3143 ’
467 3142 502 3205 et
529 3136 617 3229 duae
645 3156 826 3205 mensurae
855 3134 1021 3224 siliginis;
1053 3136 1135 3205 item
1164 3133 1347 3205 advocatia
1373 3140 1428 3205 est
1453 3134 1522 3224 ibi,
1548 3132 1680 3231 hahens
1707 3142 1785 3206 octo
1813 3135 1951 3223 laneos,
1978 3136 2026 3205 de

370 3337 377 3356 ,Ἰ
468 3257 592 3348 quibus
620 3255 724 3327 solvit
750 3255 916 3330 decimam
944 3256 1158 3346 pecunialem
1195 3257 1299 3326 etiam
1325 3276 1388 3346 per
1425 3277 1484 3328 sex
1510 3238 1651 3347 grossos
1666 3256 1721 3328 -de
1748 3256 1920 3346 quolibet,
1949 3245 2024 3327 sili-

466 3377 584 3468 ginem
621 3383 737 3448 antem
773 3399 841 3449 non
869 3377 938 3448 dat.
982 3378 1069 3447 Item
1098 3383 1151 3449 est
1174 3379 1222 3449 ibi
1241 3377 1420 3467 praedium
1447 3379 1594 3468 regium,
1622 3378 1664 3449 de
1683 3379 1781 3449 cuius
1808 3380 1903 3467 agris
1929 3379 2027 3449 deci-

467 3503 584 3570 matur
619 3499 654 3568 iu
692 3497 897 3588 Antiqua
932 3498 1209 3589 Krzepycze.
1258 3500 1347 3602 ltern
1382 3499 1528 3570 ecclesia
1562 3499 1720 3589 praelata
1755 3499 2027 3590 Krzepiczensis

470 3622 538 3691 sita
565 3625 619 3690 ost
645 3621 679 3689 in
700 3619 850 3690 dioecesi
878 3617 1108 3708 Oraeoviensi,
1137 3620 1198 3692 sed
1216 3621 1391 3692 iaroslaus
1409 3621 1689 3710 archiepiscopus
1708 3619 1932 3710 Gnesnensis,
1960 3643 2030 3710 per

365 3721 371 3730 ’
468 3741 659 3832 potentiam
686 3739 845 3811 Casimiri
874 3741 966 3830 regis
993 3741 1153 3831 secundi,
1186 3742 1360 3813 abstraxit
1386 3763 1462 3812 eam
1490 3763 1512 3812 a
1537 3741 1689 3813 dioecesi
1717 3740 1959 3830 Cracoviensi,
1986 3750 2030 3814 et

469 3864 536 3935 sibi
563 3863 760 3952 usurpavit,
798 3863 889 3933 datis
917 3863 1049 3934 duabus
1077 3862 1218 3933 decimis
1250 3863 1462 3954 inutraque
1489 3862 1547 3933 Za
1556 3863 1731 3954 yanezlr
1740 3886 1764 3955 y
1790 3885 1854 3952 pro
1873 3863 2026 3933 ecelesia

469 3987 505 4055 in
531 3985 807 4073 Krzepyeze,
835 3988 870 4054 et
896 3985 982 4054 haec
1009 3984 1154 4054 ecclesia
1180 3984 1354 4056 translata
1380 3991 1434 4056 est
1460 3985 1503 4055 de
1530 3985 1722 4074 parochiali
1748 3985 1783 4055 in
1811 3989 2028 4056 conventua-
2138 4053 2142 4058 ,

469 4108 547 4194 lem,
575 4126 637 4193 per
656 4125 795 4193 operam
815 4105 961 4194 praefati
988 4105 1189 4195 llyncze,
1218 4105 1276 4196 qui
1295 4107 1400 4177 etiam
1428 4106 1589 4177 debonis
1617 4107 1860 4177 haereditariis
1888 4107 2029 4177 duabus

461 4225 562 4305 ,villis
607 4225 768 4314 Popovv
804 4230 839 4296 et
874 4225 1217 4318 Rambyelicze,
1270 4227 1367 4298 dedit
1402 4228 1612 4299 monasterio
1655 4248 1794 4299 censum
1831 4228 2026 4317 utriusque,

470 4346 648 4418 laboribus
674 4347 912 4418 tantummodo
940 4349 1102 4438 exceptis.
1162 4349 1166 4356 ’

1132 4468 1364 4541 blrnnzwrvo.
1658 4559 1662 4562 ‚

503 4575 504 4579 ¹
574 4589 677 4680 Villa,
705 4589 836 4660 habens
863 4591 899 4660 in
926 4611 963 4661 se
990 4592 1169 4662 ecelesiam
1197 4591 1429 4682 parochialem
1456 4593 1614 4682 ligneam,
1642 4593 1788 4664 Sanctae
1816 4593 2028 4664 Catherinae

471 4713 638 4802 dicatam,
675 4711 771 4782 cuius
807 4713 1003 4801 proprietas
1040 4717 1074 4783 et
1110 4713 1298 4784 dominium
1335 4714 1379 4783 ad
1415 4713 1685 4786 illustrissimum
1712 4714 1878 4786 Poloniae
1905 4737 2026 4804 regem

472 4833 633 4923 pertinet.
661 4833 699 4902 ln
729 4855 797 4922 qua
824 4839 904 4903 sunt
931 4833 1021 4903 lanei
1049 4834 1284 4905 ernethonales
1313 4835 1544 4926 quadraginta
1572 4841 1729 4926 quatuor,
1756 4837 1839 4907 itern
1867 4843 1949 4908 sunt
1976 4838 2030 4907 ibi

472 4961 621 5045 quatuor
649 4955 826 5025 scoltetiae
853 4955 1021 5025 habentes
1048 4957 1207 5045 proprios
1234 4957 1362 5046 larneoS,
1389 4958 1473 5027 item
1500 4979 1569 5027 una
1596 4958 1743 5028 taberna
1770 4959 2027 5055 etiam'habens

473 5085 593 5166 agros,
622 5075 664 5146 de
702 5077 826 5166 quibus
849 5077 1020 5166 omnibus
1058 5077 1207 5148 solvitur
1234 5078 1366 5158 decima
1393 5099 1457 5168 pro
1485 5079 1654 5169 episcopo,
1675 5077 1916 5168 cracoviensi,
1943 5079 2030 5150 item

470 5197 577 5268 habet
603 5197 652 5268 ibi
680 5197 825 5267 ecclesia
851 5201 886 5267 et
912 5197 1080 5286 plebanus
1107 5199 1287 5289 proprium
1315 5221 1445 5290 agrum,
1474 5221 1536 5291 pro
1564 5221 1626 5270 suo
1654 5221 1720 5270 usu
1745 5206 1781 5271 et
1807 5201 2026 5272 necessitate.

577 5317 760 5407 Osraowr,
789 5317 872 5388 villa
898 5319 961 5390 sub
989 5319 1154 5408 pareclria
1181 5320 1224 5390 de
1250 5321 1516 5412 Myedzwne
1544 5319 1621 5410 sita,
1649 5321 1745 5392 cuius
1764 5322 1960 5411 proprietas
1980 5322 2026 5393 ad

472 5435 740 5508 illustrissimum
776 5437 939 5510 Poloniae
972 5427 1092 5530 regem
1118 5442 1280 5531 pertinet.
1316 5443 1357 5512 In
1385 5464 1453 5534 qua
1480 5446 1561 5514 sunt
1586 5441 1678 5513 lanei
1704 5442 1955 5533 cmethonales,
1982 5443 2026 5515 dc

474 5555 596 5646 quibus
624 5559 771 5632 solvitur
798 5559 930 5635 decima
957 5563 1146 5651 pecunialis
1177 5583 1241 5654 per
1267 5561 1436 5637 fertonem
1464 5564 1506 5635 de
1536 5563 1689 5654 quolibet
1714 5563 1834 5652 laneo,
1860 5585 1924 5657 pro
1953 5565 2026 5657 epi-
