<?xml version="1.0" encoding="UTF-8"?>
<!DOCTYPE html PUBLIC "-//W3C//DTD XHTML 1.0 Transitional//EN"
    "http://www.w3.org/TR/xhtml1/DTD/xhtml1-transitional.dtd">
<html xmlns="http://www.w3.org/1999/xhtml" xml:lang="en" lang="en">
 <head>
  <title>
</title>
<meta http-equiv="Content-Type" content="text/html;charset=utf-8" />
  <meta name='ocr-system' content='tesseract 3.04.00' />
  <meta name='ocr-capabilities' content='ocr_page ocr_carea ocr_par ocr_line ocrx_word'/>
</head>
<body>
  <div class='ocr_page' id='page_1' title='image "./operaomnia03paulgoog_0335.png"; bbox 0 0 4550 6600; ppageno 0'>
   <div class='ocr_carea' id='block_1_1' title="bbox 483 772 556 842">
    <p class='ocr_par' dir='ltr' id='par_1_1' title="bbox 483 772 556 842">
     <span class='ocr_line' id='line_1_1' title="bbox 483 772 556 842; baseline 0 -1"><span class='ocrx_word' id='word_1_1' title='bbox 483 772 556 842; x_wconf 79' lang='lat'>292</span> 
     </span>
    </p>
   </div>
   <div class='ocr_carea' id='block_1_2' title="bbox 384 966 2049 5779">
    <p class='ocr_par' dir='ltr' id='par_1_2' title="bbox 480 966 2035 1531">
     <span class='ocr_line' id='line_1_2' title="bbox 482 966 2033 1064; baseline -0.008 -17"><span class='ocrx_word' id='word_1_2' title='bbox 482 975 711 1063; x_wconf 68' lang='lat' dir='ltr'>cracoviensh</span> <span class='ocrx_word' id='word_1_3' title='bbox 737 992 801 1064; x_wconf 90' lang='lat' dir='ltr'>per</span> <span class='ocrx_word' id='word_1_4' title='bbox 826 972 971 1044; x_wconf 89' lang='lat' dir='ltr'>abusum</span> <span class='ocrx_word' id='word_1_5' title='bbox 998 976 1115 1042; x_wconf 91' lang='lat' dir='ltr'>tamen</span> <span class='ocrx_word' id='word_1_6' title='bbox 1143 973 1180 1041; x_wconf 95' lang='lat' dir='ltr'>et</span> <span class='ocrx_word' id='word_1_7' title='bbox 1201 968 1449 1058; x_wconf 69' lang='lat' dir='ltr'><strong>negligentiam</strong></span> <span class='ocrx_word' id='word_1_8' title='bbox 1476 966 1771 1058; x_wconf 89' lang='lat' dir='ltr'>scholasticorum,</span> <span class='ocrx_word' id='word_1_9' title='bbox 1798 984 1905 1038; x_wconf 83' lang='lat' dir='ltr'>versa</span> <span class='ocrx_word' id='word_1_10' title='bbox 1920 970 1976 1036; x_wconf 88' lang='lat' dir='ltr'>est</span> <span class='ocrx_word' id='word_1_11' title='bbox 1999 966 2033 1035; x_wconf 91' lang='lat' dir='ltr'>in</span> 
     </span>
     <span class='ocr_line' id='line_1_3' title="bbox 480 1086 2032 1188; baseline -0.007 -22"><span class='ocrx_word' id='word_1_12' title='bbox 480 1096 711 1188; x_wconf 82' lang='lat' dir='ltr'>pecuniolam,</span> <span class='ocrx_word' id='word_1_13' title='bbox 748 1098 783 1164; x_wconf 92' lang='lat' dir='ltr'>et</span> <span class='ocrx_word' id='word_1_14' title='bbox 809 1093 915 1165; x_wconf 91' lang='lat' dir='ltr'>solvit</span> <span class='ocrx_word' id='word_1_15' title='bbox 942 1092 1042 1163; x_wconf 90' lang='lat' dir='ltr'>annis</span> <span class='ocrx_word' id='word_1_16' title='bbox 1068 1091 1214 1181; x_wconf 91' lang='lat' dir='ltr'>siugulis</span> <span class='ocrx_word' id='word_1_17' title='bbox 1249 1110 1354 1161; x_wconf 91' lang='lat' dir='ltr'>uuam</span> <span class='ocrx_word' id='word_1_18' title='bbox 1390 1110 1468 1161; x_wconf 89' lang='lat' dir='ltr'>cum</span> <span class='ocrx_word' id='word_1_19' title='bbox 1494 1088 1610 1160; x_wconf 87' lang='lat' dir='ltr'>media</span> <span class='ocrx_word' id='word_1_20' title='bbox 1635 1107 1787 1159; x_wconf 81' lang='lat' dir='ltr'><strong>marcam</strong></span> <span class='ocrx_word' id='word_1_21' title='bbox 1824 1086 2032 1159; x_wconf 83' lang='lat' dir='ltr'>scholastico</span> 
     </span>
     <span class='ocr_line' id='line_1_4' title="bbox 481 1208 2034 1305; baseline -0.007 -17"><span class='ocrx_word' id='word_1_22' title='bbox 481 1216 721 1305; x_wconf 79' lang='lat' dir='ltr'>Cracoviensi3</span> <span class='ocrx_word' id='word_1_23' title='bbox 756 1216 817 1287; x_wconf 89' lang='lat' dir='ltr'>sed</span> <span class='ocrx_word' id='word_1_24' title='bbox 844 1214 1021 1304; x_wconf 76' lang='lat' dir='ltr'>perceptio</span> <span class='ocrx_word' id='word_1_25' title='bbox 1049 1213 1124 1283; x_wconf 89' lang='lat' dir='ltr'>eius</span> <span class='ocrx_word' id='word_1_26' title='bbox 1152 1210 1408 1284; x_wconf 85' lang='lat' dir='ltr'>diversificatur</span> <span class='ocrx_word' id='word_1_27' title='bbox 1434 1211 1471 1281; x_wconf 91' lang='lat' dir='ltr'>in</span> <span class='ocrx_word' id='word_1_28' title='bbox 1499 1212 1697 1301; x_wconf 87' lang='lat' dir='ltr'>episcopum</span> <span class='ocrx_word' id='word_1_29' title='bbox 1725 1215 1763 1280; x_wconf 90' lang='lat' dir='ltr'>et</span> <span class='ocrx_word' id='word_1_30' title='bbox 1789 1208 2034 1279; x_wconf 88' lang='lat' dir='ltr'>scholasticum</span> 
     </span>
     <span class='ocr_line' id='line_1_5' title="bbox 483 1332 2035 1425; baseline -0.008 -16"><span class='ocrx_word' id='word_1_31' title='bbox 483 1336 757 1425; x_wconf 83' lang='lat' dir='ltr'>Gracovieusem3</span> <span class='ocrx_word' id='word_1_32' title='bbox 785 1338 868 1407; x_wconf 92' lang='lat' dir='ltr'>item</span> <span class='ocrx_word' id='word_1_33' title='bbox 895 1334 1040 1406; x_wconf 87' lang='lat' dir='ltr'>ecclesia</span> <span class='ocrx_word' id='word_1_34' title='bbox 1067 1339 1104 1405; x_wconf 90' lang='lat' dir='ltr'>et</span> <span class='ocrx_word' id='word_1_35' title='bbox 1129 1332 1297 1423; x_wconf 91' lang='lat' dir='ltr'>plebanus</span> <span class='ocrx_word' id='word_1_36' title='bbox 1323 1332 1431 1403; x_wconf 92' lang='lat' dir='ltr'>habet</span> <span class='ocrx_word' id='word_1_37' title='bbox 1458 1332 1619 1422; x_wconf 90' lang='lat' dir='ltr'>proprios</span> <span class='ocrx_word' id='word_1_38' title='bbox 1639 1351 1744 1420; x_wconf 88' lang='lat' dir='ltr'>agros</span> <span class='ocrx_word' id='word_1_39' title='bbox 1771 1335 1807 1400; x_wconf 91' lang='lat' dir='ltr'>et</span> <span class='ocrx_word' id='word_1_40' title='bbox 1832 1333 1947 1419; x_wconf 87' lang='lat' dir='ltr'>prata,</span> <span class='ocrx_word' id='word_1_41' title='bbox 1974 1348 2035 1417; x_wconf 88' lang='lat' dir='ltr'>pro</span> 
     </span>
     <span class='ocr_line' id='line_1_6' title="bbox 482 1439 1752 1531; baseline -0.003 -2"><span class='ocrx_word' id='word_1_42' title='bbox 482 1480 546 1529; x_wconf 90' lang='lat' dir='ltr'>suo</span> <span class='ocrx_word' id='word_1_43' title='bbox 573 1479 638 1531; x_wconf 91' lang='lat' dir='ltr'>usn</span> <span class='ocrx_word' id='word_1_44' title='bbox 666 1462 702 1528; x_wconf 90' lang='lat' dir='ltr'>et</span> <span class='ocrx_word' id='word_1_45' title='bbox 727 1456 878 1529; x_wconf 80' lang='lat' dir='ltr'>necessit</span> <span class='ocrx_word' id='word_1_46' title='bbox 900 1460 945 1527; x_wconf 91' lang='lat' dir='ltr'>te.</span> <span class='ocrx_word' id='word_1_47' title='bbox 1640 1470 1661 1485; x_wconf 70' lang='grc'><em>”</em></span> <span class='ocrx_word' id='word_1_48' title='bbox 1747 1439 1752 1446; x_wconf 68' lang='grc'><strong>’</strong></span> 
     </span>
    </p>

    <p class='ocr_par' dir='ltr' id='par_1_3' title="bbox 1147 1574 1387 1647">
     <span class='ocr_line' id='line_1_7' title="bbox 1147 1574 1387 1647; baseline 0 -2"><span class='ocrx_word' id='word_1_49' title='bbox 1147 1574 1387 1647; x_wconf 73' lang='lat' dir='ltr'>Basnmvrna</span> 
     </span>
    </p>

    <p class='ocr_par' dir='ltr' id='par_1_4' title="bbox 481 1686 2043 2516">
     <span class='ocr_line' id='line_1_8' title="bbox 585 1686 2038 1794; baseline -0.006 -25"><span class='ocrx_word' id='word_1_50' title='bbox 585 1697 681 1794; x_wconf 86' lang='lat' dir='ltr'>Villa</span> <span class='ocrx_word' id='word_1_51' title='bbox 706 1696 838 1769; x_wconf 90' lang='lat' dir='ltr'>habeus</span> <span class='ocrx_word' id='word_1_52' title='bbox 866 1698 902 1767; x_wconf 92' lang='lat' dir='ltr'>in</span> <span class='ocrx_word' id='word_1_53' title='bbox 929 1716 967 1767; x_wconf 91' lang='lat' dir='ltr'>se</span> <span class='ocrx_word' id='word_1_54' title='bbox 994 1694 1228 1787; x_wconf 78' lang='lat' dir='ltr'>parochialem</span> <span class='ocrx_word' id='word_1_55' title='bbox 1259 1686 1439 1768; x_wconf 87' lang='lat' dir='ltr'>ecclesiam</span> <span class='ocrx_word' id='word_1_56' title='bbox 1458 1748 1600 1784; x_wconf 84' lang='grc'><strong>......</strong></span> <span class='ocrx_word' id='word_1_57' title='bbox 1636 1692 1743 1766; x_wconf 88' lang='lat' dir='ltr'>Sauct</span> <span class='ocrx_word' id='word_1_58' title='bbox 1760 1746 1905 1782; x_wconf 90' lang='lat'><strong>......</strong></span> <span class='ocrx_word' id='word_1_59' title='bbox 1939 1692 2038 1763; x_wconf 90' lang='lat' dir='ltr'>cuins</span> 
     </span>
     <span class='ocr_line' id='line_1_9' title="bbox 481 1803 2039 1910; baseline -0.005 -19"><span class='ocrx_word' id='word_1_60' title='bbox 481 1820 605 1891; x_wconf 83' lang='lat' dir='ltr'>haeres</span> <span class='ocrx_word' id='word_1_61' title='bbox 631 1803 815 1890; x_wconf 61' lang='lat' dir='ltr'>Johannes‘</span> <span class='ocrx_word' id='word_1_62' title='bbox 836 1817 980 1889; x_wconf 80' lang='lat' dir='ltr'>Gloch</span> <span class='ocrx_word' id='word_1_63' title='bbox 1007 1817 1050 1889; x_wconf 88' lang='lat' dir='ltr'>de</span> <span class='ocrx_word' id='word_1_64' title='bbox 1077 1816 1179 1888; x_wconf 87' lang='lat' dir='ltr'>domo</span> <span class='ocrx_word' id='word_1_65' title='bbox 1206 1815 1425 1910; x_wconf 82' lang='lat' dir='ltr'>Gornycn.</span> <span class='ocrx_word' id='word_1_66' title='bbox 1450 1816 1491 1887; x_wconf 94' lang='lat' dir='ltr'>In</span> <span class='ocrx_word' id='word_1_67' title='bbox 1519 1836 1588 1907; x_wconf 85' lang='lat' dir='ltr'>qua</span> <span class='ocrx_word' id='word_1_68' title='bbox 1609 1821 1691 1887; x_wconf 92' lang='lat' dir='ltr'>sunt</span> <span class='ocrx_word' id='word_1_69' title='bbox 1717 1816 1809 1887; x_wconf 88' lang='lat' dir='ltr'>lanei</span> <span class='ocrx_word' id='word_1_70' title='bbox 1836 1814 2039 1886; x_wconf 85' lang='lat' dir='ltr'>emethoua-</span> 
     </span>
     <span class='ocr_line' id='line_1_10' title="bbox 481 1935 2039 2031; baseline -0.004 -20"><span class='ocrx_word' id='word_1_71' title='bbox 481 1942 542 2031; x_wconf 76' lang='lat' dir='ltr'>leS,</span> <span class='ocrx_word' id='word_1_72' title='bbox 570 1941 612 2011; x_wconf 86' lang='lat' dir='ltr'>de</span> <span class='ocrx_word' id='word_1_73' title='bbox 640 1942 764 2031; x_wconf 90' lang='lat' dir='ltr'>quibus</span> <span class='ocrx_word' id='word_1_74' title='bbox 792 1941 950 2011; x_wconf 92' lang='lat' dir='ltr'>omnibus</span> <span class='ocrx_word' id='word_1_75' title='bbox 978 1937 1096 2029; x_wconf 88' lang='lat' dir='ltr'>datur,</span> <span class='ocrx_word' id='word_1_76' title='bbox 1131 1938 1274 2030; x_wconf 87' lang='lat' dir='ltr'>darique</span> <span class='ocrx_word' id='word_1_77' title='bbox 1300 1938 1406 2010; x_wconf 89' lang='lat' dir='ltr'>debet</span> <span class='ocrx_word' id='word_1_78' title='bbox 1431 1938 1567 2010; x_wconf 87' lang='lat' dir='ltr'>decima</span> <span class='ocrx_word' id='word_1_79' title='bbox 1592 1937 1818 2029; x_wconf 81' lang='lat' dir='ltr'>manipularis</span> <span class='ocrx_word' id='word_1_80' title='bbox 1843 1956 1910 2026; x_wconf 90' lang='lat' dir='ltr'>pro</span> <span class='ocrx_word' id='word_1_81' title='bbox 1936 1935 2039 2007; x_wconf 74' lang='lat' dir='ltr'>sebo</span> 
     </span>
     <span class='ocr_line' id='line_1_11' title="bbox 482 2055 2040 2151; baseline -0.004 -20"><span class='ocrx_word' id='word_1_82' title='bbox 482 2061 605 2133; x_wconf 90' lang='lat' dir='ltr'>lastria</span> <span class='ocrx_word' id='word_1_83' title='bbox 637 2060 878 2151; x_wconf 84' lang='lat' dir='ltr'>Gracoviensi;</span> <span class='ocrx_word' id='word_1_84' title='bbox 915 2081 977 2151; x_wconf 88' lang='lat' dir='ltr'>per</span> <span class='ocrx_word' id='word_1_85' title='bbox 1014 2059 1262 2150; x_wconf 83' lang='lat' dir='ltr'>negligentiam</span> <span class='ocrx_word' id='word_1_86' title='bbox 1297 2065 1414 2131; x_wconf 90' lang='lat' dir='ltr'>tamen</span> <span class='ocrx_word' id='word_1_87' title='bbox 1450 2058 1736 2131; x_wconf 89' lang='lat' dir='ltr'>scholasticorum</span> <span class='ocrx_word' id='word_1_88' title='bbox 1755 2078 1874 2130; x_wconf 82' lang='lat' dir='ltr'>versa</span> <span class='ocrx_word' id='word_1_89' title='bbox 1908 2061 1967 2127; x_wconf 90' lang='lat' dir='ltr'>est</span> <span class='ocrx_word' id='word_1_90' title='bbox 2001 2055 2040 2125; x_wconf 93' lang='lat' dir='ltr'>iu</span> 
     </span>
     <span class='ocr_line' id='line_1_12' title="bbox 482 2177 2040 2274; baseline -0.005 -21"><span class='ocrx_word' id='word_1_91' title='bbox 482 2182 714 2274; x_wconf 88' lang='lat' dir='ltr'>pecunialem,</span> <span class='ocrx_word' id='word_1_92' title='bbox 741 2188 777 2254; x_wconf 90' lang='lat' dir='ltr'>et</span> <span class='ocrx_word' id='word_1_93' title='bbox 805 2182 910 2255; x_wconf 91' lang='lat' dir='ltr'>solvit</span> <span class='ocrx_word' id='word_1_94' title='bbox 937 2180 1081 2272; x_wconf 89' lang='lat' dir='ltr'>singulis</span> <span class='ocrx_word' id='word_1_95' title='bbox 1110 2181 1210 2253; x_wconf 87' lang='lat' dir='ltr'>annis</span> <span class='ocrx_word' id='word_1_96' title='bbox 1235 2186 1309 2254; x_wconf 89' lang='lat' dir='ltr'>tres</span> <span class='ocrx_word' id='word_1_97' title='bbox 1336 2180 1491 2253; x_wconf 79' lang='lat' dir='ltr'>temones</span> <span class='ocrx_word' id='word_1_98' title='bbox 1522 2180 1673 2254; x_wconf 86' lang='lat' dir='ltr'>latorum</span> <span class='ocrx_word' id='word_1_99' title='bbox 1698 2199 1919 2269; x_wconf 82' lang='lat' dir='ltr'>grossorum3</span> <span class='ocrx_word' id='word_1_100' title='bbox 1954 2177 2040 2246; x_wconf 86' lang='lat' dir='ltr'>item</span> 
     </span>
     <span class='ocr_line' id='line_1_13' title="bbox 481 2302 2043 2395; baseline -0.003 -22"><span class='ocrx_word' id='word_1_101' title='bbox 481 2304 673 2395; x_wconf 88' lang='lat' dir='ltr'>taberna....,</span> <span class='ocrx_word' id='word_1_102' title='bbox 700 2304 783 2374; x_wconf 92' lang='lat' dir='ltr'>item</span> <span class='ocrx_word' id='word_1_103' title='bbox 809 2302 1076 2392; x_wconf 86' lang='lat' dir='ltr'>hortulaniae....;</span> <span class='ocrx_word' id='word_1_104' title='bbox 1103 2302 1186 2374; x_wconf 89' lang='lat' dir='ltr'>item</span> <span class='ocrx_word' id='word_1_105' title='bbox 1213 2302 1358 2374; x_wconf 88' lang='lat' dir='ltr'>ecclesia</span> <span class='ocrx_word' id='word_1_106' title='bbox 1376 2308 1412 2375; x_wconf 92' lang='lat' dir='ltr'>et</span> <span class='ocrx_word' id='word_1_107' title='bbox 1429 2303 1597 2394; x_wconf 88' lang='lat' dir='ltr'>plebanus</span> <span class='ocrx_word' id='word_1_108' title='bbox 1623 2302 1731 2373; x_wconf 86' lang='lat' dir='ltr'>habet</span> <span class='ocrx_word' id='word_1_109' title='bbox 1756 2302 1805 2373; x_wconf 91' lang='lat' dir='ltr'>ibi</span> <span class='ocrx_word' id='word_1_110' title='bbox 1823 2319 1929 2390; x_wconf 90' lang='lat' dir='ltr'>agros</span> <span class='ocrx_word' id='word_1_111' title='bbox 1956 2319 2043 2388; x_wconf 92' lang='lat' dir='ltr'>pro-</span> 
     </span>
     <span class='ocr_line' id='line_1_14' title="bbox 483 2425 1362 2516; baseline 0.001 -22"><span class='ocrx_word' id='word_1_112' title='bbox 483 2425 578 2515; x_wconf 90' lang='lat' dir='ltr'>prios</span> <span class='ocrx_word' id='word_1_113' title='bbox 606 2430 642 2495; x_wconf 91' lang='lat' dir='ltr'>et</span> <span class='ocrx_word' id='word_1_114' title='bbox 667 2431 779 2516; x_wconf 89' lang='lat' dir='ltr'>prata,</span> <span class='ocrx_word' id='word_1_115' title='bbox 806 2444 870 2515; x_wconf 90' lang='lat' dir='ltr'>pro</span> <span class='ocrx_word' id='word_1_116' title='bbox 899 2444 961 2496; x_wconf 89' lang='lat' dir='ltr'>suo</span> <span class='ocrx_word' id='word_1_117' title='bbox 989 2445 1053 2496; x_wconf 91' lang='lat' dir='ltr'>usu</span> <span class='ocrx_word' id='word_1_118' title='bbox 1081 2428 1117 2496; x_wconf 88' lang='lat' dir='ltr'>et</span> <span class='ocrx_word' id='word_1_119' title='bbox 1135 2425 1362 2497; x_wconf 83' lang='lat' dir='ltr'>necessitate.</span> 
     </span>
    </p>

    <p class='ocr_par' dir='ltr' id='par_1_5' title="bbox 1133 2545 1414 2618">
     <span class='ocr_line' id='line_1_15' title="bbox 1133 2545 1414 2618; baseline 0 -2"><span class='ocrx_word' id='word_1_120' title='bbox 1133 2545 1414 2618; x_wconf 76' lang='lat' dir='ltr'>Lanunvvrcza</span> 
     </span>
    </p>

    <p class='ocr_par' dir='ltr' id='par_1_6' title="bbox 388 2664 2047 3482">
     <span class='ocr_line' id='line_1_16' title="bbox 586 2664 2044 2757; baseline -0.003 -18"><span class='ocrx_word' id='word_1_121' title='bbox 586 2665 681 2739; x_wconf 84' lang='lat' dir='ltr'>Villa</span> <span class='ocrx_word' id='word_1_122' title='bbox 706 2666 838 2739; x_wconf 92' lang='lat' dir='ltr'>habens</span> <span class='ocrx_word' id='word_1_123' title='bbox 866 2667 901 2737; x_wconf 92' lang='lat' dir='ltr'>in</span> <span class='ocrx_word' id='word_1_124' title='bbox 928 2686 966 2738; x_wconf 88' lang='lat' dir='ltr'>se</span> <span class='ocrx_word' id='word_1_125' title='bbox 992 2666 1225 2756; x_wconf 83' lang='lat' dir='ltr'>parochialem</span> <span class='ocrx_word' id='word_1_126' title='bbox 1252 2667 1451 2757; x_wconf 90' lang='lat' dir='ltr'>ecclesiam,</span> <span class='ocrx_word' id='word_1_127' title='bbox 1481 2664 1589 2739; x_wconf 86' lang='lat' dir='ltr'>Sanct</span> <span class='ocrx_word' id='word_1_128' title='bbox 1606 2720 1724 2737; x_wconf 92' lang='grc'><strong>.....</strong></span> <span class='ocrx_word' id='word_1_129' title='bbox 1742 2717 1751 2756; x_wconf 91' lang='grc'>,</span> <span class='ocrx_word' id='word_1_130' title='bbox 1785 2666 1882 2737; x_wconf 89' lang='lat' dir='ltr'>cuius</span> <span class='ocrx_word' id='word_1_131' title='bbox 1908 2664 2044 2735; x_wconf 86' lang='lat' dir='ltr'>haeres</span> 
     </span>
     <span class='ocr_line' id='line_1_17' title="bbox 388 2778 2045 2883; baseline -0.002 -24"><span class='ocrx_word' id='word_1_132' title='bbox 388 2778 393 2802; x_wconf 72' lang='lat'><em>¹</em></span> <span class='ocrx_word' id='word_1_133' title='bbox 482 2787 609 2883; x_wconf 85' lang='lat' dir='ltr'>Petrus</span> <span class='ocrx_word' id='word_1_134' title='bbox 635 2786 973 2880; x_wconf 85' lang='lat' dir='ltr'>Komorowshy.</span> <span class='ocrx_word' id='word_1_135' title='bbox 999 2788 1040 2859; x_wconf 93' lang='lat' dir='ltr'>In</span> <span class='ocrx_word' id='word_1_136' title='bbox 1068 2808 1136 2878; x_wconf 92' lang='lat' dir='ltr'>qna</span> <span class='ocrx_word' id='word_1_137' title='bbox 1163 2795 1246 2860; x_wconf 90' lang='lat' dir='ltr'>sunt</span> <span class='ocrx_word' id='word_1_138' title='bbox 1272 2788 1365 2860; x_wconf 92' lang='lat' dir='ltr'>lanei</span> <span class='ocrx_word' id='word_1_139' title='bbox 1392 2788 1634 2879; x_wconf 88' lang='lat' dir='ltr'>emethouales,</span> <span class='ocrx_word' id='word_1_140' title='bbox 1660 2787 1847 2877; x_wconf 84' lang='lat' dir='ltr'>dequibus</span> <span class='ocrx_word' id='word_1_141' title='bbox 1873 2786 2045 2857; x_wconf 89' lang='lat' dir='ltr'>omnibus</span> 
     </span>
     <span class='ocr_line' id='line_1_18' title="bbox 402 2888 2047 2999; baseline -0.004 -19"><span class='ocrx_word' id='word_1_142' title='bbox 402 2888 405 2898; x_wconf 62' lang='grc'><em>’</em></span> <span class='ocrx_word' id='word_1_143' title='bbox 483 2908 614 2980; x_wconf 87' lang='lat' dir='ltr'>decima</span> <span class='ocrx_word' id='word_1_144' title='bbox 639 2909 864 2999; x_wconf 87' lang='lat' dir='ltr'>manipularis</span> <span class='ocrx_word' id='word_1_145' title='bbox 891 2928 912 2979; x_wconf 94' lang='lat' dir='ltr'>a</span> <span class='ocrx_word' id='word_1_146' title='bbox 938 2908 1116 2999; x_wconf 90' lang='lat' dir='ltr'>primaeva</span> <span class='ocrx_word' id='word_1_147' title='bbox 1141 2908 1344 2981; x_wconf 86' lang='lat' dir='ltr'>fundatione</span> <span class='ocrx_word' id='word_1_148' title='bbox 1378 2910 1544 2981; x_wconf 90' lang='lat' dir='ltr'>ecclesiae</span> <span class='ocrx_word' id='word_1_149' title='bbox 1570 2908 1810 2981; x_wconf 81' lang='lat' dir='ltr'>Gracoviensis</span> <span class='ocrx_word' id='word_1_150' title='bbox 1837 2906 2047 2979; x_wconf 89' lang='lat' dir='ltr'>solvebatur</span> 
     </span>
     <span class='ocr_line' id='line_1_19' title="bbox 483 3029 2045 3120; baseline -0.001 -21"><span class='ocrx_word' id='word_1_151' title='bbox 483 3029 715 3101; x_wconf 88' lang='lat' dir='ltr'>scholastriae</span> <span class='ocrx_word' id='word_1_152' title='bbox 739 3029 971 3119; x_wconf 81' lang='lat' dir='ltr'>Gracoviensi3</span> <span class='ocrx_word' id='word_1_153' title='bbox 999 3029 1044 3100; x_wconf 93' lang='lat' dir='ltr'>ob</span> <span class='ocrx_word' id='word_1_154' title='bbox 1071 3030 1396 3119; x_wconf 87' lang='lat' dir='ltr'>sequestrationem</span> <span class='ocrx_word' id='word_1_155' title='bbox 1410 3050 1493 3101; x_wconf 89' lang='lat' dir='ltr'>vero</span> <span class='ocrx_word' id='word_1_156' title='bbox 1519 3031 1618 3120; x_wconf 89' lang='lat' dir='ltr'>regni</span> <span class='ocrx_word' id='word_1_157' title='bbox 1635 3029 1801 3101; x_wconf 90' lang='lat' dir='ltr'>Poloniae</span> <span class='ocrx_word' id='word_1_158' title='bbox 1819 3035 1856 3101; x_wconf 91' lang='lat' dir='ltr'>et</span> <span class='ocrx_word' id='word_1_159' title='bbox 1871 3047 2045 3118; x_wconf 78' lang='lat' dir='ltr'>gwerras,</span> 
     </span>
     <span class='ocr_line' id='line_1_20' title="bbox 483 3148 2045 3241; baseline -0.002 -21"><span class='ocrx_word' id='word_1_160' title='bbox 483 3149 626 3221; x_wconf 86' lang='lat' dir='ltr'>decimis</span> <span class='ocrx_word' id='word_1_161' title='bbox 652 3148 841 3239; x_wconf 88' lang='lat' dir='ltr'>mutilatis,</span> <span class='ocrx_word' id='word_1_162' title='bbox 878 3148 1060 3221; x_wconf 91' lang='lat' dir='ltr'>solvuntur</span> <span class='ocrx_word' id='word_1_163' title='bbox 1095 3151 1278 3241; x_wconf 89' lang='lat' dir='ltr'>pecuniae,</span> <span class='ocrx_word' id='word_1_164' title='bbox 1314 3157 1351 3221; x_wconf 90' lang='lat' dir='ltr'>et</span> <span class='ocrx_word' id='word_1_165' title='bbox 1376 3149 1534 3241; x_wconf 88' lang='lat' dir='ltr'>praelata</span> <span class='ocrx_word' id='word_1_166' title='bbox 1567 3150 1651 3223; x_wconf 87' lang='lat' dir='ltr'>villa</span> <span class='ocrx_word' id='word_1_167' title='bbox 1686 3150 1791 3222; x_wconf 88' lang='lat' dir='ltr'>solvit</span> <span class='ocrx_word' id='word_1_168' title='bbox 1825 3148 2045 3221; x_wconf 89' lang='lat' dir='ltr'>scholastico</span> 
     </span>
     <span class='ocr_line' id='line_1_21' title="bbox 485 3268 2046 3364; baseline -0.001 -22"><span class='ocrx_word' id='word_1_169' title='bbox 485 3268 705 3342; x_wconf 84' lang='lat' dir='ltr'>Gracoviensi</span> <span class='ocrx_word' id='word_1_170' title='bbox 724 3325 732 3340; x_wconf 92' lang='lat'><strong>.</strong></span> <span class='ocrx_word' id='word_1_171' title='bbox 751 3324 759 3341; x_wconf 93' lang='lat'><strong>.</strong></span> <span class='ocrx_word' id='word_1_172' title='bbox 777 3325 785 3341; x_wconf 91' lang='lat'><strong>.</strong></span> <span class='ocrx_word' id='word_1_173' title='bbox 805 3325 812 3340; x_wconf 94' lang='lat'><strong><em>.</em></strong></span> <span class='ocrx_word' id='word_1_174' title='bbox 832 3324 839 3340; x_wconf 93' lang='lat'><strong>.</strong></span> <span class='ocrx_word' id='word_1_175' title='bbox 858 3292 894 3361; x_wconf 92' lang='lat'>.;</span> <span class='ocrx_word' id='word_1_176' title='bbox 920 3270 1004 3342; x_wconf 90' lang='lat' dir='ltr'>item</span> <span class='ocrx_word' id='word_1_177' title='bbox 1032 3270 1178 3344; x_wconf 88' lang='lat' dir='ltr'>ccclesia</span> <span class='ocrx_word' id='word_1_178' title='bbox 1203 3276 1241 3344; x_wconf 91' lang='lat' dir='ltr'>et</span> <span class='ocrx_word' id='word_1_179' title='bbox 1266 3270 1434 3364; x_wconf 88' lang='lat' dir='ltr'>plebanus</span> <span class='ocrx_word' id='word_1_180' title='bbox 1472 3272 1522 3344; x_wconf 92' lang='lat' dir='ltr'>ibi</span> <span class='ocrx_word' id='word_1_181' title='bbox 1548 3272 1654 3345; x_wconf 90' lang='lat' dir='ltr'>habet</span> <span class='ocrx_word' id='word_1_182' title='bbox 1679 3270 1840 3364; x_wconf 87' lang='lat' dir='ltr'>proprios</span> <span class='ocrx_word' id='word_1_183' title='bbox 1867 3289 1973 3362; x_wconf 86' lang='lat' dir='ltr'>agros</span> <span class='ocrx_word' id='word_1_184' title='bbox 1999 3274 2046 3340; x_wconf 88' lang='lat' dir='ltr'>et</span> 
     </span>
     <span class='ocr_line' id='line_1_22' title="bbox 484 3373 1766 3482; baseline 0.002 -21"><span class='ocrx_word' id='word_1_185' title='bbox 484 3395 596 3480; x_wconf 89' lang='lat' dir='ltr'>prata,</span> <span class='ocrx_word' id='word_1_186' title='bbox 622 3411 687 3482; x_wconf 92' lang='lat' dir='ltr'>pro</span> <span class='ocrx_word' id='word_1_187' title='bbox 716 3411 778 3463; x_wconf 92' lang='lat' dir='ltr'>suo</span> <span class='ocrx_word' id='word_1_188' title='bbox 805 3412 870 3464; x_wconf 91' lang='lat' dir='ltr'>usu</span> <span class='ocrx_word' id='word_1_189' title='bbox 898 3397 934 3463; x_wconf 91' lang='lat' dir='ltr'>et</span> <span class='ocrx_word' id='word_1_190' title='bbox 960 3391 1178 3465; x_wconf 84' lang='lat' dir='ltr'>necessitate.</span> <span class='ocrx_word' id='word_1_191' title='bbox 1374 3379 1381 3384; x_wconf 67' lang='grc'><strong>’</strong></span> <span class='ocrx_word' id='word_1_192' title='bbox 1666 3379 1671 3386; x_wconf 68' lang='grc'>’</span> <span class='ocrx_word' id='word_1_193' title='bbox 1759 3373 1766 3383; x_wconf 71' lang='grc'><strong>’</strong></span> 
     </span>
    </p>

    <p class='ocr_par' dir='ltr' id='par_1_7' title="bbox 1159 3513 1388 3587">
     <span class='ocr_line' id='line_1_23' title="bbox 1159 3513 1388 3587; baseline -0.004 -1"><span class='ocrx_word' id='word_1_194' title='bbox 1159 3513 1388 3587; x_wconf 81' lang='lat' dir='ltr'>Rrrnvann.</span> 
     </span>
    </p>

    <p class='ocr_par' dir='ltr' id='par_1_8' title="bbox 384 3632 2049 4313">
     <span class='ocr_line' id='line_1_24' title="bbox 588 3632 2046 3727; baseline 0 -23"><span class='ocrx_word' id='word_1_195' title='bbox 588 3632 683 3706; x_wconf 89' lang='lat' dir='ltr'>Villa</span> <span class='ocrx_word' id='word_1_196' title='bbox 709 3634 841 3707; x_wconf 90' lang='lat' dir='ltr'>habens</span> <span class='ocrx_word' id='word_1_197' title='bbox 867 3635 903 3707; x_wconf 92' lang='lat' dir='ltr'>in</span> <span class='ocrx_word' id='word_1_198' title='bbox 931 3654 969 3706; x_wconf 88' lang='lat' dir='ltr'>se</span> <span class='ocrx_word' id='word_1_199' title='bbox 996 3634 1177 3708; x_wconf 88' lang='lat' dir='ltr'>ecclesiam</span> <span class='ocrx_word' id='word_1_200' title='bbox 1202 3636 1455 3727; x_wconf 88' lang='lat' dir='ltr'>parochialem,</span> <span class='ocrx_word' id='word_1_201' title='bbox 1490 3633 1596 3708; x_wconf 88' lang='lat' dir='ltr'>Sonct</span> <span class='ocrx_word' id='word_1_202' title='bbox 1613 3689 1755 3726; x_wconf 89' lang='lat'><strong>......</strong></span> <span class='ocrx_word' id='word_1_203' title='bbox 1787 3635 1884 3706; x_wconf 89' lang='lat' dir='ltr'>cuius</span> <span class='ocrx_word' id='word_1_204' title='bbox 1910 3633 2046 3705; x_wconf 75' lang='lat' dir='ltr'>haeres</span> 
     </span>
     <span class='ocr_line' id='line_1_25' title="bbox 484 3752 2046 3848; baseline 0.001 -24"><span class='ocrx_word' id='word_1_205' title='bbox 484 3752 610 3826; x_wconf 88' lang='lat' dir='ltr'>Petrus</span> <span class='ocrx_word' id='word_1_206' title='bbox 636 3753 973 3847; x_wconf 81' lang='lat' dir='ltr'>Komorovslry.</span> <span class='ocrx_word' id='word_1_207' title='bbox 1000 3756 1041 3828; x_wconf 92' lang='lat' dir='ltr'>In</span> <span class='ocrx_word' id='word_1_208' title='bbox 1068 3777 1137 3848; x_wconf 91' lang='lat' dir='ltr'>qua</span> <span class='ocrx_word' id='word_1_209' title='bbox 1164 3764 1246 3829; x_wconf 90' lang='lat' dir='ltr'>sunt</span> <span class='ocrx_word' id='word_1_210' title='bbox 1271 3757 1364 3829; x_wconf 86' lang='lat' dir='ltr'>lanei</span> <span class='ocrx_word' id='word_1_211' title='bbox 1391 3757 1634 3848; x_wconf 90' lang='lat' dir='ltr'>emethouales,</span> <span class='ocrx_word' id='word_1_212' title='bbox 1661 3756 1848 3847; x_wconf 85' lang='lat' dir='ltr'>dequibus</span> <span class='ocrx_word' id='word_1_213' title='bbox 1874 3755 2046 3826; x_wconf 89' lang='lat' dir='ltr'>omnihus</span> 
     </span>
     <span class='ocr_line' id='line_1_26' title="bbox 384 3873 2049 3982; baseline 0 -39"><span class='ocrx_word' id='word_1_214' title='bbox 384 3974 389 3982; x_wconf 15' lang='grc' dir='ltr'>ἱ</span> <span class='ocrx_word' id='word_1_215' title='bbox 485 3873 617 3947; x_wconf 90' lang='lat' dir='ltr'>decima</span> <span class='ocrx_word' id='word_1_216' title='bbox 643 3875 870 3967; x_wconf 89' lang='lat' dir='ltr'>manipularis</span> <span class='ocrx_word' id='word_1_217' title='bbox 897 3896 918 3947; x_wconf 91' lang='lat' dir='ltr'>a</span> <span class='ocrx_word' id='word_1_218' title='bbox 945 3877 1123 3967; x_wconf 87' lang='lat' dir='ltr'>primaeva</span> <span class='ocrx_word' id='word_1_219' title='bbox 1148 3875 1350 3950; x_wconf 87' lang='lat' dir='ltr'>fundatione</span> <span class='ocrx_word' id='word_1_220' title='bbox 1376 3877 1543 3949; x_wconf 89' lang='lat' dir='ltr'>ecclcsiae</span> <span class='ocrx_word' id='word_1_221' title='bbox 1560 3875 1809 3965; x_wconf 65' lang='lat' dir='ltr'>&amp;aconensis</span> <span class='ocrx_word' id='word_1_222' title='bbox 1835 3874 2049 3946; x_wconf 88' lang='lat' dir='ltr'>solvebatur</span> 
     </span>
     <span class='ocr_line' id='line_1_27' title="bbox 485 3994 2046 4090; baseline -0.001 -24"><span class='ocrx_word' id='word_1_223' title='bbox 485 3994 711 4068; x_wconf 88' lang='lat' dir='ltr'>scholastriae</span> <span class='ocrx_word' id='word_1_224' title='bbox 739 3995 970 4086; x_wconf 83' lang='lat' dir='ltr'>Gracoviensi3</span> <span class='ocrx_word' id='word_1_225' title='bbox 998 3998 1042 4069; x_wconf 92' lang='lat' dir='ltr'>ob</span> <span class='ocrx_word' id='word_1_226' title='bbox 1070 3999 1382 4090; x_wconf 85' lang='lat' dir='ltr'>sequestrationem</span> <span class='ocrx_word' id='word_1_227' title='bbox 1408 4017 1491 4071; x_wconf 90' lang='lat' dir='ltr'>vero</span> <span class='ocrx_word' id='word_1_228' title='bbox 1518 3998 1619 4090; x_wconf 86' lang='lat' dir='ltr'>regni</span> <span class='ocrx_word' id='word_1_229' title='bbox 1645 3997 1811 4068; x_wconf 91' lang='lat' dir='ltr'>Poloniae</span> <span class='ocrx_word' id='word_1_230' title='bbox 1826 4000 1864 4066; x_wconf 92' lang='lat' dir='ltr'>et</span> <span class='ocrx_word' id='word_1_231' title='bbox 1879 4013 2046 4086; x_wconf 81' lang='lat' dir='ltr'>guerras,</span> 
     </span>
     <span class='ocr_line' id='line_1_28' title="bbox 485 4115 2047 4213; baseline 0 -28"><span class='ocrx_word' id='word_1_232' title='bbox 485 4115 627 4187; x_wconf 83' lang='lat' dir='ltr'>decmris</span> <span class='ocrx_word' id='word_1_233' title='bbox 653 4117 836 4210; x_wconf 85' lang='lat' dir='ltr'>mutilatis,</span> <span class='ocrx_word' id='word_1_234' title='bbox 860 4117 1042 4192; x_wconf 91' lang='lat' dir='ltr'>solvuntur</span> <span class='ocrx_word' id='word_1_235' title='bbox 1068 4120 1249 4213; x_wconf 88' lang='lat' dir='ltr'>pecuniae,</span> <span class='ocrx_word' id='word_1_236' title='bbox 1276 4124 1313 4193; x_wconf 89' lang='lat' dir='ltr'>et</span> <span class='ocrx_word' id='word_1_237' title='bbox 1328 4119 1443 4194; x_wconf 87' lang='lat' dir='ltr'>solvit</span> <span class='ocrx_word' id='word_1_238' title='bbox 1468 4119 1626 4212; x_wconf 86' lang='lat' dir='ltr'>praelata</span> <span class='ocrx_word' id='word_1_239' title='bbox 1651 4119 1736 4192; x_wconf 91' lang='lat' dir='ltr'>villa</span> <span class='ocrx_word' id='word_1_240' title='bbox 1761 4116 1906 4208; x_wconf 86' lang='lat' dir='ltr'>singulis</span> <span class='ocrx_word' id='word_1_241' title='bbox 1932 4116 2047 4187; x_wconf 88' lang='lat' dir='ltr'>annis</span> 
     </span>
     <span class='ocr_line' id='line_1_29' title="bbox 485 4235 1102 4313; baseline 0.011 -7"><span class='ocrx_word' id='word_1_242' title='bbox 485 4235 691 4310; x_wconf 87' lang='lat' dir='ltr'>scholastico</span> <span class='ocrx_word' id='word_1_243' title='bbox 720 4237 940 4313; x_wconf 82' lang='lat' dir='ltr'>Gracoviensi</span> <span class='ocrx_word' id='word_1_244' title='bbox 959 4294 1102 4313; x_wconf 91' lang='grc'><strong>......</strong></span> 
     </span>
    </p>

    <p class='ocr_par' dir='ltr' id='par_1_9' title="bbox 1035 4359 1363 4436">
     <span class='ocr_line' id='line_1_30' title="bbox 1035 4359 1363 4436; baseline 0 -2"><span class='ocrx_word' id='word_1_245' title='bbox 1035 4385 1051 4416; x_wconf 83' lang='grc'><em>·</em></span> <span class='ocrx_word' id='word_1_246' title='bbox 1165 4359 1363 4436; x_wconf 81' lang='lat' dir='ltr'>Zannzovv.</span> 
     </span>
    </p>

    <p class='ocr_par' dir='ltr' id='par_1_10' title="bbox 484 4477 2046 5178">
     <span class='ocr_line' id='line_1_31' title="bbox 588 4477 2045 4578; baseline -0.001 -24"><span class='ocrx_word' id='word_1_247' title='bbox 588 4477 684 4554; x_wconf 88' lang='lat' dir='ltr'>Villa</span> <span class='ocrx_word' id='word_1_248' title='bbox 709 4481 841 4578; x_wconf 87' lang='lat' dir='ltr'>habens</span> <span class='ocrx_word' id='word_1_249' title='bbox 858 4483 895 4554; x_wconf 93' lang='lat' dir='ltr'>in</span> <span class='ocrx_word' id='word_1_250' title='bbox 913 4503 951 4556; x_wconf 88' lang='lat' dir='ltr'>se</span> <span class='ocrx_word' id='word_1_251' title='bbox 968 4485 1202 4574; x_wconf 88' lang='lat' dir='ltr'>parochialem</span> <span class='ocrx_word' id='word_1_252' title='bbox 1229 4484 1418 4575; x_wconf 88' lang='lat' dir='ltr'>ecclesiam,</span> <span class='ocrx_word' id='word_1_253' title='bbox 1445 4482 1594 4556; x_wconf 75' lang='lat' dir='ltr'>dimtam</span> <span class='ocrx_word' id='word_1_254' title='bbox 1612 4481 1758 4554; x_wconf 88' lang='lat' dir='ltr'>Sanctae</span> <span class='ocrx_word' id='word_1_255' title='bbox 1777 4481 1908 4570; x_wconf 85' lang='lat' dir='ltr'>Annae,</span> <span class='ocrx_word' id='word_1_256' title='bbox 1934 4480 2045 4554; x_wconf 86' lang='lat' dir='ltr'>cuius</span> 
     </span>
     <span class='ocr_line' id='line_1_32' title="bbox 484 4601 2046 4695; baseline -0.001 -21"><span class='ocrx_word' id='word_1_257' title='bbox 484 4603 681 4693; x_wconf 87' lang='lat' dir='ltr'>proprietas</span> <span class='ocrx_word' id='word_1_258' title='bbox 707 4603 752 4674; x_wconf 88' lang='lat' dir='ltr'>ad</span> <span class='ocrx_word' id='word_1_259' title='bbox 779 4604 1035 4677; x_wconf 86' lang='lat' dir='ltr'>serenissimum</span> <span class='ocrx_word' id='word_1_260' title='bbox 1061 4605 1227 4678; x_wconf 92' lang='lat' dir='ltr'>Poloniae</span> <span class='ocrx_word' id='word_1_261' title='bbox 1253 4625 1371 4695; x_wconf 91' lang='lat' dir='ltr'>regem</span> <span class='ocrx_word' id='word_1_262' title='bbox 1398 4605 1559 4695; x_wconf 84' lang='lat' dir='ltr'>pertinet·</span> <span class='ocrx_word' id='word_1_263' title='bbox 1584 4603 1626 4676; x_wconf 94' lang='lat' dir='ltr'>In</span> <span class='ocrx_word' id='word_1_264' title='bbox 1644 4623 1713 4695; x_wconf 89' lang='lat' dir='ltr'>qna</span> <span class='ocrx_word' id='word_1_265' title='bbox 1729 4608 1812 4675; x_wconf 90' lang='lat' dir='ltr'>snut</span> <span class='ocrx_word' id='word_1_266' title='bbox 1835 4601 1926 4672; x_wconf 90' lang='lat' dir='ltr'>lanei</span> <span class='ocrx_word' id='word_1_267' title='bbox 1943 4621 2046 4673; x_wconf 71' lang='lat' dir='ltr'>eme</span> 
     </span>
     <span class='ocr_line' id='line_1_33' title="bbox 485 4723 2046 4816; baseline 0.001 -23"><span class='ocrx_word' id='word_1_268' title='bbox 485 4724 661 4816; x_wconf 88' lang='lat' dir='ltr'>thonales,</span> <span class='ocrx_word' id='word_1_269' title='bbox 689 4723 732 4796; x_wconf 92' lang='lat' dir='ltr'>de</span> <span class='ocrx_word' id='word_1_270' title='bbox 760 4725 883 4816; x_wconf 89' lang='lat' dir='ltr'>quibus</span> <span class='ocrx_word' id='word_1_271' title='bbox 911 4726 1069 4798; x_wconf 89' lang='lat' dir='ltr'>omnibus</span> <span class='ocrx_word' id='word_1_272' title='bbox 1105 4726 1297 4816; x_wconf 90' lang='lat' dir='ltr'>antiquitus</span> <span class='ocrx_word' id='word_1_273' title='bbox 1325 4725 1459 4796; x_wconf 89' lang='lat' dir='ltr'>decima</span> <span class='ocrx_word' id='word_1_274' title='bbox 1483 4725 1710 4816; x_wconf 89' lang='lat' dir='ltr'>manipularis</span> <span class='ocrx_word' id='word_1_275' title='bbox 1744 4724 1945 4797; x_wconf 81' lang='lat' dir='ltr'>solvebatur</span> <span class='ocrx_word' id='word_1_276' title='bbox 1973 4743 2046 4812; x_wconf 92' lang='lat' dir='ltr'>pro</span> 
     </span>
     <span class='ocr_line' id='line_1_34' title="bbox 485 4827 2046 4937; baseline 0 -23"><span class='ocrx_word' id='word_1_277' title='bbox 485 4843 692 4918; x_wconf 90' lang='lat' dir='ltr'>scholastico</span> <span class='ocrx_word' id='word_1_278' title='bbox 719 4843 948 4936; x_wconf 71' lang='lat' dir='ltr'>cracoviensi,</span> <span class='ocrx_word' id='word_1_279' title='bbox 976 4845 1012 4918; x_wconf 91' lang='lat' dir='ltr'>in</span> <span class='ocrx_word' id='word_1_280' title='bbox 1039 4827 1216 4937; x_wconf 81' lang='lat' dir='ltr'>praesenti</span> <span class='ocrx_word' id='word_1_281' title='bbox 1244 4865 1327 4918; x_wconf 90' lang='lat' dir='ltr'>vero</span> <span class='ocrx_word' id='word_1_282' title='bbox 1355 4845 1399 4917; x_wconf 89' lang='lat' dir='ltr'>ad</span> <span class='ocrx_word' id='word_1_283' title='bbox 1425 4845 1679 4937; x_wconf 90' lang='lat' dir='ltr'>beneplacitum</span> <span class='ocrx_word' id='word_1_284' title='bbox 1705 4844 1902 4916; x_wconf 87' lang='lat' dir='ltr'>scholastici</span> <span class='ocrx_word' id='word_1_285' title='bbox 1928 4843 2046 4914; x_wconf 91' lang='lat' dir='ltr'>solvit</span> 
     </span>
     <span class='ocr_line' id='line_1_35' title="bbox 484 4966 2045 5059; baseline 0 -25"><span class='ocrx_word' id='word_1_286' title='bbox 484 4967 722 5039; x_wconf 89' lang='lat' dir='ltr'>tantummodo</span> <span class='ocrx_word' id='word_1_287' title='bbox 740 5021 749 5037; x_wconf 91' lang='lat'><strong>.</strong></span> <span class='ocrx_word' id='word_1_288' title='bbox 767 5021 776 5038; x_wconf 93' lang='lat'><strong>.</strong></span> <span class='ocrx_word' id='word_1_289' title='bbox 794 5021 802 5038; x_wconf 92' lang='lat'><strong>.</strong></span> <span class='ocrx_word' id='word_1_290' title='bbox 821 5023 829 5038; x_wconf 92' lang='lat'><strong>.</strong></span> <span class='ocrx_word' id='word_1_291' title='bbox 847 5021 855 5038; x_wconf 93' lang='lat'><strong>.</strong></span> <span class='ocrx_word' id='word_1_292' title='bbox 874 4990 883 5056; x_wconf 84' lang='lat'><em>3</em></span> <span class='ocrx_word' id='word_1_293' title='bbox 918 4967 1003 5040; x_wconf 91' lang='lat' dir='ltr'>item</span> <span class='ocrx_word' id='word_1_294' title='bbox 1026 4968 1182 5041; x_wconf 71' lang='lat' dir='ltr'>ecclesia.</span> <span class='ocrx_word' id='word_1_295' title='bbox 1202 4972 1239 5040; x_wconf 90' lang='lat' dir='ltr'>ct</span> <span class='ocrx_word' id='word_1_296' title='bbox 1264 4967 1433 5059; x_wconf 89' lang='lat' dir='ltr'>plebanus</span> <span class='ocrx_word' id='word_1_297' title='bbox 1469 4967 1575 5039; x_wconf 91' lang='lat' dir='ltr'>habet</span> <span class='ocrx_word' id='word_1_298' title='bbox 1605 4967 1655 5038; x_wconf 91' lang='lat' dir='ltr'>ibi</span> <span class='ocrx_word' id='word_1_299' title='bbox 1680 4966 1841 5057; x_wconf 88' lang='lat' dir='ltr'>proprios</span> <span class='ocrx_word' id='word_1_300' title='bbox 1868 4984 1975 5055; x_wconf 85' lang='lat' dir='ltr'>agros</span> <span class='ocrx_word' id='word_1_301' title='bbox 2003 4971 2045 5035; x_wconf 90' lang='lat' dir='ltr'>et</span> 
     </span>
     <span class='ocr_line' id='line_1_36' title="bbox 484 5089 1178 5178; baseline 0.006 -23"><span class='ocrx_word' id='word_1_302' title='bbox 484 5091 595 5175; x_wconf 89' lang='lat' dir='ltr'>prata,</span> <span class='ocrx_word' id='word_1_303' title='bbox 622 5108 686 5178; x_wconf 94' lang='lat' dir='ltr'>pro</span> <span class='ocrx_word' id='word_1_304' title='bbox 714 5108 777 5161; x_wconf 89' lang='lat' dir='ltr'>suo</span> <span class='ocrx_word' id='word_1_305' title='bbox 804 5109 870 5160; x_wconf 88' lang='lat' dir='ltr'>usu</span> <span class='ocrx_word' id='word_1_306' title='bbox 897 5093 934 5160; x_wconf 90' lang='lat' dir='ltr'>et</span> <span class='ocrx_word' id='word_1_307' title='bbox 960 5089 1178 5162; x_wconf 88' lang='lat' dir='ltr'>necessitate.</span> 
     </span>
    </p>

    <p class='ocr_par' dir='ltr' id='par_1_11' title="bbox 483 5205 2043 5779">
     <span class='ocr_line' id='line_1_37' title="bbox 587 5205 2043 5301; baseline 0.001 -24"><span class='ocrx_word' id='word_1_308' title='bbox 587 5205 888 5300; x_wconf 82' lang='lat' dir='ltr'>Janoscnowrcn,</span> <span class='ocrx_word' id='word_1_309' title='bbox 916 5208 1000 5280; x_wconf 91' lang='lat' dir='ltr'>villa</span> <span class='ocrx_word' id='word_1_310' title='bbox 1026 5211 1090 5281; x_wconf 92' lang='lat' dir='ltr'>sub</span> <span class='ocrx_word' id='word_1_311' title='bbox 1117 5210 1283 5301; x_wconf 88' lang='lat' dir='ltr'>parochia</span> <span class='ocrx_word' id='word_1_312' title='bbox 1310 5207 1353 5280; x_wconf 88' lang='lat' dir='ltr'>de</span> <span class='ocrx_word' id='word_1_313' title='bbox 1379 5208 1602 5282; x_wconf 82' lang='lat' dir='ltr'>Zalrrzovv</span> <span class='ocrx_word' id='word_1_314' title='bbox 1627 5207 1713 5298; x_wconf 88' lang='lat' dir='ltr'>sita,</span> <span class='ocrx_word' id='word_1_315' title='bbox 1753 5207 1850 5278; x_wconf 91' lang='lat' dir='ltr'>cuius</span> <span class='ocrx_word' id='word_1_316' title='bbox 1876 5207 2043 5298; x_wconf 90' lang='lat' dir='ltr'>proprie-</span> 
     </span>
     <span class='ocr_line' id='line_1_38' title="bbox 483 5326 2043 5420; baseline 0.002 -25"><span class='ocrx_word' id='word_1_317' title='bbox 483 5330 538 5395; x_wconf 88' lang='lat' dir='ltr'>tas</span> <span class='ocrx_word' id='word_1_318' title='bbox 565 5326 609 5396; x_wconf 82' lang='lat' dir='ltr'>au</span> <span class='ocrx_word' id='word_1_319' title='bbox 636 5327 801 5401; x_wconf 92' lang='lat' dir='ltr'>Poloniae</span> <span class='ocrx_word' id='word_1_320' title='bbox 827 5348 964 5420; x_wconf 90' lang='lat' dir='ltr'>regem,</span> <span class='ocrx_word' id='word_1_321' title='bbox 1001 5329 1045 5401; x_wconf 89' lang='lat' dir='ltr'>ad</span> <span class='ocrx_word' id='word_1_322' title='bbox 1073 5337 1224 5402; x_wconf 89' lang='lat' dir='ltr'>castrum</span> <span class='ocrx_word' id='word_1_323' title='bbox 1252 5351 1352 5402; x_wconf 90' lang='lat' dir='ltr'>suum</span> <span class='ocrx_word' id='word_1_324' title='bbox 1378 5331 1512 5420; x_wconf 89' lang='lat' dir='ltr'>regium</span> <span class='ocrx_word' id='word_1_325' title='bbox 1544 5327 1755 5402; x_wconf 84' lang='lat' dir='ltr'>Berwald</span> <span class='ocrx_word' id='word_1_326' title='bbox 1790 5327 1952 5417; x_wconf 83' lang='lat' dir='ltr'>pertinet</span> <span class='ocrx_word' id='word_1_327' title='bbox 2000 5329 2043 5398; x_wconf 93' lang='lat' dir='ltr'>In</span> 
     </span>
     <span class='ocr_line' id='line_1_39' title="bbox 484 5448 2041 5542; baseline 0.002 -27"><span class='ocrx_word' id='word_1_328' title='bbox 484 5465 552 5532; x_wconf 86' lang='lat' dir='ltr'>quo</span> <span class='ocrx_word' id='word_1_329' title='bbox 579 5453 659 5518; x_wconf 89' lang='lat' dir='ltr'>sunt</span> <span class='ocrx_word' id='word_1_330' title='bbox 685 5448 777 5521; x_wconf 88' lang='lat' dir='ltr'>lanei</span> <span class='ocrx_word' id='word_1_331' title='bbox 803 5451 1057 5542; x_wconf 76' lang='lat' dir='ltr'>emethoualeS,</span> <span class='ocrx_word' id='word_1_332' title='bbox 1084 5451 1127 5522; x_wconf 90' lang='lat' dir='ltr'>de</span> <span class='ocrx_word' id='word_1_333' title='bbox 1155 5452 1280 5542; x_wconf 89' lang='lat' dir='ltr'>quibus</span> <span class='ocrx_word' id='word_1_334' title='bbox 1306 5451 1466 5523; x_wconf 92' lang='lat' dir='ltr'>omnibus</span> <span class='ocrx_word' id='word_1_335' title='bbox 1492 5451 1691 5524; x_wconf 89' lang='lat' dir='ltr'>solvebatur</span> <span class='ocrx_word' id='word_1_336' title='bbox 1717 5448 1852 5520; x_wconf 87' lang='lat' dir='ltr'>decima</span> <span class='ocrx_word' id='word_1_337' title='bbox 1877 5449 2041 5538; x_wconf 91' lang='lat' dir='ltr'>manipu-</span> 
     </span>
     <span class='ocr_line' id='line_1_40' title="bbox 484 5563 2043 5663; baseline 0.007 -33"><span class='ocrx_word' id='word_1_338' title='bbox 484 5563 568 5634; x_wconf 89' lang='lat' dir='ltr'>laris</span> <span class='ocrx_word' id='word_1_339' title='bbox 596 5567 788 5658; x_wconf 85' lang='lat' dir='ltr'>antiquitns</span> <span class='ocrx_word' id='word_1_340' title='bbox 815 5590 879 5661; x_wconf 94' lang='lat' dir='ltr'>pro</span> <span class='ocrx_word' id='word_1_341' title='bbox 906 5571 1095 5644; x_wconf 89' lang='lat' dir='ltr'>scholastia</span> <span class='ocrx_word' id='word_1_342' title='bbox 1120 5570 1361 5663; x_wconf 84' lang='lat' dir='ltr'>Cracoviensi,</span> <span class='ocrx_word' id='word_1_343' title='bbox 1387 5593 1452 5663; x_wconf 94' lang='lat' dir='ltr'>pro</span> <span class='ocrx_word' id='word_1_344' title='bbox 1478 5570 1656 5662; x_wconf 90' lang='lat' dir='ltr'>praesenti</span> <span class='ocrx_word' id='word_1_345' title='bbox 1682 5590 1774 5660; x_wconf 89' lang='lat' dir='ltr'>vero,</span> <span class='ocrx_word' id='word_1_346' title='bbox 1802 5569 1846 5640; x_wconf 86' lang='lat' dir='ltr'>ad</span> <span class='ocrx_word' id='word_1_347' title='bbox 1872 5570 2043 5659; x_wconf 83' lang='lat' dir='ltr'>benepla-</span> 
     </span>
     <span class='ocr_line' id='line_1_41' title="bbox 485 5683 1359 5779; baseline 0.012 -28"><span class='ocrx_word' id='word_1_348' title='bbox 485 5683 592 5752; x_wconf 91' lang='lat' dir='ltr'>citum</span> <span class='ocrx_word' id='word_1_349' title='bbox 619 5685 824 5779; x_wconf 87' lang='lat' dir='ltr'>scholastici,</span> <span class='ocrx_word' id='word_1_350' title='bbox 851 5691 956 5764; x_wconf 92' lang='lat' dir='ltr'>solvit</span> <span class='ocrx_word' id='word_1_351' title='bbox 981 5691 1222 5763; x_wconf 82' lang='lat' dir='ltr'>tantummodo</span> <span class='ocrx_word' id='word_1_352' title='bbox 1245 5743 1359 5760; x_wconf 93' lang='grc'><strong>.....</strong></span> 
     </span>
    </p>
   </div>
   <div class='ocr_carea' id='block_1_3' title="bbox 0 0 2282 6596">
    <p class='ocr_par' dir='ltr' id='par_1_12' title="bbox 0 0 2282 6596">
     <span class='ocr_line' id='line_1_42' title="bbox 0 0 2282 6596; baseline 0 0"><span class='ocrx_word' id='word_1_353' title='bbox 0 0 2282 6596; x_wconf 95' lang='lat' dir='ltr'> </span> 
     </span>
    </p>
   </div>
  </div>
 </body>
</html>
