4550 6600
1695 756 1769 830 373

150 1057 154 1065 ¹
219 961 334 1033 decem
361 960 452 1032 lanei
480 960 723 1052 omethouales,
750 960 834 1032 item
860 982 930 1033 una
955 961 1102 1035 taberna
1127 963 1260 1035 hahens
1285 984 1399 1055 agros,
1416 965 1500 1037 item
1517 982 1623 1037 uuum
1640 966 1771 1039 molen·

219 1079 334 1155 diuum
361 1081 493 1155 habens
521 1104 633 1174 agnou,
660 1084 703 1155 de
731 1084 856 1174 quibus
883 1084 1041 1156 omnibus
1069 1084 1218 1158 soluitur
1243 1085 1377 1157 decima
1402 1087 1629 1178 manipularis
1655 1095 1770 1160 cuato-

219 1204 295 1277 diae
333 1203 550 1297 Visliciensi‚
587 1211 622 1278 et
658 1226 721 1297 per
756 1206 886 1278 incolas
922 1207 1074 1297 propriis
1110 1208 1270 1279 curribus
1306 1208 1446 1280 ducitur
1479 1210 1515 1280 in
1550 1211 1714 1281 horreum
1749 1232 1772 1281 a

219 1326 360 1399 custode
386 1326 578 1419 locandum,
606 1331 641 1399 et
668 1327 807 1401 solvunt
833 1328 1001 1400 decimam
1028 1329 1152 1420 canapi
1178 1348 1242 1419 per
1269 1334 1418 1421 quatuor
1443 1331 1593 1422 ierugas,
1619 1336 1656 1403 et
1672 1332 1772 1405 valor

218 1449 290 1519 eius
316 1450 524 1521 aestimatur
550 1449 594 1520 ad
622 1454 699 1521 octo
726 1470 870 1541 marcae,
898 1450 1083 1542 aliquando
1111 1448 1156 1522 ad
1183 1470 1252 1522 sex.
1279 1452 1368 1523 Item
1394 1457 1468 1524 tres
1495 1458 1578 1524 suut
1594 1452 1630 1523 iu
1648 1453 1770 1525 eadem

219 1570 301 1641 villa
328 1571 567 1663 hortulauiae,
595 1592 682 1662 quaa
710 1573 753 1643 de
780 1572 874 1662 agris
901 1572 1136 1663 praedialibus
1162 1572 1298 1645 locatae
1325 1579 1434 1665 sunt,
1452 1580 1489 1645 et
1515 1574 1656 1647 solvunt
1679 1574 1793 1645 deci--

217 1712 305 1763 mam
343 1694 509 1766 ecclesiae
544 1694 736 1784 parochiali
763 1695 799 1763 iu
827 1693 1001 1765 Ohotel.
1037 1695 1125 1765 Item
1153 1699 1209 1766 est
1234 1695 1270 1767 iu
1297 1695 1417 1767 adem
1443 1696 1528 1767 villa
1555 1698 1652 1767 ouria
1678 1697 1769 1767 mili·

218 1816 303 1885 tarIs
338 1836 426 1905 uua,
453 1816 587 1889 hahens
621 1816 818 1908 praedium,
856 1816 898 1887 de
935 1816 1032 1887 cuius
1068 1816 1162 1906 agris
1197 1815 1329 1889 decima
1363 1816 1590 1908 manipularis
1624 1818 1778 1905 solutor,

218 1936 390 2009 ecclesiae.
408 1936 600 2027 parochiali
627 1943 663 2010 et
688 1938 838 2029 plebano
866 1938 903 2009 iu
930 1936 1106 2029 Ohotel,
1134 1942 1171 2009 et
1195 1938 1295 2013 valor
1321 1940 1394 2012 eius
1420 1941 1625 2012 aestimatur
1642 1940 1688 2012 ad
1706 1960 1767 2011 sex

149 2098 151 2103 ·
218 2078 359 2131 marcas

328 2180 517 2271 Lcauou,
553 2181 637 2253 uilla
666 2182 736 2253 sub
771 2182 938 2273 parochia
972 2168 1137 2255 ecclesiae
1173 2183 1217 2254 de
1243 2181 1536 2255 Dohrouoda
1561 2184 1647 2275 sita,
1675 2184 1772 2255 cuius

221 2300 343 2373 haeres
372 2302 640 2394 Msczugius
668 2303 985 2395 Lgauowszhy
1011 2301 1138 2377 nobilis
1166 2305 1210 2376 de
1236 2305 1338 2377 domo
1365 2305 1618 2397 Pobodzye.
1645 2306 1685 2376 Iu
1705 2327 1773 2396 qua

221 2430 300 2496 suut
327 2445 391 2496 sex
417 2425 510 2497 lanei
538 2427 781 2517 cmethoualeS,
809 2428 892 2497 item
919 2448 988 2499 uua
1009 2428 1158 2499 taberna
1174 2427 1306 2499 hahens
1325 2429 1438 2518 agros,
1457 2428 1500 2499 de
1518 2428 1644 2519 quibus
1662 2405 1773 2499 omui-

219 2547 281 2617 bus
308 2546 458 2618 solvitur
485 2548 617 2619 decima
643 2548 867 2657 manipularis
895 2548 1071 2620 cantoriae
1099 2548 1307 2639 Visliciensi,
1333 2554 1371 2620 et
1392 2568 1456 2639 per
1473 2549 1673 2621 cmethones
1691 2568 1772 2640 pro-

219 2668 302 2757 priis
329 2668 491 2741 curribus
518 2668 657 2741 ducitur
684 2670 718 2740 iu
746 2670 909 2741 horreum
937 2690 958 2741 a
985 2675 1124 2741 cantore
1152 2670 1348 2760 locandum,
1376 2676 1413 2741 et
1439 2671 1579 2743 solvunt
1604 2670 1772 2742 declinam

220 2791 339 2881 canapi
367 2810 431 2882 per
458 2797 607 2882 quatuor
633 2792 781 2883 ierugas,
809 2798 845 2862 et
871 2792 969 2864 valor
995 2791 1149 2863 decimae
1174 2794 1380 2865 aestimatur
1406 2793 1450 2865 ad
1474 2799 1609 2884 septem
1627 2813 1772 2865 marcas.

220 2910 304 2983 Item
332 2918 390 2983 est
416 2913 452 2983 iu
480 2913 600 2985 eadem
626 2914 710 2985 uilla
744 2934 850 2985 unurn
876 2914 1115 3008 tautummodo
1142 2914 1323 3005 praedium
1349 2915 1518 3005 militare,
1546 2915 1639 3005 quod
1665 2916 1771 2986 solvit

221 3032 386 3105 decimam
413 3034 663 3125 manipularem
690 3036 855 3107 ecclesiae
882 3036 1073 3126 parochiali
1100 3042 1136 3107 et
1161 3036 1311 3126 plebano
1329 3038 1366 3107 in
1384 3034 1559 3108 (lhotel.
1585 3037 1672 3107 Item
1691 3041 1774 3107 sunt

221 3154 286 3225 duo
313 3156 511 3248 horbrlani,
537 3157 705 3229 habentes
733 3174 837 3247 agros
863 3178 906 3228 ex
933 3156 1077 3248 praedio
1104 3156 1268 3250 largitos,
1296 3158 1356 3249 qui
1382 3158 1485 3229 etiam
1514 3158 1653 3230 solvunt
1679 3157 1772 3229 doci·

222 3296 308 3348 manu
335 3278 588 3370 manipularem
615 3278 780 3351 ecclesiae
807 3280 843 3350 in
870 3278 1048 3352 (lhotel.

321 3399 563 3492 Larnuuozu,
590 3401 674 3472 villa
701 3402 765 3474 suh
792 3402 958 3492 parochia
983 3401 1149 3473 ecclcsiae
1176 3401 1220 3474 de
1244 3399 1414 3473 Ghotcl
1440 3401 1517 3494 sita,
1535 3401 1634 3473 cuiue
1651 3399 1774 3471 haeres

223 3519 385 3594 Nicotaus
420 3521 444 3593 J
454 3523 623 3594 arosch
660 3523 702 3594 de
738 3523 979 3616 Byechow,
1007 3523 1177 3595 subindex
1212 3521 1469 3614 dracouensu,
1496 3523 1540 3593 de
1566 3522 1673 3594 arula
1699 3522 1775 3593 Po·
1883 3531 1886 3535 ’

222 3641 341 3715 uala
370 3641 412 3713 In
440 3663 508 3734 qua
534 3648 616 3715 suut
643 3643 822 3716 duodecim
848 3644 943 3716 lanei
970 3644 1214 3734 cmethonales,
1242 3644 1285 3715 de
1308 3643 1432 3734 quibua
1450 3640 1609 3715 omnibus
1628 3643 1776 3714 soluitur

223 3774 257 3834 et
281 3765 488 3837 conducitur
514 3765 647 3837 decima
673 3765 898 3856 manipularis
926 3771 963 3837 et
990 3765 1166 3856 canapalis
1192 3785 1257 3855 pro
1285 3765 1484 3855 praebenda
1510 3764 1628 3835 Sancti
1660 3763 1774 3834 Steni-

224 3883 286 3956 slai
319 3887 356 3958 iu
394 3884 558 3959 Ohotel
593 3885 817 3978 Militari,
853 3893 889 3958 et
924 3887 1023 3960 valor
1050 3887 1124 3959 eius
1152 3885 1357 3959 aestimatur
1383 3886 1428 3957 ad
1454 3885 1603 3957 sedecim
1631 3903 1776 3956 marcas.

223 4005 287 4078 Eat
312 4008 421 4080 etiam
447 4009 496 4080 ibi
523 4029 593 4080 una
620 4009 768 4080 taberna
794 4009 925 4096 hahens
953 4029 1066 4100 agros,
1095 4005 1137 4080 de
1166 4029 1234 4100 qua
1260 4008 1367 4080 etiam
1389 4007 1582 4078 decimatur
1598 4003 1776 4097 praelatae

223 4130 441 4219 praebendae
477 4131 512 4201 in
548 4129 723 4202 Ohotel.
762 4129 851 4202 Item
888 4151 956 4202 non
983 4136 1038 4202 est
1064 4130 1246 4222 praedium
1271 4129 1308 4200 in
1334 4128 1456 4200 eadem
1481 4129 1575 4201 uilla.
1615 4128 1703 4199 Item
1730 4126 1774 4198 de
1914 4181 1922 4190 .

225 4251 382 4324 omuibus
409 4268 469 4325 sex
503 4253 596 4325 villis
631 4251 798 4344 praelatIs
834 4252 981 4325 soluitur
1018 4251 1227 4325 columbatio
1261 4251 1426 4324 ecclesiae
1452 4252 1489 4322 iu
1516 4249 1705 4340 Ghotcl,
1732 4247 1776 4320 de

226 4373 379 4463 quolibet
405 4373 509 4447 laneo
532 4394 595 4465 per
623 4373 709 4447 duos
735 4393 885 4466 grossos.

325 4489 565 4588 Ranzuuou,
592 4497 677 4570 uilla
703 4497 768 4570 sub
794 4497 960 4588 parochia
986 4495 1152 4568 ecclesiae
1178 4495 1222 4567 de
1248 4494 1540 4595 Dohrouoda
1566 4483 1649 4584 sita,
1671 4493 1773 4564 cuius

225 4615 344 4690 haeres
371 4617 537 4691 Nicolaus
564 4619 690 4692 nobilis
717 4618 761 4692 de
788 4617 889 4692 domo
915 4616 1152 4692 Habdanlc
1177 4615 1219 4689 Iu
1246 4637 1315 4710 qua
1332 4623 1414 4688 suut
1431 4633 1553 4688 norem
1572 4611 1664 4686 lanei
1682 4632 1773 4686 ome·

227 4739 393 4830 thonales,
420 4741 503 4812 item
530 4761 601 4812 uua
625 4740 772 4813 taberna
797 4741 930 4814 habeus
958 4761 1071 4832 agrae,
1098 4739 1181 4812 itanu
1209 4759 1279 4810 uua
1294 4737 1495 4810 hortulanis
1512 4737 1644 4808 habeus
1662 4753 1776 4828 agros,

224 4859 270 4930 'de
296 4861 421 4952 quihus
457 4858 614 4935 omuibus
651 4860 797 4936 solvitur
827 4868 862 4934 et
888 4863 1092 4935 conducitur
1119 4861 1251 4932 decima
1277 4859 1501 4950 manipulorIs
1527 4864 1564 4930 et
1589 4855 1777 4950 canapalia,

190 4987 197 4996 '
228 5001 290 5071 pro
317 4983 463 5055 ecclesia
498 4983 688 5075 parochiali
725 4989 761 5054 et
795 4983 871 5056 eius
909 4983 1055 5074 plebano
1087 4983 1122 5052 lu
1159 4979 1342 5072 Ghotel,
1368 4977 1453 5052 uilla
1478 4976 1631 5052 matodis
1658 4978 1776 5050 Wisli·

230 5103 359 5196 oiensis,
388 5107 484 5177 ouius
512 5107 612 5179 valor
638 5105 683 5177 ad
710 5103 858 5177 sedecim
884 5125 1019 5176 marcas
1047 5103 1261 5175 aestimatur.
1287 5103 1376 5174 Item
1402 5107 1458 5173 est
1483 5099 1520 5173 iu
1546 5101 1668 5173 eadem
1694 5099 1779 5173 uilla
1914 5154 1918 5160 .

230 5225 323 5298 coria
356 5225 519 5299 mittaris
550 5247 637 5320 uua,
665 5247 752 5319 quae
779 5228 855 5308 iure
881 5226 1073 5318 parochiali
1099 5245 1169 5296 uon
1196 5225 1241 5296 ad
1267 5224 1617 5315 Dohrouodam,
1644 5222 1705 5295 sed
1733 5219 1778 5293 ad

231 5345 411 5420 Buazlro
447 5350 619 5442 pertinet,
645 5349 777 5422 habeus
813 5369 916 5439 agros
951 5347 1148 5439 praediales
1174 5348 1284 5419 houos
1309 5347 1345 5416 in
1372 5351 1445 5417 tres
1472 5363 1611 5436 campos
1637 5344 1777 5434 divisos,

232 5465 272 5538 de
298 5471 422 5559 quibus
449 5478 530 5562 post
556 5491 661 5543 unum
690 5491 855 5562 campum,
883 5470 982 5542 iuxta
1007 5473 1198 5540 torrentem
1227 5468 1287 5558 qui
1314 5466 1410 5540 uadit
1435 5467 1480 5538 de
1506 5465 1715 5540 Ouczari
1741 5466 1778 5537 iu

231 5585 449 5685 Holucaa,
484 5593 632 5668 soletar
666 5591 799 5664 decima
834 5589 1058 5682 manipularis
1093 5607 1158 5680 pro
1192 5586 1404 5660 monasterio
1439 5589 1474 5658 in
1508 5587 1707 5678 Buszho,
1733 5583 1776 5658 de
