4550 6600
510 751 584 822 360

505 959 543 1031 in
568 949 852 1044 Michocziu,
880 956 916 1025 et
942 952 1041 1025 valor
1067 951 1142 1023 eius
1168 951 1213 1023 ad
1240 954 1314 1024 tres
1340 972 1488 1034 marcas,
1525 951 1613 1025 Item
1639 956 1722 1025 sunt
1748 952 1799 1025 ibi
1824 952 1892 1027 duo
1917 958 2037 1047 praedia

506 1078 679 1167 militaria,
707 1076 750 1148 de
777 1076 901 1166 quibus
929 1074 1120 1147 decimatur
1147 1074 1315 1147 ecclesiae
1342 1075 1378 1145 in
1405 1073 1680 1147 Michocziu.

608 1198 922 1287 Szrunuusczanr,
949 1196 1033 1269 villa
1059 1197 1123 1270 sub
1151 1193 1317 1287 parochia
1344 1196 1388 1268 de
1414 1194 1678 1269 Michocziu
1705 1198 1787 1289 sita,
1816 1198 1913 1271 cuius
1936 1200 2040 1275 haere

506 1320 626 1393 ditatis
653 1319 851 1411 proprietas
878 1338 942 1409 pro
969 1318 1093 1391 maiori
1119 1323 1220 1409 parte
1247 1318 1293 1390 ad
1314 1318 1476 1391 abbatem
1503 1324 1539 1391 et
1565 1320 1815 1392 monasterium
1841 1318 2043 1413 Goprzywni-

507 1460 628 1515 czense
654 1441 824 1532 pertinet3
861 1460 962 1531 quarn
987 1440 1095 1513 abbas
1123 1444 1376 1514 ettconrentus
1403 1438 1742 1532 Goprzywniczensis
1768 1462 1833 1533 pro
1861 1443 1942 1514 villa
1964 1445 2045 1517 bona

506 1570 543 1636 et
568 1564 705 1654 integra
743 1561 964 1658 Oqzycze,
1004 1564 1109 1634 etiam
1136 1563 1202 1635 sub
1238 1563 1360 1634 eadem
1399 1563 1565 1653 parochia
1602 1563 1646 1635 de
1681 1563 1944 1635 Michocziu
1979 1542 2047 1657 sita,

506 1663 628 1776 parum
653 1683 799 1775 provide
825 1684 998 1756 cambivit.
1025 1684 1066 1755 In
1085 1705 1154 1775 qua
1171 1689 1252 1757 sunt
1275 1684 1343 1756 duo
1370 1689 1507 1756 tantum
1533 1684 1627 1756 lanei
1653 1685 1889 1757 cmethonales
1905 1686 1942 1757 in
1959 1696 2049 1777 parta

361 1824 367 1841 ·
505 1805 716 1895 monasterii,
744 1806 827 1877 item
854 1806 1022 1877 tabernae
1049 1806 1147 1895 duae,
1176 1806 1260 1877 item
1286 1806 1518 1896 hortulaniae,
1545 1805 1588 1878 de
1616 1806 1740 1897 quibus
1767 1806 1927 1878 omnibus
1956 1808 2050 1880 solci-

505 1933 564 1999 tur
590 1934 626 2000 et
653 1927 857 2013 conducitur
883 1926 1016 1999 decima
1043 1917 1269 2019 manipularis
1295 1934 1332 1999 et
1358 1928 1534 2018 canapalis
1571 1948 1636 2019 pro
1664 1929 1810 2001 ecclesia
1835 1930 1872 2000 in
1899 1928 2052 2003 Skoti-

506 2050 626 2142 niky,
654 2054 689 2122 et
715 2049 813 2121 valor
839 2049 915 2122 eius
942 2049 1146 2123 aestimatur
1173 2049 1218 2121 ad
1246 2069 1308 2121 sex
1334 2069 1477 2121 marcas.
1521 2050 1610 2122 Item
1637 2056 1720 2122 sunt
1745 2050 1796 2123 ibi
1821 2051 1893 2122 tria
1919 2053 2052 2143 praedia

484 2162 687 2263 militaria,
724 2170 767 2243 de
795 2172 919 2262 quibus
947 2170 1140 2260 decimatur
1173 2172 1340 2244 ecclesiae
1366 2172 1403 2242 in
1438 2170 1721 2263 Michoczin,
1757 2172 1858 2244 valor
1884 2174 1959 2245 eius
1984 2179 2051 2246 tres

505 2314 652 2366 marcae.
696 2294 783 2365 Item
811 2292 995 2383 Nicotaus,
1032 2294 1117 2365 item
1143 2293 1322 2366 Johannes
1350 2292 1683 2385 Dmitrowsky,
1718 2276 1808 2367 item
1834 2294 2052 2369 Nicolauset

505 2395 684 2489 lohannes
710 2415 1116 2509 Syedlisczensky,
1142 2416 1273 2488 habent
1298 2416 1346 2488 ibi
1372 2417 1551 2507 portiones
1569 2420 1605 2487 et
1623 2420 1744 2489 sortes.

459 2556 460 2562 ¹
608 2537 855 2630 Rauoaausz,
891 2537 974 2609 villa
1000 2538 1064 2611 sub
1090 2539 1256 2629 parochia
1282 2539 1326 2611 de
1352 2536 1616 2610 Michocziu
1642 2538 1729 2628 sita,
1765 2539 1864 2611 cuius
1889 2538 2051 2611 haeredes

504 2642 2051 2753 DomarathKobilanszlrydedomoGrzymala,etJacobusDomarath

430 2796 432 2803 ·
492 2782 548 2854 ‘de
575 2779 663 2853 Grz
675 2782 834 2874 ymala.
860 2782 901 2854 In
930 2804 998 2874 qua
1025 2788 1106 2855 sunt
1133 2783 1224 2855 lanei
1251 2783 1494 2874 cmethonales,
1521 2783 1607 2855 item
1623 2783 1800 2873 tabernae,
1826 2784 1910 2855 item
1936 2784 2052 2856 hortu

503 2902 626 2995 laniae,
653 2903 696 2976 de
724 2904 849 2996 quibus
875 2905 1036 2977 omnibus
1064 2905 1213 2977 solvitur
1239 2908 1275 2977 et
1301 2904 1506 2977 conducitur
1531 2904 1664 2977 decima
1690 2905 1916 2997 manipudaris
1942 2911 1979 2977 et
1999 2926 2052 2977 ca-

503 3026 637 3115 napalis
664 3047 728 3117 pro
748 3080 863 3097 .....
890 3026 978 3097 Item
1005 3032 1060 3099 est
1086 3027 1135 3099 ibi
1163 3048 1269 3099 unum
1296 3027 1476 3119 praedium
1503 3027 1672 3118 militare,
1700 3026 1743 3099 de
1769 3047 1838 3118 quo
1864 3027 2053 3100 decimatur

392 3138 400 3151 ’
504 3148 672 3219 ecclesiae
699 3148 734 3218 in
761 3146 1046 3239 Michocziu,
1074 3153 1110 3221 et
1136 3149 1235 3223 valor
1262 3150 1336 3222 eius
1363 3150 1570 3222 aestimatur
1595 3148 1640 3221 ad
1658 3169 1761 3242 paam
1788 3170 2003 3241 sexagenam.

607 3267 793 3342 Obstacuda
819 3270 889 3342 tria
915 3270 951 3342 in
979 3244 1123 3345 Visla.
1150 3272 1191 3344 In
1218 3271 1310 3345 villis
1336 3270 1541 3346 Machow
1566 3277 1604 3345 et
1629 3270 1835 3364 Gaymow
1862 3272 1907 3345 ad
1928 3272 2055 3347 milites

504 3395 539 3462 et
564 3392 601 3462 in
629 3445 768 3462 ......
796 3393 1039 3484 consistentia,
1076 3400 1112 3467 et
1138 3395 1183 3466 ad
1209 3397 1460 3487 proprietatem
1487 3396 1690 3468 monasterii
1717 3394 2055 3488 Ooprzywniczensis

347 3563 356 3587 .
503 3514 716 3606 spectantia,
744 3516 888 3606 singulis
915 3518 1014 3588 annis
1041 3522 1078 3590 et
1105 3518 1251 3609 singuiis
1278 3519 1499 3609 septimanis,
1527 3519 1563 3589 in
1589 3518 1702 3590 tribus
1721 3517 1858 3609 diebus,
1885 3519 2056 3592 videlicet·

501 3633 589 3706 feria
615 3641 750 3729 quarta,
778 3643 884 3730 sexta,
904 3643 940 3711 et
962 3639 1142 3732 sabbatho,
1169 3661 1304 3712 omnem
1327 3645 1506 3732 capturam
1533 3640 1689 3731 piscium,
1717 3661 1804 3731 quae
1821 3641 1883 3712 ilio
1901 3641 1957 3712 die
1974 3661 2054 3732 pro

500 3759 651 3850 venerit,
691 3781 755 3852 pro
783 3762 888 3833 certis
916 3761 1088 3854 servitiis,
1129 3763 1296 3836 ecclesiae
1322 3767 1359 3836 et
1384 3763 1534 3855 plebano
1562 3767 1599 3835 et
1624 3762 1794 3836 ministris
1821 3763 1858 3835 in
1884 3762 2053 3836 Micio

500 3882 601 3952 czin
628 3881 779 3970 reddunt
805 3889 841 3957 et
867 3884 1017 3957 solvunt.

499 4027 505 4038 ·
606 4003 799 4077 Scoltetiae.
836 4006 980 4079 Scolteti
1006 4011 1042 4078 et
1069 4008 1290 4099 cmethones,
1322 4008 1358 4078 in
1386 4007 1478 4080 villis
1505 4007 1570 4079 Na
1578 4028 1769 4099 gnoyow
1804 4011 1842 4079 et
1877 4007 1901 4079 S
1909 4008 2055 4099 yedli-

502 4145 678 4216 sczany,
715 4126 759 4198 ad
787 4129 1033 4200 monasterium
1066 4126 1394 4221 Ooprzywniczense
1421 4129 1655 4220 pertinentes,
1690 4129 1836 4219 singulis
1863 4131 1963 4200 annis
1988 4151 2053 4220 pro

500 4246 590 4318 festo
609 4246 727 4319 Sancti
744 4247 889 4320 Martini
917 4250 1064 4341 solvunt,
1092 4251 1295 4342 solvereque
1322 4256 1487 4322 tenentur
1513 4270 1652 4323 censum
1679 4255 1893 4342 perpetuum,
1920 4258 2054 4343 septem

384 4433 388 4436 .
500 4367 663 4441 videlicet
688 4369 840 4442 fertones
868 4372 1057 4444 communis
1084 4375 1269 4464 pecuniae,
1297 4374 1435 4445 ratione
1461 4373 1742 4445 commutationis
1767 4373 1993 4445 tabernarum
2017 4381 2054 4446 et

500 4513 662 4580 agrorum
690 4493 726 4567 iu
754 4491 1174 4586 Wyeczerzyszka,
1214 4495 1477 4588 Nagnoyow
1508 4499 1545 4567 et
1570 4495 1924 4588 Syedlisczany,
1964 4517 2054 4588 quae

500 4613 587 4685 alias
615 4615 837 4704 pertinebant
863 4615 920 4686 ad.
935 4617 989 4688 ius
1016 4619 1053 4690 et
1079 4618 1329 4708 proprietatem
1356 4618 1521 4689 ecclesiae
1547 4619 1583 4688 in
1609 4615 1883 4690 Michocziu.

603 4735 717 4808 Villae
734 4737 966 4828 parochiales:
994 4739 1284 4832 Mychoczin,
1311 4716 2052 4833 dczicza,1(aymow,uagn0y0w,

497 4858 704 4951 Daylam,
731 4859 944 4952 Machor,
971 4863 1143 4953 Borow,
1176 4863 1473 4953 Radobansz‚
1509 4857 1895 4954 Szyedly's'czany,
1926 4861 2051 4954 Wye-

498 4981 797 5073 czerzyszka,
825 4983 1081 5076 Ohmyelow
1106 4986 1257 5077 regia,
1297 4985 1657 5075 Molrrzeschow,
1684 4984 2051 5076 Dambr'owicza,

395 5113 399 5125 “
497 5103 859 5177 Schuonorzow:

1137 5229 1427 5303 Znnrsscnnur.

600 5348 694 5422 Villa
720 5349 851 5423 habens
879 5349 915 5422 in
942 5371 979 5424 se
1006 5351 1186 5426 ecclesiam
1213 5353 1448 5444 parochialem
1474 5352 1633 5444 ligneam,
1661 5350 1788 5423 Sancto
1806 5351 1950 5424 Nicoiao
1969 5373 2052 5455 con-

383 5561 387 5569 ,
496 5469 621 5542 fessori
648 5471 814 5564 dicatam,
850 5475 948 5547 cuius
975 5475 1098 5548 haeres
1127 5475 1293 5548 Nicotaus
1320 5473 1744 5566 Ohrzasthowszlry
1779 5473 1938 5546 veniliier
1964 5473 2052 5546 Ora-

497 5591 666 5663 coviensis
686 5595 848 5668 dedomo
873 5597 1194 5690 Strzegomya,
1221 5599 1362 5670 ratione·
1374 5599 1506 5687 uxoris,
1526 5617 1628 5690 qnam
1642 5617 1738 5683 ,nunc
1753 5597 1847 5687 regit
1863 5596 2052 5670 modernus

370 5771 374 5780 ,
496 5709 665 5804 plebanus
692 5714 865 5794 Nicotaus.
892 5719 933 5795 In
961 5739 1029 5814 qua
1057 5725 1138 5794 sunt
1165 5720 1256 5792 lanei
1283 5715 1526 5811 cmethonales,
1552 5720 1636 5792 item
1662 5720 1829 5795 mbernae
1855 5724 1939 5811 tres,
1966 5720 2052 5793 item
