4550 6600
468 721 515 809 bi

467 942 679 1031 Naszyon
707 940 750 1011 de
769 940 874 1011 armis
893 935 1220 1029 Bippennium,
1238 934 1274 1007 in
1293 956 1361 1027 qua
1380 941 1461 1008 sunt
1476 942 1554 1007 octo
1568 932 1660 1007 lanei
1673 930 1919 1025 emethonales,
1932 930 2016 1004 item

466 1064 555 1133 duae
581 1063 756 1152 tabernae,
783 1061 951 1133 habentes
978 1080 1099 1150 agros,
1135 1060 1219 1129 item
1245 1059 1465 1129 hortulaniae
1491 1079 1552 1129 sex
1580 1079 1656 1128 cum
1683 1058 1796 1147 agris,
1823 1057 2018 1146 dequibus

467 1183 625 1253 omnibus
652 1182 799 1253 solvitur
826 1187 862 1251 et
890 1180 1095 1251 conducitur
1130 1179 1264 1249 decima
1284 1179 1511 1268 manipularis
1536 1184 1572 1249 et
1597 1178 1772 1267 canapalia
1798 1174 2019 1267 praebendae

466 1302 698 1391 cracoviensi,
726 1322 813 1391 quae
841 1306 986 1373 vocatur
1012 1300 1323 1391 Raczyborowslr‘a,
1350 1306 1387 1370 et
1404 1300 1503 1372 valor
1520 1301 1596 1370 eius
1614 1300 1818 1370 aestimatur
1835 1296 1880 1367 ad
1898 1296 2018 1367 decem

465 1442 608 1513 marcas,
635 1424 718 1493 item
746 1423 795 1495 ibi
822 1422 890 1493 duo
917 1421 1069 1511 praedia,
1096 1400 1305 1510 de‘quorum
1332 1422 1427 1510 agris
1445 1421 1638 1492 decimatur
1664 1418 1882 1510 praebendae
1899 1417 2019 1488 Sancti

466 1542 611 1614 Martini
638 1545 674 1613 in
701 1542 946 1633 Oracovia,
974 1547 1011 1612 et
1037 1542 1136 1613 valor
1163 1542 1238 1611 cius
1265 1541 1310 1611 ad
1336 1563 1398 1612 sex
1424 1562 1569 1613 marcas.

569 1662 770 1752 Znnooow,
796 1662 880 1734 villa
907 1663 972 1733 sub
987 1640 1166 1751 'parochia
1191 1661 1234 1763 de
1261 1660 1659 1751 Naszechowycze
1687 1662 1773 1750 sita,
1809 1661 1907 1730 cuius
1933 1659 2017 1729 hae

465 1782 747 1854 redesNicolaus
766 1782 809 1853 de
836 1781 1031 1874 Ostoya‚
1057 1781 1271 1855 Jacobusde
1298 1781 1489 1873 Ostoya,
1516 1782 1820 1871 Slyadowshy
1846 1781 1889 1853 de
1908 1780 2017 1869 Top

465 1924 565 1993 por,
592 1903 742 1975 Swide
761 1957 930 1993 .......
958 1904 993 1973 in
1022 1922 1090 1993 qua
1116 1909 1197 1975 sunt
1222 1904 1315 1975 lanei
1340 1904 1585 1993 emethonales,
1613 1904 1697 1973 item
1723 1903 1904 1991 tabernae,
1931 1902 2015 1971 item

466 2024 661 2115 hortulani,
689 2024 732 2094 de
760 2024 885 2115 quibus
913 2025 1071 2095 omnibus
1099 2025 1248 2095 solvitur
1274 2031 1311 2095 et
1336 2025 1541 2096 conducitur
1568 2024 1702 2094 decima
1727 2023 1955 2113 manipularis
1981 2028 2018 2090 et

467 2146 644 2236 canapalis
672 2166 736 2235 pro
762 2144 962 2234 praebenda
988 2144 1022 2215 S.
1047 2144 1195 2216 Martini
1222 2147 1258 2216 in
1285 2145 1525 2218 cracovia

571 2264 864 2355 Pronnowrczn,
890 2264 974 2335 villa
1001 2266 1065 2335 snb
1092 2265 1259 2354 parochia
1284 2265 1328 2335 de
1354 2264 1785 2357 Naszyachowycze
1812 2264 1892 2353 sita,
1920 2265 2018 2334 cuins

466 2386 590 2457 haeres
617 2384 810 2455 Stanislaus
837 2384 1147 2475 Polanowsky
1182 2386 1225 2456 de
1253 2387 1358 2456 armis
1384 2386 1630 2476 Anguium,
1667 2387 1726 2475 qui
1757 2386 1863 2456 habet
1888 2384 2019 2453 medie-

467 2512 575 2577 tatem
602 2505 716 2595 villae;
743 2506 888 2576 alteram
908 2510 1023 2579 autem
1041 2504 1263 2577 medietatem
1280 2507 1385 2578 villae
1411 2508 1518 2579 habet
1544 2506 1824 2596 Maslowshy
1849 2504 1893 2575 de
1912 2506 2019 2575 armis

466 2626 667 2717 Pylene,
704 2627 740 2697 in
768 2632 944 2718 quaeunt
979 2626 1071 2697 lanei
1098 2627 1351 2716 emethonales,
1386 2628 1472 2698 item
1498 2628 1684 2712 tabernae,
1721 2627 1805 2696 item
1831 2626 2020 2713 hortulani,

467 2748 510 2819 de
537 2746 662 2837 quibus
690 2748 847 2819 omnibus
875 2748 1022 2818 solvitur
1048 2747 1180 2820 decima
1206 2748 1434 2838 manipularis
1460 2754 1497 2818 et
1523 2749 1698 2837 canapalls
1724 2768 1788 2837 pro
1808 2801 1950 2815 ......

571 2868 694 2939 Altero
721 2868 856 2939 Mariae
882 2868 1111 2959 Magdalenae
1137 2869 1265 2940 ibidem
1285 2870 1393 2940 estin
1411 2869 1556 2939 ecclesia
1581 2869 1772 2959 parochiali
1798 2870 1833 2938 in
1851 2867 2021 2937 Nasza·

467 2989 727 3081 chowycze,
765 2989 856 3080 quod
891 3009 956 3078 pro
983 2990 1063 3060 dote
1098 2990 1205 3061 habet
1241 2991 1327 3061 duos
1361 2990 1481 3062 lancos
1507 2992 1544 3060 in
1578 2990 1920 3081 Janylrowycze
1955 3008 2021 3078 pro

466 3110 629 3200 praedio,
666 3111 702 3179 in
729 3110 855 3199 quibus
881 3110 989 3181 habet
1015 3116 1165 3199 quatuor
1192 3112 1408 3202 emethones,
1444 3118 1480 3182 et
1507 3112 1652 3201 quilibet
1682 3112 1787 3183 solvit
1820 3131 1886 3201 pro
1913 3130 2020 3180 censu

468 3251 531 3320 per
559 3230 645 3301 duas
671 3249 824 3320 marcae,
858 3236 895 3301 et
920 3249 990 3302 non
1026 3231 1103 3321 plus
1131 3231 1294 3304 laborant
1328 3233 1396 3303 nisi
1423 3229 1589 3328 iutrzynp.
1633 3232 1722 3304 Item
1755 3232 1863 3304 habet
1888 3230 2019 3303 ibidem

346 3339 355 3360 '
468 3373 572 3422 unam
591 3351 834 3442 hortulaniam
854 3350 896 3422 de
916 3373 984 3442 qua
1003 3353 1150 3423 solvitur
1167 3354 1282 3424 media
1298 3374 1417 3424 marca
1434 3374 1498 3444 pro
1516 3375 1631 3444 censu,
1653 3355 1738 3425 item
1755 3355 1863 3424 habet
1880 3354 2019 3424 domum

327 3518 330 3528 -
466 3473 653 3561 propriam,
680 3472 716 3540 in
744 3492 812 3561 qua
838 3471 978 3562 residet,
1004 3477 1041 3543 et
1066 3473 1208 3543 hortum
1235 3474 1333 3544 iuxta
1359 3493 1436 3544 eam
1463 3475 1579 3562 situm3
1607 3475 1691 3544 item
1716 3475 1823 3544 habet
1849 3473 2018 3544 decimam

358 3599 361 3606 “
467 3591 678 3682 praedialem
705 3592 741 3662 in
768 3591 1154 3683 Roszeyowycze,
1181 3595 1278 3664 cuius
1306 3595 1405 3666 valor
1431 3597 1636 3666 aestimatur
1662 3594 1707 3664 ad
1733 3595 1821 3665 duas
1846 3613 1991 3664 marcas.

570 3713 692 3785 Altare
718 3711 837 3785 Sancti
863 3714 987 3786 Jacobi
1022 3715 1151 3786 ibidem
1187 3716 1223 3786 in
1250 3717 1397 3787 ecclesia
1431 3716 1623 3806 parochiali
1658 3715 1694 3790 in
1727 3715 2015 3806 Naszyacho-

466 3855 633 3926 wycze,
661 3833 753 3926 quod
780 3836 887 3907 habet
913 3836 1042 3906 ibidem
1061 3838 1155 3906 circa
1171 3837 1351 3908 ecclesiam
1370 3837 1507 3908 domum
1526 3837 1712 3926 propriam,
1739 3837 1776 3906 in
1794 3857 1862 3925 qua
1879 3835 2019 3923 residet,

467 3977 544 4026 cum
571 3957 684 4043 horto,
712 3957 805 4027 circa
831 3957 975 4028 eandem
1003 3957 1142 4028 domum
1170 3959 1252 4046 sito,
1288 3959 1371 4028 item
1397 3960 1505 4030 habet
1531 3958 1667 4027 laneum
1693 3979 1799 4028 unum
1825 3955 1955 4028 ibidem
1982 3957 2017 4025 in

467 4075 915 4168 Naszyachowycze,
951 4098 1051 4167 quem
1079 4079 1174 4149 solus
1201 4078 1294 4168 colit,
1321 4079 1365 4148 de
1392 4100 1459 4168 quo
1486 4101 1555 4150 non
1582 4079 1686 4150 solvit
1712 4079 1816 4149 alicui
1842 4077 2017 4167 decimam,

469 4196 530 4268 sed
556 4217 620 4286 pro
648 4217 685 4266 se
713 4215 788 4266 eam
814 4197 916 4268 tollit.
960 4197 1049 4268 Item
1076 4199 1111 4268 in
1138 4198 1449 4289 Janhowycze
1475 4199 1581 4270 habet
1607 4220 1712 4271 unam
1739 4201 1940 4290 tabernam,
1977 4199 2019 4268 de

469 4339 537 4408 qua
563 4337 626 4408 pro
655 4337 760 4389 censu
787 4317 934 4388 solvitur
961 4319 1027 4388 sibi
1055 4341 1124 4390 una
1142 4340 1270 4409 marca;
1296 4321 1379 4390 item
1405 4321 1512 4391 habet
1538 4321 1665 4391 ibidem
1692 4321 1729 4391 in
1755 4320 1778 4392 J
1784 4322 2019 4392 ankowicre

468 4459 572 4510 unam
599 4438 803 4509 decimulam
830 4442 911 4528 post
936 4461 1041 4510 unum
1068 4461 1235 4532 campum,
1263 4442 1360 4512 cuius
1387 4441 1486 4512 valor
1511 4442 1555 4512 ad
1582 4442 1668 4514 duas
1695 4463 1830 4512 marcas
1857 4443 2020 4513 aestima-

469 4567 547 4648 tur;
573 4560 655 4630 item
683 4559 719 4630 in
746 4559 1014 4650 Kobyerzin
1049 4563 1156 4633 habet
1186 4562 1353 4632 decimam
1380 4570 1460 4652 post
1485 4570 1597 4634 totam
1623 4563 1760 4653 villam,
1797 4563 1895 4634 cuius
1923 4564 2020 4634 valor

469 4681 514 4752 ad
541 4692 690 4772 quatuor
725 4702 859 4752 marcas
896 4683 1122 4772 aestimatur3
1157 4684 1241 4754 item
1277 4684 1313 4754 in
1341 4684 1493 4756 Boreh
1529 4685 1635 4756 habet
1666 4684 1835 4756 decimam
1861 4685 2020 4755 similiter

469 4808 549 4892 post
575 4809 685 4874 totam
712 4803 840 4894 villam,
867 4804 996 4876 valoris
1024 4805 1176 4895 quinque
1202 4825 1407 4876 marcarum.

1162 4924 1330 4997 Gnarus.

572 5043 684 5136 Villa,
719 5047 851 5120 habens
886 5046 1066 5118 ecclesiam
1092 5047 1328 5138 parochialem
1360 5048 1511 5139 ligneam
1537 5049 1574 5119 in
1601 5069 1652 5138 se,
1689 5047 1823 5120 Sanctis
1850 5047 2019 5122 Omnibus

471 5166 629 5256 dicatam,
657 5169 754 5240 cuius
781 5168 949 5240 haeredes
975 5169 1075 5240 multi
1103 5169 1146 5241 de
1173 5169 1276 5242 domo
1302 5170 1629 5260 Bippennium,
1655 5172 1692 5240 in
1719 5192 1787 5260 qua
1813 5178 1896 5242 sunt
1921 5191 2021 5243 sexa-

468 5289 567 5375 ginta
592 5307 652 5358 sex
679 5289 771 5360 lanei
798 5291 1040 5380 emethonaleS,
1067 5289 1255 5380 dequibus
1283 5291 1431 5363 solvitur
1457 5299 1494 5362 et
1519 5292 1724 5362 conducitur
1750 5292 1884 5363 decima
1909 5293 2019 5363 mani·

468 5407 600 5495 pudoris
627 5414 663 5478 et
690 5411 865 5500 canopalis
891 5412 1108 5500 praebendae
1136 5411 1366 5501 Gracoviensi‚
1395 5433 1483 5502 quae
1509 5419 1653 5484 vocatur
1675 5413 1958 5504 Bossuthowsha,
1985 5419 2021 5484 et

470 5525 569 5596 valor
595 5528 668 5597 eius
695 5531 900 5602 aestimatur
928 5533 971 5602 ad
999 5533 1251 5622 quinquaginta
1275 5554 1420 5605 marcas.
1447 5533 1571 5604 Plures
1599 5541 1715 5604 autem
1741 5555 1843 5623 agros
1867 5536 2020 5605 cmetho-

468 5645 566 5719 nales
593 5657 849 5738 occupaverunt
874 5652 1002 5724 milites
1038 5653 1206 5742 depositis
1233 5654 1490 5743 emethonibus‚
1526 5655 1588 5726 sed
1615 5655 1837 5728 nihilominus
1865 5657 2019 5727 reddunt
