4550 6600
1730 800 1780 878 97

331 1001 630 1097 Mnnnscnuozn,
657 1003 740 1078 villa
757 1004 821 1080 sub
840 1004 1005 1098 parochia
1023 1005 1066 1081 de
1083 1004 1111 1079 Z
1117 1008 1351 1101 arnomy'ecz
1371 1007 1448 1101 sita,
1468 1006 1564 1082 cuius
1581 1012 1780 1102 proprietas

226 1126 271 1198 ad
298 1128 556 1200 serenissimum
583 1126 748 1200 Poloniae
774 1150 891 1219 regem
918 1131 1089 1222 pertinet,
1117 1132 1154 1201 in
1173 1149 1241 1221 qua
1258 1136 1339 1203 sunt
1366 1130 1483 1203 decem
1508 1132 1601 1203 lanei
1628 1134 1781 1204 cmctho-

224 1248 333 1339 nales,
360 1248 403 1320 de
423 1250 546 1340 quibus
566 1250 724 1322 omnibus
751 1250 900 1323 solvitur
919 1251 1052 1322 decima
1077 1252 1303 1342 manipularis
1321 1258 1358 1323 et
1375 1273 1438 1342 per
1466 1258 1615 1342 quatuor
1640 1220 1780 1343 ierogas

126 1398 130 1405 ·
225 1349 412 1459 casapulis·
429 1390 493 1461 pro
525 1370 841 1443 sanctimonialibus
879 1370 996 1443 Sancti
1022 1372 1185 1444 Andreae
1212 1372 1249 1443 in
1276 1371 1523 1463 cracovia,
1559 1374 1656 1445 cuins
1683 1374 1814 1445 valor·

224 1490 269 1562 ad
297 1492 449 1582 quinque
475 1510 609 1563 marcas
636 1478 848 1564 aestimatur.
873 1492 962 1563 Item
981 1498 1035 1564 est
1051 1494 1101 1565 ibi
1119 1515 1190 1565 una
1214 1495 1373 1584 taberna,
1399 1494 1531 1566 habens
1558 1514 1670 1585 agros,
1697 1495 1782 1565 item
1904 1501 1910 1515 “

225 1610 447 1683 hortulaniae
474 1612 581 1703 duae,
607 1612 776 1684 habentes
796 1634 909 1705 agros,
937 1614 1020 1685 item
1038 1614 1282 1704 molendinum,
1308 1614 1441 1686 habens
1460 1632 1571 1705 agros,
1599 1614 1781 1704 dequibus

225 1732 386 1803 omnibus
423 1733 571 1804 solvitur
598 1738 633 1804 et
660 1734 862 1806 conducitur
897 1734 1031 1805 decima
1061 1735 1288 1825 manipularis
1322 1756 1387 1824 pro
1413 1737 1625 1807 monasterio
1661 1736 1781 1807 Sancti

225 1852 391 1924 Andreae
417 1854 454 1923 in
479 1850 705 1949 pomilionem,
741 1860 881 1945 praeter
917 1854 1051 1946 aliquos
1079 1876 1182 1945 agros
1208 1849 1338 1945 paucos
1363 1856 1549 1946 tabernae,
1585 1856 1628 1926 de
1656 1856 1780 1946 quibus

226 1972 393 2044 ccclesiae
420 1974 612 2064 parochiali
639 1974 675 2044 in
701 1974 939 2067 Zarnowyecz.
965 1974 1053 2046 Item
1080 1980 1135 2046 est
1161 1975 1211 2046 ibi
1236 1975 1417 2065 praedium
1444 1976 1587 2065 regium,
1615 1976 1658 2046 de
1682 1976 1782 2046 cuius

224 2094 316 2183 agris
344 2092 493 2165 solvitur
520 2092 652 2165 decima
677 2094 902 2185 manipularis
929 2094 1095 2166 ecclesiae
1121 2095 1159 2165 in
1185 2093 1506 2186 Zarnowyecz.

327 2212 353 2285 J
355 2234 647 2307 sznouowrczn,
673 2216 757 2286 villa
775 2216 838 2287 sub
856 2214 1023 2307 parochia
1041 2216 1084 2287 dc
1101 2214 1130 2285 Z
1136 2236 1371 2307 arnowyecz
1398 2215 1482 2305 sita,
1510 2215 1607 2286 cuius
1624 2216 1795 2305 proprie.

225 2340 278 2406 tas
314 2334 362 2405 ad
390 2332 647 2409 serenissimum
682 2334 847 2407 Poloniae
880 2356 997 2426 regem
1033 2336 1204 2429 pertinet,
1239 2336 1276 2405 in
1312 2356 1381 2426 qna
1415 2340 1497 2405 sunt
1532 2354 1656 2406 novem
1690 2334 1783 2406 lanei

228 2454 480 2547 cmethonales,
512 2454 596 2526 item
623 2474 692 2527 una
717 2456 882 2545 taberna,
918 2455 1049 2555 habens
1077 2477 1198 2546 agros,
1226 2455 1421 2545 dequibus
1449 2454 1607 2526 omnibus
1634 2452 1783 2527 solvitur

226 2580 261 2646 ct
278 2574 488 2646 conducitur
505 2574 639 2648 decima
656 2574 880 2665 manipularis
899 2580 934 2647 et
952 2576 1126 2666 canapalis
1144 2597 1209 2665 pro
1226 2574 1438 2646 monasterio
1465 2574 1784 2646 sanctimonialium

227 2694 344 2766 Sancti
374 2694 553 2785 Andreae,
581 2701 617 2767 et
646 2696 746 2767 valor
771 2696 845 2767 eins
881 2696 1085 2766 aestimatur
1115 2696 1162 2767 ad
1192 2702 1325 2784 septem
1350 2714 1499 2786 marcas,
1527 2694 1711 2785 aliquando
1739 2694 1784 2765 ad

230 2814 368 2905 decem3
395 2816 480 2887 item
505 2812 726 2888 hortulaniae
753 2836 821 2887 non
849 2822 938 2907 sunt,
964 2817 1048 2887 item
1074 2816 1255 2906 praedium
1280 2836 1351 2887 non
1378 2820 1440 2886 est.

331 2934 501 3025 Wonrn,
537 2936 621 3007 villa
646 2936 710 3007 sub
737 2936 903 3027 parochia
929 2936 972 3006 de
998 2934 1307 3027 Zarnowyecz
1334 2935 1422 3025 sita,
1458 2934 1554 3005 cuius
1585 2934 1783 3025 proprietas

232 3056 275 3127 ad
302 3056 565 3132 serenissimum
600 3056 766 3128 Poloniae
792 3076 910 3146 regem
936 3056 1107 3147 pertinet,
1143 3056 1179 3126 in
1207 3076 1275 3146 qua
1302 3060 1384 3127 sunt
1417 3054 1511 3125 lanei
1544 3055 1782 3126 emethonules

230 3176 270 3248 de
296 3178 426 3267 quibus
453 3177 611 3249 omuibus
638 3176 784 3248 solvitur
802 3182 838 3247 et
857 3176 1061 3279 conducitur
1087 3176 1221 3247 decima
1246 3174 1473 3266 manipularis
1491 3180 1527 3246 et
1544 3194 1608 3265 per
1635 3180 1784 3265 quatuor

228 3300 378 3400 ierngas·
397 3297 572 3390 canapalis
599 3317 663 3390 pro
690 3299 901 3370 monasterio
929 3296 1047 3370 Sancti
1083 3296 1245 3370 Andreae
1276 3297 1313 3368 in
1339 3295 1588 3387 Oracoria,
1623 3296 1708 3367 item
1734 3296 1785 3368 ibi

229 3421 409 3510 praedium
428 3473 541 3491 .....
551 3476 559 3512 ,
573 3420 657 3492 item
675 3421 841 3492 tabernac
860 3473 992 3510 ......
1010 3420 1095 3491 item
1112 3419 1289 3491 hortulani
1308 3473 1316 3489 .
1334 3473 1343 3489 .
1361 3473 1369 3489 .
1384 3473 1410 3510 .,
1436 3419 1521 3490 item
1539 3417 1782 3489 molendinum.
1822 3408 1829 3419 '

913 3538 1112 3613 Onrcuow.
1233 3531 1240 3540 ’

329 3661 447 3753 Villa,
472 3663 606 3734 habens
635 3661 814 3734 ecclesiam
841 3661 1075 3753 parochialem
1100 3662 1252 3752 ligneam
1278 3659 1315 3732 in
1342 3681 1394 3751 sa,
1426 3659 1532 3731 Sanct
1550 3713 1666 3730 .....
1693 3657 1786 3730 dica·

229 3787 319 3874 tam,
349 3783 450 3854 cuius
469 3784 593 3854 haeres
611 3783 791 3855 lohannes
808 3783 894 3854 alias
912 3783 1006 3853 Iwan
1026 3781 1234 3854 castellanus
1248 3780 1557 3872 Medzyrzeccnsis,
1585 3781 1785 3870 capitaneus

232 3905 403 3993 generalis
437 3903 597 3994 Russiae,
630 3903 756 3975 nobilis
784 3903 826 3975 de
854 3903 955 3975 domo
982 3902 1354 3992 Zambrzaglowa
1388 3901 1476 3971 alias
1502 3896 1786 3991 Wyenyawa‚

107 4043 112 4056 ·
232 4024 360 4116 inqua
388 4030 470 4095 sunt
495 4014 587 4095 lan'ei
614 4025 865 4114 emethonales,
897 4024 981 4095 item
1007 4023 1194 4113 tabernae,
1221 4023 1306 4094 item
1343 4021 1538 4110 hortulani,
1573 4021 1658 4091 item
1684 4041 1784 4111 prae-

234 4144 324 4216 dium
350 4161 459 4217 unum
485 4145 646 4235 militare,
675 4145 717 4216 de
745 4145 869 4236 quibus
897 4145 1055 4217 omnibus
1090 4145 1239 4216 solvitur
1265 4149 1302 4214 et
1328 4142 1532 4214 conducitur
1557 4141 1690 4212 decima
1715 4163 1788 4211 ma-

233 4267 400 4356 nipularis
427 4272 463 4337 et
499 4265 676 4356 canapalis
712 4265 879 4337 ecclesiae
914 4273 951 4337 et
976 4265 1124 4356 plebano
1160 4265 1197 4336 in
1224 4263 1467 4354 Obychow,
1504 4269 1540 4333 et
1574 4262 1674 4333 valor
1709 4263 1784 4332 eins

237 4388 439 4457 aestimatur
456 4385 501 4457 ad
520 4385 637 4457 decem
656 4405 798 4457 marcas.
825 4385 913 4457 Item
932 4385 1077 4456 ecclesia
1095 4391 1131 4455 et
1149 4385 1318 4475 plebanus
1336 4384 1411 4455 eius
1429 4383 1535 4454 habet
1553 4381 1602 4453 ibi
1619 4382 1783 4471 proprios

236 4525 335 4595 agros
362 4507 493 4579 liberos
521 4512 557 4578 et
583 4512 700 4599 prata,
726 4528 790 4598 pro
819 4527 881 4577 suo
908 4527 974 4577 usu
1000 4511 1036 4577 et
1062 4506 1278 4577 necessitate.

921 4625 1088 4699 Omnes.

333 4747 447 4840 Villa,
473 4749 605 4821 habens
632 4747 811 4820 ecclesiam
828 4747 1061 4839 parochialem
1079 4747 1115 4817 in
1134 4767 1172 4818 se
1189 4746 1348 4837 ligneam,
1374 4745 1501 4816 Sancto
1518 4741 1787 4854 Bartholomaeo
1910 4787 1918 4797 ·

109 4935 110 4942 ,
238 4865 403 4958 Apostolo
431 4869 595 4960 dicatam,
621 4870 719 4940 cuius
744 4869 869 4940 haeres
897 4868 1137 4940 serenissimus
1155 4867 1321 4940 Poloniae
1347 4887 1410 4936 rex
1437 4865 1583 4956 quilibet
1608 4884 1672 4954 pro
1699 4870 1788 4934 tem·
1929 4974 1932 4979 Α

238 5007 337 5079 porc,
364 4990 400 5061 in
428 5009 496 5081 qua
523 4993 604 5061 sunt
628 4989 776 5079 triginta
806 4988 899 5060 lanei
935 4987 1188 5077 emethonales,
1224 4988 1307 5057 item
1333 4986 1480 5057 taberna
1515 4983 1670 5075 scolteti,
1704 4985 1788 5054 itarn
1938 4976 1942 4997 '

239 5105 451 5182 hortulaniae
485 5131 555 5183 non
583 5116 664 5182 suut
690 5111 740 5181 ibi
766 5109 922 5200 aliquac;
958 5109 1042 5180 item
1078 5108 1258 5198 praedium
1285 5107 1419 5197 regium
1454 5126 1524 5177 nou
1560 5111 1615 5176 est
1641 5103 1708 5194 ibi,
1744 5105 1789 5174 de

241 5229 359 5318 quibus
387 5231 544 5302 omnibus
571 5231 719 5302 solvitur
746 5235 782 5302 et
809 5229 1013 5301 conducitur
1048 5207 1181 5301 decima
1205 5225 1432 5317 manipularis
1459 5232 1495 5296 et
1521 5225 1696 5315 canapalis
1722 5243 1793 5313 pro·

242 5351 396 5442 episcopo
432 5351 671 5441 cracoviensi,
712 5357 749 5422 et
784 5351 883 5423 valor
919 5351 993 5422 eius
1034 5350 1240 5420 aestimatur
1275 5347 1319 5418 ad
1354 5347 1480 5437 viginti
1509 5365 1654 5416 marcas
1698 5345 1789 5416 item

244 5469 383 5543 ecclesia
410 5477 445 5543 et
470 5473 640 5563 plebanus
667 5472 773 5544 habet
798 5471 848 5543 ibi
874 5471 1035 5561 proprios
1063 5489 1166 5560 agros
1192 5469 1322 5539 liberos
1356 5471 1515 5557 etprata,
1541 5487 1606 5556 pro
1634 5487 1696 5536 suo
1722 5487 1788 5536 nsu

245 5595 279 5660 et
301 5593 527 5683 necessitate3
553 5595 636 5664 item
650 5593 809 5664 scoltetia
836 5597 890 5664 est
916 5591 984 5682 ibi,
1011 5591 1143 5662 habens
1163 5589 1249 5660 duos
1275 5589 1394 5660 laneos
1413 5594 1454 5658 et·
1467 5607 1572 5659 unam
1597 5587 1789 5677 tabernam,

244 5709 421 5784 habentem
448 5733 570 5805 agros,
586 5715 640 5785 ‘et
666 5713 772 5786 solvit
801 5711 967 5784 decimam
998 5709 1248 5803 manipularem
1274 5730 1339 5800 pro
1367 5709 1512 5780 ecclesia
1538 5708 1575 5778 in
1601 5705 1788 5797 Ghlyna,

339 5879 547 5923 mmmm
694 5897 700 5904 ·
815 5919 818 5925 ,
1601 5847 1679 5924 13,
