4550 6600
1689 832 1763 903 325

210 1038 244 1111 in
284 1038 320 1109 N
327 1038 617 1130 yekrassow,
652 1045 688 1111 et
719 1040 818 1113 valor
858 1041 932 1112 elus
973 1040 1178 1111 aestimatur
1218 1035 1263 1110 ad
1290 1046 1363 1111 tres
1389 1061 1535 1111 marcas.
1579 1040 1669 1111 Item
1709 1046 1763 1112 est

209 1161 256 1231 ibi
283 1180 354 1231 una
380 1160 539 1232 scoltetia
564 1160 698 1233 habens
726 1182 830 1235 unum
856 1164 994 1235 laneum
1022 1181 1196 1253 agrorum,
1223 1161 1412 1253 dequibus
1438 1163 1545 1235 etiam
1570 1163 1766 1237 decimatur

211 1302 273 1373 pro
300 1280 447 1353 ecclesia
474 1283 509 1352 in
537 1281 860 1375 Nyekrassow.

232 1481 245 1500 ,
311 1402 428 1475 Villae
455 1404 1052 1496 parochiales:,Nyekrassow,
1093 1404 1302 1478 Turszko
1343 1406 1507 1495 maior,
1546 1404 1764 1497 Ossolya,

213 1524 535 1615 Throzyanka,
562 1524 751 1599 Kanthi.
1734 1588 1738 1597 .

309 1644 400 1717 Item
428 1646 626 1737 notandum,
654 1647 746 1739 quod
773 1648 931 1738 praelata
957 1649 1104 1720 ecclesia
1122 1670 1165 1719 en
1183 1649 1336 1740 antiquis
1362 1648 1580 1739 temporibus
1608 1650 1678 1720 sita
1695 1648 1762 1719 luit

211 1769 244 1837 in
270 1772 390 1839 moute
426 1788 532 1859 supra
558 1768 694 1859 villam,
720 1774 757 1841 et
783 1769 930 1841 Sanctae
958 1768 1061 1841 Cruci
1097 1770 1230 1857 dicata;
1266 1768 1328 1841 sed
1355 1776 1499 1860 propter
1534 1768 1762 1841 difficiliorem

210 1906 400 1979 ascensum,
427 1890 497 1961 alla
522 1890 669 1963 ecclesia
695 1892 731 1961 in
759 1890 893 1963 declivo
920 1890 1092 1962 fabricata
1117 1896 1181 1982 est,
1209 1896 1245 1962 et
1271 1892 1307 1963 in
1333 1891 1501 1963 honorem
1529 1890 1662 1965 Beatae
1685 1890 1763 1964 Ma-

211 2010 280 2082 riae
307 2009 466 2104 Virginis
492 2011 714 2085 Visitationis
741 2014 892 2087 titulata.
1547 2026 1551 2033 “
1759 2016 1765 2021 ’

458 2119 459 2123 “
834 2120 1148 2208 Wrnlownrczn.

309 2254 407 2327 Villa
432 2256 565 2328 babens
591 2258 627 2329 in
654 2278 692 2330 se
719 2258 953 2350 parochialem
979 2258 1130 2349 ligneam
1158 2258 1349 2349 ecclesiam,
1376 2257 1473 2330 cuius
1500 2260 1763 2350 iuspatronatns

212 2377 253 2448 ad
278 2377 537 2449 serenissimum
565 2378 730 2452 Poloniae
757 2401 874 2470 regem
902 2380 1064 2470 pertinet,
1093 2379 1222 2451 Sancto
1248 2380 1414 2451 Michaeli
1432 2379 1652 2471 Archangelo
1671 2381 1765 2451 dica·

211 2506 296 2589 tam,
333 2500 628 2591 cutusplebanus
654 2500 833 2574 lohannes
869 2502 1131 2573 Roboczicz
1166 2502 1351 2593 presbyter
1387 2502 1431 2573 de
1468 2501 1766 2593 Pyersczecz.

210 2620 248 2691 ln
274 2640 342 2711 qua
373 2626 453 2693 sunt
486 2622 729 2713 quadraginta·
753 2624 903 2715 quinque
938 2624 1031 2695 lanei
1065 2624 1318 2713 cmethonales,
1353 2625 1436 2695 item
1470 2624 1637 2695 tabernae
1664 2624 1763 2715 duae,

211 2742 287 2814 item
316 2742 519 2814 hortulama
544 2764 630 2834 una,
666 2740 863 2835 scoltetiae,
900 2745 1095 2836 dequibus
1131 2746 1290 2817 omnibus
1323 2745 1471 2817 solvitur
1496 2750 1534 2817 et
1560 2746 1764 2819 conducitur

211 2863 338 2936 decima
366 2865 593 2955 manipularis
619 2870 656 2937 ct
682 2866 860 2957 canapalis
896 2888 960 2958 pro
996 2868 1198 2958 epIscopatu
1230 2867 1452 2939 Gracovicnsi
1487 2888 1551 2958 pro
1578 2868 1765 2941 medietate
1911 2864 1917 2877 '

211 2984 315 3075 villae,
341 2992 383 3058 et
409 2987 506 3059 valm
533 2988 608 3060 eius
635 2990 839 3060 aestimatur
865 2988 910 3060 ad
928 2986 1108 3061 duodecim
1126 3009 1272 3080 marcas,
1299 2995 1336 3061 et
1354 3010 1418 3079 pro
1435 2988 1633 3080 medietate,
1652 2990 1760 3061 eccle-

211 3108 277 3179 stae
303 3113 338 3180 et
369 3108 517 3199 plebano
544 3110 580 3180 in
607 3108 960 3203 Konyemlothi;
986 3112 1071 3183 Item
1089 3112 1125 3181 in
1144 3111 1265 3183 eadem
1283 3108 1366 3183 villa
1384 3116 1438 3181 est
1456 3111 1615 3183 scoltetia
1631 3110 1764 3182 habens

215 3250 329 3321 agrae,
368 3228 412 3302 de
440 3230 564 3321 quibus
592 3230 783 3304 decimatur
809 3252 873 3323 pro
901 3232 1047 3305 ecclesia
1078 3232 1113 3305 in
1141 3231 1187 3303 W
1195 3232 1512 3324 yazownicza3
1548 3233 1632 3304 Item
1659 3233 1767 3308 habet

216 3352 354 3424 ccclesIa
381 3373 446 3443 pro
472 3355 616 3454 praedio
642 3357 705 3427 'suo
733 3354 944 3427 sufficientes
971 3375 1085 3446 agros
1112 3356 1337 3428 decurrentes
1363 3356 1461 3427 iuxta
1479 3377 1584 3446 agros
1611 3356 1763 3426 cmetbo-

216 3473 326 3565 nales,
352 3475 461 3548 babet
487 3477 592 3548 etiam
619 3476 817 3550 libertatem
844 3477 1042 3568 extirpandi
1070 3499 1173 3568 agros
1200 3477 1244 3549 de
1271 3499 1381 3568 novo,
1408 3478 1628 3568 progressive
1655 3499 1677 3548 a
1704 3498 1767 3550 suo

217 3597 353 3684 praedio
381 3603 419 3669 et
445 3598 517 3669 suis
545 3599 653 3689 agris,
680 3605 848 3690 quantum
876 3598 960 3690 uult,
987 3603 1024 3671 ct
1051 3602 1219 3690 quantum
1245 3600 1388 3690 indiget,
1413 3620 1524 3690 usque
1552 3599 1597 3670 ad
1624 3599 1767 3670 limites

216 3717 296 3788 Item
321 3720 431 3790 babet
457 3739 579 3810 agrum
605 3721 642 3792 in
668 3719 884 3793 Kukadlo
921 3741 998 3792 cum
1025 3722 1125 3812 sylva
1150 3743 1261 3812 usque
1288 3722 1334 3792 ad
1358 3722 1497 3791 limites
1541 3721 1632 3792 Item
1657 3721 1766 3825 habet

220 3859 334 3910 aruum
361 3841 451 3920 alias
477 3864 589 3936 ayma,
616 3842 676 3933 qui
695 3842 823 3914 dicitur
848 3841 1171 3914 Kokoszkowa
1197 3863 1324 3934 nywa
1350 3859 1427 3912 eum
1449 3841 1557 3933 sylva,
1585 3861 1674 3931 quae
1692 3847 1768 3912 ten·

217 3961 305 4032 ditur
331 3982 441 4053 usqne
469 3963 513 4034 ad
539 3963 669 4035 Ilmites
696 3964 799 4036 villae
827 3964 985 4035 Sueba.
1010 3965 1100 4036 Item
1126 3965 1234 4036 babet
1259 3967 1398 4054 pratum
1425 3964 1526 4034 iuxta
1553 3983 1657 4053 agros
1683 3984 1764 4054 pro·

216 4083 305 4173 prius
332 4085 448 4176 situm,
475 4085 511 4158 in
536 4087 634 4158 cidus
651 4087 755 4158 finem
782 4087 878 4158 venIt
904 4087 1065 4158 rubetam
1083 4092 1120 4159 et
1138 4087 1246 4179 sylva,
1273 4105 1363 4178 quae
1389 4091 1535 4157 vocatur
1561 4084 1769 4175 Zapusta

217 4205 428 4298 olszoua,
456 4208 553 4279 iuxta
569 4208 711 4280 fluvium
728 4209 1093 4300 Wyazownieza,
1120 4209 1298 4299 pertinens
1316 4208 1360 4280 ad
1379 4207 1570 4298 ecclesiam,
1597 4207 1767 4299 incipiens
1850 4213 1855 4218 ’

219 4347 238 4396 a
262 4329 419 4401 scabellis
447 4348 534 4421 quae
562 4329 693 4403 ducunt
711 4331 746 4402 in
765 4331 882 4403 villam
911 4331 955 4403 ab
982 4331 1138 4422 ecclesia,
1166 4335 1202 4403 et
1219 4330 1420 4403 'terminans
1446 4331 1483 4400 in
1509 4329 1768 4402 Krzeczow.

217 4447 298 4520 Item
324 4455 407 4523 sunl
433 4451 482 4523 ibi
505 4452 577 4524 dno
604 4453 809 4544 molendina,
837 4463 944 4525 unum
970 4454 1073 4543 regis,
1103 4453 1196 4544 quod
1213 4453 1321 4525 babet
1346 4452 1522 4542 iutegrum
1548 4450 1696 4541 laneum,
1724 4450 1767 4524 da
1836 4435 1841 4442 ’

219 4592 281 4659 qno
306 4572 499 4646 dealmatur
526 4575 698 4666 episcopo,
725 4575 820 4647 aliud
838 4575 977 4648 scolteti
1005 4575 1137 4647 habens
1155 4592 1270 4667 agros,
1296 4573 1341 4646 de
1359 4589 1428 4666 quo
1445 4552 1639 4645 decimatur
1656 4572 1764 4644 eccle-

219 4692 285 4763 siae
310 4693 346 4765 ln
373 4694 795 4786 Wyanszownicaa.
1682 4782 1685 4791 ,

315 4812 512 4907 Gzanxow,
546 4816 630 4888 villa
656 4818 755 4908 regia
780 4819 845 4890 sub
881 4817 1046 4909 parochia
1072 4817 1115 4889 de
1142 4817 1491 4910 Wyazownicza
1525 4816 1602 4888 slta
1628 4815 1670 4887 ln
1696 4837 1766 4906 qua

220 4939 294 5004 sunt
319 4935 551 5027 quadraginta
587 4943 736 5028 quatuor
762 4939 854 5010 lanei
890 4939 1141 5028 cmetlronales‚
1177 4939 1262 5010 item
1291 4940 1463 5011 tabernae
1487 4944 1656 5030 quatuor,
1683 4939 1766 5010 item

220 5051 431 5130 hortulaniae
466 5077 536 5131 non
572 5064 673 5151 sunt,
708 5061 753 5132 de
780 5061 906 5151 quibus
944 5060 1103 5132 omnibus
1140 5060 1288 5132 solvitur
1323 5065 1361 5133 et
1396 5060 1601 5133 conducitur
1635 5051 1792 5131 decima'

221 5177 436 5268 manIpnIaris
462 5185 500 5252 et
525 5181 702 5272 canapalis
720 5201 784 5272 pro
803 5183 1006 5272 episcopatu
1019 5179 1261 5272 Gracoviensi,
1288 5186 1325 5254 et
1351 5182 1449 5254 valor
1465 5183 1542 5254 eius
1561 5183 1771 5254 aestimatur

222 5295 262 5366 ad
286 5298 463 5373 duodecim
489 5323 642 5394 marcas,
667 5304 751 5375 item
779 5308 833 5376 est
859 5304 908 5375 ibi
935 5304 1093 5376 scoltetia
1123 5303 1256 5376 babens
1282 5303 1370 5376 duos
1396 5304 1534 5395 laneos,
1571 5304 1616 5375 de
1642 5304 1768 5394 quibus

222 5413 402 5493 decimatur
428 5423 594 5496 ecclesiae
620 5425 663 5497 de
690 5423 1049 5516 Wyazownicza.
1087 5425 1175 5497 Item
1202 5431 1257 5498 eat
1282 5425 1332 5498 ibi
1359 5424 1593 5496 molendinum
1629 5424 1766 5496 scolteti

222 5537 343 5614 babens
369 5562 489 5637 agros,
516 5546 560 5618 de
587 5545 711 5637 quibus
748 5547 939 5620 decimatur
965 5555 1029 5638 pro
1043 5547 1242 5638 episcopo,
1273 5543 1357 5619 item
1383 5546 1550 5620 scoltetus
1584 5547 1692 5619 babet
1717 5546 1767 5619 ibi

222 5661 393 5736 tabernam
420 5673 456 5738 et
481 5667 725 5740 nummariam.

318 5783 503 5882 Bunown,
539 5777 747 5888 villa'j'regIa
773 5791 837 5867 sub
872 5791 1039 5893 parocbia
1065 5789 1108 5862 de
1135 5789 1496 5897 Wyazonnycna
1522 5791 1599 5872 sita
1632 5791 1675 5863 In
1699 5806 1772 5892 qua
