4550 6600
554 759 629 831 264

552 972 589 1037 et
615 965 760 1055 quilibet
787 964 892 1039 solvit
917 985 982 1056 pro
1008 962 1143 1038 decima
1167 964 1340 1057 pecuniali
1358 987 1418 1039 sex
1436 965 1526 1039 latos
1543 988 1697 1058 grossos,
1724 974 1787 1041 aut
1804 974 1884 1041 octo
1897 989 2103 1060 communes,

552 1106 616 1175 pro
642 1088 854 1159 monasterio
880 1085 1226 1177 Koprzyunyczensi.
1271 1088 1359 1158 Item
1385 1094 1441 1159 est
1466 1089 1517 1160 ibi
1543 1089 1704 1160 scoltetia
1729 1110 1808 1180 una,
1839 1110 1929 1179 quae
1955 1091 2104 1180 prode

553 1208 642 1279 eima
668 1207 774 1281 solvit
799 1208 972 1297 pecuniali
1000 1207 1179 1279 duodecim
1205 1228 1345 1298 grossos
1371 1209 1480 1280 latos:
1507 1210 1590 1281 item
1608 1210 1692 1282 villa
1709 1209 1867 1300 praelata
1892 1211 1999 1283 soluit
2025 1212 2104 1282 mis

551 1327 640 1399 salia
664 1318 811 1419 plebano
839 1328 875 1399 in
900 1327 1216 1402 Dobrzechow
1242 1329 1389 1418 pecunia
1414 1334 1556 1419 parata,
1582 1334 1619 1400 et
1639 1331 1848 1421 proveniunt
1874 1336 1949 1401 tres
1967 1351 2104 1403 marcac

552 1454 589 1519 et
614 1448 747 1539 aliquot
772 1449 898 1538 grossi.
1945 1532 1951 1540 ‚

654 1568 845 1659 Zamam,
872 1569 956 1641 villa
982 1569 1045 1641 sub
1072 1570 1238 1659 parochia
1263 1570 1306 1641 de
1332 1570 1644 1644 Dobrzechow
1669 1572 1757 1662 sita,
1783 1573 1882 1645 cuius
1908 1574 2104 1663 proprietas

552 1689 596 1761 ad
623 1690 869 1762 monasterium
895 1689 1239 1781 Koprzywnyczense
1273 1692 1434 1781 pertinet.
1470 1691 1512 1761 In
1538 1712 1608 1783 qua
1634 1697 1716 1763 sunt
1740 1693 1833 1763 lanei
1861 1694 2104 1782 cmethonalea

552 1814 589 1881 et
615 1810 761 1901 quilibet
787 1811 891 1882 solvit
917 1831 981 1901 pro
1005 1810 1138 1882 decima
1156 1810 1327 1901 pecuniali
1354 1832 1416 1883 sea
1432 1812 1524 1883 latos
1540 1832 1691 1901 grossos,
1718 1817 1780 1885 aut
1796 1817 1873 1883 octo
1895 1834 2105 1909 communes,

552 1952 617 2021 pro
642 1932 851 2004 monasterio
877 1930 1229 2023 Koprzpumyczensi3
1263 1933 1346 2005 item
1372 1938 1427 2005 est
1452 1932 1501 2005 ibi
1526 1932 1675 2005 taberna
1708 1953 1796 2023 una,
1830 1933 1964 2007 habens
1990 1954 2104 2023 agros,

553 2072 641 2144 quae
668 2054 772 2123 etiam
799 2051 948 2124 decimat
973 2053 1129 2143 pecnnia.

656 2170 915 2245 Gonczowsun
942 2172 1097 2263 Wonm,
1125 2172 1208 2245 villu
1225 2174 1289 2245 suh
1306 2172 1472 2264 parochia
1489 2172 1533 2245 (le
1558 2173 1874 2247 Dobrzecbou
1901 2176 1979 2265 sita,
2008 2174 2103 2245 cuius

553 2293 749 2383 proprietas
784 2292 828 2365 ud
859 2292 1104 2367 monasterium
1140 2292 1485 2384 Koprzyunyczense
1510 2295 1675 2384 pertinet.
1718 2294 1759 2365 lu
1794 2314 1864 2384 qna
1897 2301 1981 2365 sunt
2016 2286 2106 2365 lanei

553 2413 804 2503 cmethonales‚
839 2420 875 2485 et
901 2414 1046 2503 quilibet
1072 2414 1177 2487 solvit
1202 2434 1267 2505 pro
1294 2414 1427 2488 decima
1461 2414 1633 2505 pecuniali
1659 2435 1720 2487 sex
1745 2434 1887 2504 grossos
1914 2415 2008 2487 latos
2036 2437 2104 2485 rno-

553 2536 707 2607 nasterio
725 2535 1067 2627 Koprzywuyczensi‚
1095 2542 1157 2607 aut
1175 2542 1253 2607 octo
1272 2536 1462 2631 communis
1479 2536 1667 2626 pecuniae3
1692 2537 1777 2607 item
1795 2541 1850 2607 est
1867 2536 1917 2607 ibi
1934 2536 2102 2624 scoltetia,

553 2678 641 2747 quae
667 2658 773 2729 habet
799 2657 885 2729 duos
911 2657 1039 2747 laneos,
1067 2657 1110 2730 de
1137 2658 1263 2748 quibus
1289 2657 1395 2731 solvit
1420 2678 1526 2729 nuum
1553 2656 1722 2729 fertonem
1749 2679 1813 2747 pro
1839 2656 1974 2728 decima
2002 2678 2101 2747 pecu·

442 2776 447 2782 ’
552 2778 636 2849 niali
661 2779 871 2853 monasterio
896 2777 1062 2869 praelato.

655 2899 904 2971 Zenouczrun
931 2899 1087 2990 woman,
1113 2899 1197 2971 villa
1214 2900 1279 2971 suh
1297 2900 1462 2991 parochia
1488 2900 1532 2972 de
1557 2899 1874 2972 Dobrzechow
1902 2900 1979 2989 sita,
2009 2900 2099 2971 cuius

553 3020 748 3110 proprietas
784 3020 828 3091 ad
858 3022 1106 3093 monasterium
1141 3020 1484 3112 Koprzywnyczeuse
1519 3022 1680 3111 pertinet.
1715 3022 1756 3091 In
1792 3042 1861 3111 qna
1897 3024 1979 3091 sunt
2015 3020 2101 3091 lanei

409 3154 416 3166 ·
554 3140 806 3231 cmethonales,
832 3148 868 3213 et
895 3132 1041 3231 quilibet
1068 3142 1173 3215 solvit
1198 3163 1263 3233 pro
1290 3141 1424 3214 decima
1449 3142 1621 3231 pecuniali
1648 3162 1710 3213 sex
1735 3162 1878 3231 grossos
1906 3141 2019 3230 latos,
2046 3146 2100 3211 aut

553 3267 632 3334 octo
659 3280 862 3354 communes,
889 3282 953 3353 pro
979 3264 1190 3336 monasterio
1208 3261 1367 3354 praelato
1392 3261 1735 3355 Koprzywnycaensi.

1200 3383 1464 3458 Wnnowrczs.
2010 3479 2015 3485 Ι

542 3509 549 3520 “
657 3505 751 3579 Villa
777 3507 908 3579 habens
935 3508 971 3578 in
999 3527 1036 3578 se
1063 3506 1243 3580 ecclesiam
1273 3505 1525 3596 parochialem,
1559 3504 1721 3578 Omnium
1747 3504 1952 3576 Sanctorum
1978 3503 2096 3576 honori

552 3627 719 3718 dicatam,
746 3629 842 3700 cuius
869 3629 992 3700 haeres
1018 3627 1180 3720 princeps
1205 3625 1452 3717 Zathorienais‚
1479 3626 1624 3698 collator
1650 3630 1766 3698 autem
1792 3631 1829 3696 et
1855 3631 2024 3715 patronus
2049 3631 2096 3695 est

558 3749 666 3821 abbas
693 3754 729 3822 et
755 3757 943 3824 conuentus
978 3727 1216 3840 Mogilnensis.
1242 3747 1282 3820 In
1309 3769 1380 3840 qua
1404 3753 1486 3820 sunt
1511 3747 1602 3820 lanei
1628 3747 1874 3837 cmethonales,
1910 3746 2097 3836 dequibus

553 3870 699 3948 solvitur
726 3871 859 3946 decima
884 3871 1063 3944 fertonalis
1091 3872 1254 3963 episcopo
1292 3868 1533 3958 Granouiensi3
1567 3869 1650 3940 item
1676 3854 1829 3938 hwschm
1855 3867 2004 3938 soluitur
2029 3867 2094 3957 ple

553 3991 643 4062 bano
669 4011 733 4081 per
758 3992 845 4064 duos
880 4011 1021 4082 grossos
1049 3993 1091 4066 de
1117 3993 1240 4080 laneo;
1272 3990 1455 4081 praedium
1488 4010 1559 4062 uon
1594 3994 1649 4061 est
1674 3989 1743 4077 ibi3
1778 3989 1862 4059 item
1896 3987 2094 4058 ecclesiaet

552 4111 720 4200 plebanus
745 4111 851 4185 habet
876 4113 925 4188 ibi
951 4135 1055 4188 unum
1082 4114 1218 4186 laneum
1244 4117 1282 4184 et
1307 4118 1454 4203 pratum,
1480 4131 1545 4201 pro
1571 4132 1634 4182 suo
1660 4131 1726 4182 usu
1751 4115 1789 4181 et
1814 4109 2033 4180 necessitate.

657 4231 816 4324 Rouow,
850 4233 933 4306 villa
967 4235 1031 4309 sub
1066 4235 1232 4327 parochia
1266 4233 1433 4306 ecclesiae
1468 4231 1513 4304 de
1547 4230 1847 4322 Wadowycac
1882 4229 1966 4319 sita,
2003 4229 2090 4300 cuius

553 4353 676 4426 haeres
702 4352 879 4426 lohannes
906 4353 948 4426 de
976 4357 1081 4429 armis
1100 4409 1214 4427 .....
1240 4355 1281 4427 In
1309 4375 1378 4446 qua
1403 4359 1485 4426 sunt
1510 4352 1603 4424 lanei
1629 4351 1882 4442 cmethonales,
1907 4349 1952 4422 de
1978 4349 2091 4439 quibus

553 4475 700 4550 solvitur
726 4473 859 4550 decimu
876 4529 1015 4548 ......
2127 4472 2129 4567 l

1220 4593 1442 4670 Guuursm.

656 4715 751 4792 Villa
785 4718 916 4792 habens
943 4719 979 4791 iu
1006 4737 1044 4791 se
1067 4718 1303 4810 parochialem
1317 4715 1538 4830 ecclesiam,
1573 4713 1701 4787 Sancto
1734 4711 1879 4784 Nicoluo
1914 4705 2087 4784 confessori

553 4839 713 4932 «limiam,
735 4841 836 4912 'cuius
871 4841 994 4912 haeres
1022 4839 1186 4912 Nicolaus
1212 4837 1603 4930 Lyathosziusky,
1629 4834 1756 4907 nobilis
1782 4833 1826 4903 de
1854 4833 1955 4904 domo
1982 4829 2087 4902 Gril-

552 4960 713 5033 lonum.
747 4962 788 5033 In
815 4983 883 5053 qua
909 4969 991 5036 sunt
1015 4960 1106 5032 lanei
1144 4959 1409 5049 cmethonalem,
1430 4958 1474 5030 de
1500 4957 1626 5048 quibus
1661 4955 1810 5029 solvitur
1836 4961 1872 5025 et
1897 4953 2086 5026 conducitur

553 5081 688 5154 decima
712 5083 938 5173 manipularis
957 5088 993 5153 et
1009 5082 1185 5172 canapalis
1204 5135 1212 5152 .
1231 5135 1238 5151 .
1257 5135 1265 5150 .
1283 5134 1291 5151 .
1310 5134 1318 5150 .
1337 5103 1364 5168 .;
1390 5079 1475 5150 item
1492 5085 1548 5150 est
1572 5077 1622 5148 ibi
1640 5076 1822 5148 advocatia
1838 5074 1970 5146 habens
1988 5091 2084 5162 agros,

553 5203 597 5274 ne
633 5203 757 5294 quibus
792 5203 940 5277 solvitur
975 5203 1107 5275 decima
1151 5201 1377 5292 manipularis
1414 5199 1580 5272 ecclesiae
1615 5199 1653 5268 in
1688 5194 1968 5286 Gumnyska,
2001 5192 2083 5263 ouius

551 5322 650 5394 valor
676 5322 720 5395 ad
747 5321 864 5396 decem
890 5323 1272 5411 murmurationum
1298 5322 1381 5392 item
1403 5319 1550 5392 ecclesia
1575 5316 1734 5408 praelata
1759 5321 1796 5388 et
1821 5315 1987 5405 plebanus
2011 5313 2081 5398 eius

546 5444 659 5528 ¹habet
684 5444 727 5516 cle
753 5448 828 5516 tota
852 5445 1018 5534 parochia
1053 5443 1278 5533 coniunctim,
1312 5462 1377 5530 pro
1403 5440 1600 5512 missalibus
1626 5439 1700 5510 siue
1726 5436 1926 5523 maldratia
1961 5439 2080 5505 centnm

552 5564 677 5636 choros
703 5563 850 5654 siliginis
876 5569 913 5636 et
938 5569 1072 5638 tantum
1099 5583 1248 5652 avenae3
1273 5564 1356 5634 item
1387 5561 1493 5634 habet
1518 5560 1568 5632 ibi
1594 5558 1740 5630 ecclesia
1766 5556 1811 5628 de
1837 5551 2080 5644 Gumnpsha

549 5685 714 5777 proprios
739 5705 843 5778 agros
869 5691 906 5758 et
931 5690 1042 5778 prata,
1068 5705 1132 5776 pro
1160 5705 1223 5756 sno
1249 5703 1316 5756 usu
1342 5687 1378 5753 et
1402 5679 1557 5774 praedio.
