4550 6600
494 764 565 833 236

490 968 635 1041 fratrum
672 966 860 1049 minorum,
896 961 1051 1031 virorum
1086 960 1129 1030 de
1166 958 1288 1029 ordine
1324 958 1443 1031 Sancti
1478 958 1673 1046 Francisci,
1708 978 1855 1050 quorum
1890 958 2039 1029 omnium

489 1087 737 1176 descriptiones
765 1084 800 1153 in
828 1086 985 1170 regestro
1013 1078 1304 1151 monasteriorum
1330 1079 1597 1168 descripsimus,
1622 1080 1708 1150 item
1725 1079 1869 1149 ecclesia
1885 1079 2040 1167 praefata

488 1214 524 1279 et
550 1208 717 1298 plebau'us
745 1182 819 1274 eius
847 1203 954 1273 habet
979 1202 1027 1273 ibi
1054 1201 1216 1292 proprios
1242 1221 1346 1290 agros
1373 1200 1512 1289 liberos,
1538 1221 1603 1291 pro
1629 1222 1692 1273 sue
1719 1199 1878 1290 praedio,
1905 1221 1979 1290 usu,
2004 1207 2040 1273 et

490 1329 706 1401 necessitate.

596 1448 900 1519 Ozuoruowrczu
937 1445 1020 1515 villa
1054 1444 1117 1515 sub
1154 1444 1319 1534 parochia
1353 1443 1519 1517 ecclesiae
1545 1444 1590 1515 de
1616 1444 1809 1533 antiqua
1835 1442 2039 1520 Sandeez

490 1573 566 1660 sita,
596 1570 692 1639 cuius
720 1568 915 1657 proprietas
943 1566 987 1637 ad
1006 1565 1253 1636 monasterium
1272 1564 1592 1636 Sanctimouialium
1610 1566 1646 1635 in
1673 1564 1846 1653 antiqua
1862 1563 2042 1635 Sandecz

489 1691 649 1783 pertinet.
686 1690 726 1761 lu
763 1708 830 1779 qua
866 1692 947 1759 sunt
982 1686 1099 1759 decem
1133 1686 1225 1757 lanei
1252 1686 1505 1774 cmethouales,
1531 1686 1615 1757 item
1641 1685 1825 1772 tabernae,
1852 1685 1937 1756 item
1962 1685 2041 1755 bor-

489 1812 661 1899 tulaniae,
701 1809 743 1880 de
781 1809 906 1898 quibus
948 1808 1106 1879 omuibus
1148 1806 1296 1878 solvitur
1337 1812 1375 1877 et
1409 1805 1613 1878 conducitur
1649 1804 1783 1876 decima
1817 1805 2041 1895 manipularis

488 1939 525 2003 et
560 1931 736 2021 canapalis
772 1951 834 2021 pro
870 1930 1073 2020 episcopatu
1108 1926 1347 2017 Cracovicusi,
1374 1932 1411 1999 e't
1445 1927 1543 1999 valor
1578 1927 1653 1999 eius
1686 1925 1732 1998 ad
1763 1924 1881 1997 decem
1909 1948 2042 2000 marcas

490 2053 703 2127 aestimatur.

992 2172 1320 2243 Moscuczrurcza
1355 2192 1540 2243 mrsarom

593 2295 688 2367 Villa
714 2295 846 2365 habens
874 2295 909 2363 iu
937 2314 973 2365 se
1001 2292 1234 2384 parochialem
1262 2292 1443 2364 ecclesiam
1469 2292 1636 2382 ligneam,
1671 2293 1786 2365 Sanct
1805 2348 1812 2363 .
1828 2347 1857 2362 ..
1884 2293 2044 2382 dicatam

490 2418 587 2487 euius
615 2416 810 2505 proprietas
828 2414 873 2485 ad
892 2413 1171 2485 sanctimoniales
1197 2412 1241 2483 de
1267 2413 1464 2502 antiqua
1489 2412 1695 2485 Sandecz
1721 2414 1882 2503 pertinet
1909 2414 1951 2483 ln
1978 2434 2046 2505 qua

490 2558 559 2608 non
596 2542 676 2609 sunt
712 2536 798 2607 certi
835 2536 925 2606 lanei
962 2555 1073 2625 neque
1108 2534 1352 2624 dimensurati,
1389 2532 1450 2605 scd
1485 2539 1569 2607 suut
1601 2535 1714 2624 peties
1748 2554 1922 2624 agrorum.
1965 2533 2046 2609 lam
2156 2623 2157 2628 Ἰ

489 2657 585 2729 illam
612 2658 648 2727 in
675 2657 743 2729 alio
771 2656 846 2728 loeo
874 2656 1127 2745 descripsimus.

1158 2776 1388 2847 Buaczrcza.

530 2988 534 2997 ⁸
591 2898 685 2969 Villa
710 2898 843 2969 habeus
869 2900 905 2968 iu
933 2919 971 2968 se
998 2897 1177 2969 eeclesiam
1206 2896 1438 2985 parochialem
1464 2896 1633 2986 ligneam,
1660 2897 1857 2969 Senot...
1883 2897 2046 2987 duam,
2156 2919 2157 2928 ¹

489 3022 586 3091 cuius
622 3020 820 3108 proprietas
857 3018 901 3089 ad
937 3018 1195 3089 serenissimum
1231 3017 1397 3088 Poloniae
1432 3038 1549 3107 regem
1586 3019 1749 3107 pertinet.
1791 3018 1833 3088 In
1860 3040 1930 3109 qua
1964 3024 2045 3089 suut

488 3141 580 3211 lanei
607 3138 860 3227 emethouales,
897 3138 939 3209 de
966 3138 1092 3227 quibus
1119 3139 1278 3209 onruibus
1305 3138 1453 3211 solvitur
1479 3144 1517 3209 et
1542 3139 1747 3210 conducitur
1773 3137 1908 3213 decima
1933 3139 2044 3209 mani·

490 3258 622 3349 polaris
649 3263 685 3328 et
712 3258 887 3348 canapalis
922 3279 986 3349 pro
1022 3260 1223 3350 episcopatu
1260 3256 1499 3349 Gracouiensi,
1535 3266 1571 3332 et
1598 3259 1696 3333 valor
1730 3260 1806 3332 eius
1840 3260 2046 3336 aestimatur

491 3380 536 3452 ad
563 3399 623 3452 sex
651 3397 794 3450 marcas.

1079 3499 1306 3573 Prwnrczmn
1333 3523 1465 3574 scura

594 3620 766 3710 Oppidum
793 3621 925 3692 habens
952 3622 988 3692 iu
1015 3642 1051 3692 se
1070 3620 1251 3692 ecelesiam
1268 3623 1501 3713 parochialem
1527 3623 1695 3713 ligneam,
1722 3624 1869 3698 Sanctae
1887 3622 2046 3714 Virginis

490 3742 624 3812 Mariae
652 3741 838 3814 Nativitati
865 3742 1035 3832 dicatam,
1063 3744 1160 3814 cuius
1186 3742 1382 3832 proprietas
1399 3744 1445 3816 ad
1463 3745 1721 3816 serenissimum
1743 3745 1909 3818 Poloniae
1927 3767 2045 3835 regem

490 3863 660 3952 pertinet,
687 3864 786 3935 iuxta
813 3863 905 3953 quod
934 3865 1044 3934 currit
1070 3864 1194 3934 fluvius
1220 3863 1413 3954 Poprod.
1439 3866 1479 3936 Iu
1499 3887 1567 3956 quo
1589 3887 1658 3936 nou
1676 3871 1758 3938 sunt
1784 3867 1861 3956 agri
1887 3865 2046 3938 distiucti

490 3988 632 4072 propter
660 3988 851 4054 torrentem
879 3983 1018 4054 fluvium
1045 3983 1238 4074 Popred,
1265 3985 1325 4074 qui
1350 3985 1430 4058 illos
1454 3985 1656 4076 frequenter
1681 3987 1847 4077 devorat,
1874 3987 1938 4058 sed
1965 3992 2045 4058 sunt

487 4103 599 4191 petias
626 4123 806 4190 agrorum,
833 4103 1021 4174 hincinde
1047 4104 1083 4176 in
1110 4106 1197 4177 locis
1223 4105 1348 4194 variis,
1376 4127 1464 4196 quae
1481 4105 1607 4180 fluvius
1624 4107 1788 4200 Poprod
1805 4129 1877 4180 non
1894 4114 2043 4200 occupat

489 4221 756 4310 extirpa-torum,
793 4228 828 4292 et
865 4223 1093 4296 aestimantur
1125 4226 1170 4298 ad
1197 4247 1303 4298 uuum
1338 4227 1476 4298 laneum
1511 4233 1547 4300 et
1573 4233 1647 4300 tres
1683 4229 1817 4319 virgas,
1850 4235 1888 4300 et
1914 4229 2057 4328 decium

489 4340 679 4430 pecunialis
707 4341 742 4411 in
770 4341 851 4412 latis
877 4345 1008 4432 grossis
1036 4347 1184 4418 solvitur
1201 4368 1265 4436 pro
1283 4348 1484 4438 episcopatu
1510 4347 1749 4440 Gracouiensi,
1775 4350 1820 4422 de
1846 4371 1917 4423 uuo
1943 4352 2044 4425 laneo

490 4483 550 4534 sex
578 4463 695 4550 scotti,
723 4466 758 4531 et
785 4461 828 4531 de
854 4464 967 4537 tribus
995 4468 1102 4558 virgis
1129 4475 1203 4540 tres
1228 4469 1343 4559 grossi
1369 4469 1518 4540 latorum
1543 4491 1754 4560 grossorum.
1781 4471 1870 4542 Item
1897 4473 2042 4544 ecclesia

491 4586 527 4652 et
554 4581 721 4670 plebanus
756 4581 864 4654 habet
890 4585 938 4656 ibi
965 4608 1068 4678 agros
1095 4590 1257 4681 proprios
1292 4589 1423 4660 liberos
1448 4595 1485 4660 ct
1510 4596 1632 4681 prata;
1668 4593 1751 4665 item
1778 4592 1886 4664 habet
1912 4595 2042 4664 curiam

490 4707 526 4773 et
552 4702 693 4774 hortum
712 4706 748 4773 et
765 4705 976 4796 pomerium3
1003 4710 1085 4782 item
1109 4712 1216 4783 habet
1234 4710 1380 4782 liberam
1406 4711 1616 4800 piscaturam
1648 4713 1684 4784 in
1716 4711 1820 4784 fluvio
1847 4712 2042 4804 Poproth,

489 4823 573 4893 item
600 4822 708 4894 habet
733 4821 944 4900 offertorium
964 4835 999 4902 et
1018 4830 1199 4905 denarium
1226 4831 1343 4904 Sancti
1371 4831 1488 4919 Petri;
1513 4833 1597 4905 item
1615 4833 1722 4906 habet
1738 4831 1900 4923 amcam,
1927 4834 2042 4907 decem

490 4961 669 5014 mensuras
697 4943 844 5032 siliginis
872 4952 907 5017 et
933 4949 1048 5022 decern
1076 4975 1207 5026 avenae
1234 4953 1277 5025 de
1303 4958 1380 5026 toto
1406 4953 1551 5043 oppido:
1586 4955 1671 5025 item
1699 4961 1753 5026 est
1778 4955 1829 5027 ibi
1854 4954 2041 5028 advocatus

492 5063 624 5135 habens
660 5062 746 5135 duos
790 5063 926 5159 laneos,
970 5071 1011 5146 de
1057 5076 1182 5165 quibus
1223 5074 1327 5148 solvit
1370 5095 1476 5146 unum
1510 5074 1675 5147 florenum
1711 5076 1847 5148 ratione
1882 5077 2043 5168 decimae,

490 5184 639 5274 plebano
667 5189 704 5254 et
730 5185 897 5258 ecclesiae
933 5190 968 5262 in
995 5191 1282 5289 wanyczua
1317 5197 1474 5286 schya:
1510 5196 1594 5268 item
1629 5217 1671 5268 er
1698 5217 1812 5288 zuppa
1846 5197 2041 5270 Bochuensi

475 5305 636 5376 solvitur
671 5305 818 5395 plebano
854 5330 923 5382 una
959 5333 1150 5408 sexagena,
1186 5324 1223 5389 ct
1249 5338 1339 5389 unus
1366 5316 1586 5388 centenarius
1622 5318 1722 5408 salis,
1758 5319 1795 5390 in
1830 5320 2041 5410 quibuslibet

489 5430 638 5514 quatuor
665 5428 877 5516 temporibus
896 5432 996 5521 anni;
1011 5435 1091 5508 item
1111 5439 1267 5529 quolibet
1284 5457 1384 5528 anuo,
1399 5438 1519 5512 decern
1538 5438 1638 5512 uluas
1656 5441 1762 5529 panni
1779 5440 2039 5514 mathelensis...

591 5545 835 5639 Dnmuaewn,
871 5551 954 5623 villa
981 5555 1044 5628 sub
1071 5559 1238 5646 parochia
1264 5557 1308 5630 de
1334 5582 1451 5633 nova
1477 5559 1677 5632 Saudeez
1713 5561 1800 5651 sita,
1834 5562 1934 5634 cuius
1960 5585 2038 5654 pro·

488 5663 618 5758 prietes
646 5667 690 5743 ad
717 5673 965 5748 monasterium
992 5676 1123 5752 ordinis
1149 5674 1502 5774 praemonstratensis
1528 5682 1565 5758 in
1592 5682 1718 5759 Nova
1745 5681 1959 5776 Sandecz,
1985 5685 2041 5758 cui
