4550 6600
484 855 488 859 μ
520 755 595 831 mo

514 967 712 1058 proprietas
738 966 783 1037 ad
801 964 999 1057 episcopum
1025 962 1285 1038 Lnbuczensem
1312 966 1473 1063 pertinet.
1517 962 1559 1037 In
1579 968 1745 1059 quaeunt
1762 972 1842 1039 octo
1860 964 1954 1039 lanei
1972 986 2061 1039 cmc·

517 1088 689 1178 thonales,
715 1088 798 1159 item
825 1086 913 1160 duae
939 1089 1106 1161 tabernae
1132 1087 1301 1159 habentes
1333 1106 1454 1179 agroS,
1482 1088 1566 1159 item
1592 1088 1812 1161 hortulaniae
1840 1093 2002 1180 quatuor,
2028 1089 2065 1161 de

518 1210 642 1300 quibus
669 1210 823 1283 decimae
849 1211 1072 1303 manipularis
1099 1210 1227 1281 solutio
1255 1208 1529 1301 diversificatum
1554 1230 1633 1283 nam
1661 1211 1704 1283 de
1731 1212 1836 1303 agris,
1863 1210 1908 1283 ad
1935 1210 2066 1301 plagam

516 1333 839 1425 septentrionalem,
866 1335 954 1406 citra
979 1332 1120 1405 fluvium
1147 1352 1267 1403 versus
1294 1331 1493 1427 Msthow,
1518 1332 1613 1425 sitis,
1640 1334 1793 1424 pertinet
1819 1332 1863 1404 ad
1891 1332 2067 1405 ecclesiam

516 1454 552 1525 iu
579 1455 773 1546 Manina‚
800 1457 897 1528 cuins
923 1456 1022 1528 ualor
1049 1454 1254 1527 aestimatur
1281 1453 1324 1525 ad
1339 1459 1495 1546 quatuor
1521 1474 1671 1545 marcam
1699 1456 1742 1527 de
1760 1454 1867 1545 agris*
1883 1475 1969 1527 vero
1996 1475 2068 1527 ser·

366 1606 372 1619 *
516 1598 576 1648 sus
605 1577 904 1669 Truskolasz,
930 1578 1082 1669 pertinet
1107 1576 1152 1648 ad
1171 1576 1369 1668 episcopum
1388 1576 1665 1668 Lubuczensem,
1693 1582 1729 1648 ct
1745 1578 1844 1649 valor
1870 1577 1947 1649 eius
1968 1578 2067 1647 aesti-

515 1704 632 1770 matur
658 1700 704 1771 ad
721 1706 871 1792 quatuor
896 1720 1039 1771 marcas.
1078 1698 1167 1770 ltem
1193 1719 1262 1771 non
1291 1703 1345 1770 est
1372 1698 1408 1771 in
1426 1698 1546 1772 eadem
1565 1699 1650 1771 villa
1667 1699 1846 1791 praedium
1864 1698 2067 1789 episcopale,

516 1842 629 1914 neque
655 1823 898 1914 molendinum,
926 1842 1036 1914 neque
1063 1820 1231 1893 scoltetia.

619 1944 865 2038 Woaowrcz-u,
892 1945 976 2018 villa
1001 1944 1064 2016 sub
1091 1942 1259 2035 parochia
1285 1942 1327 2015 de
1355 1942 1544 2020 Manina
1570 1943 1648 2035 sita,
1675 1944 1774 2016 cuius
1800 1944 2002 2035 proprietas
2028 1942 2067 2014 ad

516 2068 715 2159 episcopum
741 2068 998 2141 Lubuezensem
1024 2067 1186 2158 pertinet.
1230 2065 1271 2137 In
1300 2086 1368 2157 qua
1394 2072 1477 2138 sunt
1503 2086 1563 2137 sex
1589 2066 1682 2137 lanei
1709 2066 1960 2157 cmethoualcs,
1988 2085 2067 2156 qno·

514 2210 591 2260 rum
619 2191 770 2282 quinque
783 2192 960 2282 pertinent
977 2189 1022 2261 ad
1047 2189 1244 2280 episcopum
1272 2186 1540 2280 Lubnczensem,
1567 2193 1685 2261 sextus
1712 2208 1796 2261 vcro
1823 2186 1868 2258 ad
1894 2192 2067 2259 monaste·

514 2311 606 2381 rium
623 2310 771 2384 Sanctae
789 2311 909 2383 Crucis
927 2309 1059 2382 (lalvi
1075 2299 1266 2399 montis,
1293 2309 1336 2381 dc
1355 2310 1480 2400 quibus
1499 2310 1667 2400 omnibus,
1690 2309 1824 2381 decima
1841 2308 2067 2399 manipularis

515 2439 551 2504 et
577 2435 753 2526 canapalis
780 2434 928 2507 solvitur
952 2438 989 2505 et
1015 2432 1219 2505 conducitur
1245 2431 1290 2504 ad
1317 2431 1497 2503 ecclesiam
1524 2432 1559 2504 in
1587 2431 1791 2523 Manina‚
1817 2436 1854 2503 et
1876 2430 1981 2503 valor
1998 2430 2067 2501 eius

515 2557 719 2628 aestimatur
744 2556 789 2629 ad
815 2577 877 2629 sex
902 2575 1044 2629 marcas.
1088 2554 1177 2627 Item
1213 2558 1364 2627 nonest
1401 2554 1451 2626 ibi
1486 2554 1681 2645 praedium.
1704 2552 1919 2646 episcopale,
1959 2573 2066 2643 neque

357 2655 361 2663 ’
403 2761 406 2767 ¹
513 2678 757 2770 molendinum,
784 2699 896 2771 neque
922 2674 1090 2750 scoltetia.

617 2799 919 2873 Gnnmnoczuczn
944 2806 980 2873 et
1006 2797 1198 2890 Genuam,
1224 2798 1328 2871 villae
1355 2797 1444 2871 duae
1470 2798 1598 2891 unitae,
1625 2798 1690 2871 sub
1716 2798 1884 2890 parochia
1910 2798 1958 2870 de
1985 2797 2065 2869 Ma·

485 2914 488 2922 ’
513 2924 622 2995 nina
648 2924 747 3015 sitae,
774 2944 919 3016 quarum
944 2922 1142 3015 proprietas
1161 2920 1205 2993 ad
1224 2921 1423 3013 episcopum
1441 2920 1701 3015 Lubuczensem
1727 2922 1892 3013 pertinet
1918 2920 1972 2991 Et
1989 2926 2065 2992 suut

514 3046 550 3117 in
578 3044 784 3119 Garbacz
819 3066 941 3120 novem
968 3044 1059 3117 lanei
1086 3043 1338 3135 cmethoualcs,
1375 3048 1421 3115 et'
1436 3044 1526 3116 duae
1551 3044 1719 3117 tabernae
1755 3044 1928 3116 habentes
1956 3062 2064 3135 agros,

515 3168 551 3238 iu
570 3166 938 3260 Gramiroczyczc
965 3172 1080 3239 autem
1099 3172 1217 3239 sunt...
1236 3166 1326 3239 lanei
1345 3166 1586 3259 cunthondes,
1606 3167 1649 3239 de
1667 3165 1793 3258 quibus
1807 3166 1971 3237 omnibus
1990 3186 2063 3236 con·

516 3290 655 3362 docitur
681 3297 719 3363 et
745 3290 892 3364 solvitur
918 3290 1050 3362 decima
1075 3290 1303 3382 manipularis
1330 3294 1366 3362 et
1392 3289 1567 3381 canapalis
1603 3289 1768 3363 ecclesiae
1794 3289 1831 3360 in
1857 3288 2062 3378 Manina‚

515 3417 553 3482 et
579 3413 677 3484 valor
703 3415 778 3484 cius
805 3413 1008 3484 aestimatur
1035 3411 1079 3483 ad
1106 3412 1224 3484 decem
1251 3431 1393 3484 marcas.
1437 3411 1525 3483 Item
1552 3411 1589 3482 in
1615 3411 1736 3484 eadem
1763 3409 1979 3482 Garbacz
2013 3415 2062 3480 est

512 3555 601 3606 nnus
628 3535 748 3606 laneus
775 3511 1025 3627 cmetlronalis,
1052 3536 1111 3626 qni
1138 3555 1216 3608 cum
1244 3535 1336 3606 omni
1359 3535 1438 3606 'iure
1465 3539 1502 3606 et
1528 3534 1661 3606 decima
1686 3539 1821 3626 spectat
1847 3538 1885 3604 et
1911 3533 2061 3624 pertinet

403 3686 405 3689 ·
512 3657 558 3729 ad
586 3657 765 3730 ecclesiam
791 3659 828 3730 in
855 3656 1050 3730 Manina

616 3779 839 3871 Kansznors,
866 3779 948 3853 villa
974 3780 1039 3852 snb
1065 3779 1231 3870 parochia
1256 3777 1299 3850 de
1326 3777 1514 3850 Manina
1540 3777 1618 3850 sita.
1644 3777 1684 3850 In
1713 3799 1780 3868 qua
1806 3783 1861 3849 est
1879 3797 1971 3850 unus
1989 3783 2061 3850 tau·

510 3903 686 3975 tnmmodo
705 3903 835 3975 laneus
862 3902 1125 3998 emethonalis,
1144 3901 1186 3974 de
1214 3923 1282 3993 quo
1309 3901 1415 3973 datur
1441 3907 1477 3972 ct
1504 3901 1651 3973 solvitur
1677 3900 1810 3972 decima
1836 3901 2061 3992 manipularis

511 4027 673 4117 episcopo
698 4025 923 4098 Lubnczensi.
967 4025 1055 4096 Item
1081 4029 1164 4096 aunt
1190 4025 1239 4094 ini
1266 4023 1357 4095 lanei
1385 4029 1463 4095 octo
1491 4045 1567 4096 cum
1594 4023 1707 4096 medio
1735 4023 1994 4114 cmetlronales‚
2027 4027 2060 4094 et

511 4148 600 4219 duae
625 4149 792 4220 tabernae
819 4148 986 4220 habentes
1014 4167 1135 4239 agros,
1163 4167 1309 4237 quorum
1337 4147 1539 4237 proprietas
1562 4147 1713 4238 pertinet
1740 4145 1783 4218 ad
1811 4146 2059 4218 monasterium

511 4267 659 4342 Sanctae
686 4269 807 4342 Crucis
838 4269 970 4342 Calvi
1003 4267 1272 4361 montis,‘de
1301 4269 1425 4359 quibus
1460 4269 1566 4340 etiam
1603 4269 1736 4340 decima
1771 4269 2001 4358 manipularis
2026 4273 2059 4338 et

510 4393 687 4485 campalis
712 4392 824 4466 cidem
850 4391 1061 4465 monasterio
1087 4391 1261 4482 redditur,
1288 4395 1325 4463 ct
1351 4391 1450 4464 valor
1476 4392 1550 4464 eius
1577 4391 1781 4464 aestimator
1807 4390 1852 4462 ad
1880 4390 2058 4464 duodecim

510 4519 669 4589 marcas

612 4638 927 4711 lnnszuotmszr
953 4643 991 4710 et
1016 4635 1235 4728 Sczuntucz,
1275 4635 1365 4707 duae
1392 4635 1495 4708 villae
1520 4655 1591 4708 ona
1618 4655 1695 4707 oum
1721 4636 1888 4728 taberna,
1916 4637 1984 4708 sibi
2010 4637 2057 4707 iu-

507 4763 617 4836 vicem
639 4763 855 4853 coniunctae,
882 4760 946 4834 sub
973 4760 1139 4852 parochia
1166 4758 1209 4830 de
1235 4755 1423 4830 Manina
1448 4759 1696 4850 consistentem
1724 4757 1870 4851 qntrum
1902 4759 2056 4850 proprie·

507 4891 563 4958 tas
590 4882 636 4958 ad
661 4875 860 4977 episcopum
886 4881 1144 4956 Lnbuczensem
1166 4881 1338 4984 pertinet.¹
1355 4881 1396 4951 In
1424 4880 1775 4973 Truszlrolaszy
1799 4887 1883 4953 sunt
1910 4887 2056 4973 quotuor

507 5007 598 5080 lanei
624 5006 874 5098 emetironales,
915 5007 998 5077 item
1025 5005 1061 5076 in
1097 5003 1288 5094 Sczegel
1324 5003 1395 5074 nna
1420 5003 1568 5075 taberna
1594 5003 1821 5095 episcopalis,
1861 4997 1905 5075 de
1934 5003 2054 5095 quibos

508 5130 666 5203 omnibus
693 5124 1000 5201 solvitnrdecima
1024 5126 1258 5216 manipularis·
1280 5130 1316 5196 et
1343 5125 1519 5217 cenapolis
1550 5145 1615 5216 pro
1630 5125 1804 5218 episcopo
1831 5125 2055 5212 Lubuczensi,

507 5260 543 5326 et
570 5252 668 5326 valor
694 5251 768 5322 eius
795 5249 1004 5331 aestimatur
1028 5249 1073 5320 ad
1100 5253 1250 5339 quatuor
1276 5259 1421 5322 marcas.
1465 5247 1552 5318 Item
1580 5247 1615 5318 in
1643 5245 1835 5340 Sczegel
1862 5253 1945 5320 sunt
1970 5247 2055 5320 duae

387 5379 393 5389 “
504 5376 672 5447 tabernae
699 5373 868 5444 habentes
897 5391 1010 5462 agros,
1037 5390 1182 5461 quarum
1210 5370 1408 5461 proprietas
1434 5369 1589 5461 pertinet
1614 5389 1679 5460 pro
1696 5369 1909 5442 monasterio
1929 5368 2054 5442 (latri

505 5497 684 5568 montis.

608 5617 909 5707 Mrtnro'wrcza,
936 5615 1020 5690 villa
1045 5615 1110 5686 sub
1137 5615 1302 5705 parochia
1329 5613 1372 5684 de
1399 5612 1588 5686 Manina
1614 5616 1697 5707 sita,
1724 5617 1822 5688 cuius
1848 5617 1960 5689 maior
1986 5633 2053 5687 me·

505 5740 618 5814 dietas
636 5739 680 5811 ad
697 5739 946 5810 monasterium
959 5737 1112 5808 Sanctae
1129 5735 1250 5809 Crucis
1277 5734 1409 5808 Oalvi
1436 5738 1608 5809 montis
1634 5739 1796 5830 pertinet.
1822 5739 1862 5810 In
1890 5761 1959 5832 qua
1975 5743 2052 5811 sunt
