4550 6600
1725 767 1800 839 273

238 980 276 1031 se
303 957 538 1050 parochialem
565 958 743 1031 ecelesiam
770 960 929 1051 ligneam,
956 962 1084 1035 Sancto
1113 1017 1253 1035 ......
1280 965 1444 1058 dicatam,
1471 971 1568 1042 cuius
1595 972 1795 1063 proprietas
1830 1050 1837 1064 ἱ

238 1081 282 1153 ad
310 1080 561 1153 monasterium
588 1080 813 1154 Tbiucziense
850 1084 1010 1173 pertinet.
1054 1084 1095 1157 Iu
1123 1107 1193 1176 qua
1219 1091 1301 1159 sunt
1326 1088 1418 1161 lanei
1445 1093 1793 1191 octoxcmetbonales,

236 1204 320 1277 item
348 1223 419 1275 una
445 1202 592 1275 taberna
617 1202 749 1275 babens
776 1224 900 1295 agros,
934 1205 1018 1277 item
1045 1206 1265 1279 hortulaniae
1301 1215 1452 1300 quatuor
1485 1212 1652 1284 babentes
1679 1236 1792 1307 agros,

236 1324 437 1416 dequibus
472 1324 629 1397 omnibus
666 1324 814 1397 solvitur
849 1324 992 1397 decima*
1016 1328 1244 1419 manipularis
1270 1334 1307 1401 et
1333 1315 1508 1421 canapalis
1543 1354 1606 1423 pro
1644 1336 1794 1426 capitulo

145 1460 148 1467 ·
237 1444 471 1537 cracoviensi,
485 1450 521 1518 et
534 1444 633 1517 valor
647 1446 722 1518 eius
736 1445 941 1519 aestimatur
959 1446 1004 1519 ad
1023 1447 1205 1521 duodecim
1219 1470 1364 1540 marcas3
1378 1451 1462 1523 item
1476 1456 1530 1524 est
1547 1453 1598 1526 ibi
1614 1457 1794 1546 praedium
1877 1486 1882 1493 ·

235 1566 446 1656 coenobiale,
472 1565 516 1639 de
534 1566 630 1639 cuius
657 1566 752 1657 agria
769 1566 934 1639 ecclesiae
952 1568 1144 1659 parochiali
1160 1570 1197 1643 iu
1224 1569 1621 1663 Oppatbkowicze
1648 1576 1794 1649 solvitur

237 1687 382 1778 decima,
400 1692 438 1761 et
455 1687 555 1760 valor
572 1688 647 1761 eius
665 1688 869 1761 aestimatur
886 1688 931 1761 ad
950 1695 1099 1780 quatuor
1117 1712 1261 1765 mareas.
1287 1692 1375 1764 Item
1394 1694 1540 1767 ecclesia
1557 1696 1594 1766 in
1612 1695 1670 1788 Op
1676 1701 1795 1791 path-

235 1808 445 1881 lrowicze
472 1809 579 1882 babet
605 1809 655 1882 ibi
681 1809 841 1901 proprios
868 1830 972 1901 agros
998 1815 1035 1883 et
1057 1816 1170 1903 prata,
1197 1832 1260 1903 pro
1279 1835 1342 1885 suo
1360 1814 1504 1905 praedio
1523 1822 1559 1887 et
1576 1786 1792 1891 necessitate.

341 1929 493 2019 Urusa,
530 1930 613 2001 villa
639 1931 705 2002 sub
731 1930 899 2021 parochia
925 1930 968 2003 de
994 1930 1404 2025 Oppathkowycze
1431 1936 1499 2008 sita
1525 1936 1624 2009 iuxta
1649 1934 1816 2011 fluvium

234 2052 501 2143 Dunayecz,
529 2052 626 2125 cuius
653 2052 849 2143 proprietas
876 2051 920 2125 ad
947 2054 1196 2126 monasterium
1222 2055 1445 2146 Thynczense
1471 2058 1632 2148 pertinet.
1658 2059 1699 2131 In
1724 2083 1793 2152 qua

237 2154 319 2245 sunt
345 2177 427 2246 octo
453 2173 544 2245 lanei
571 2172 813 2264 cmctbouales,
839 2174 924 2247 item
951 2194 1021 2247 una
1047 2175 1194 2248 taberna
1220 2176 1353 2249 babens
1380 2197 1493 2269 agros,
1519 2179 1604 2250 item
1622 2200 1692 2252 nna
1710 2182 1791 2254 bor-

235 2294 367 2367 tulauia
403 2293 535 2367 babens
576 2315 697 2385 agros,
733 2294 776 2367 de
803 2294 927 2386 quibus
963 2296 1123 2369 omnibus
1160 2296 1308 2369 solvitur
1342 2303 1379 2369 ct
1413 2298 1618 2376 conducitur
1658 2301 1791 2374 decima
1852 2275 1859 2289 ¹
1927 2262 1937 2329 ¹·

236 2414 463 2507 manipularis
490 2420 528 2487 et
554 2416 730 2507 canapalis
757 2437 821 2507 pro
848 2416 1001 2509 capitulo
1029 2416 1260 2509 Gracoviensi,
1287 2419 1384 2491 cuius
1403 2419 1502 2491 valor
1524 2421 1730 2495 aestimatur
1746 2423 1792 2495 ad

237 2538 431 2629 quindecim
450 2558 594 2626 marcas3
621 2538 705 2609 item
723 2538 904 2629 praedium
922 2560 990 2611 non
1009 2544 1064 2611 est
1080 2539 1140 2629 ibi,
1166 2560 1280 2631 neque
1297 2540 1542 2631 molendinum
1568 2540 1653 2615 item
1670 2544 1792 2616 eadem

238 2660 320 2733 villa
346 2660 636 2733 columbatiouem
663 2651 700 2733 et
726 2658 906 2733 denarium
932 2660 1051 2735 Sancti
1068 2659 1166 2734 Petri
1193 2660 1310 2735 reddit
1335 2662 1501 2737 ecclesiae
1527 2663 1563 2735 iu
1590 2663 1792 2756 Oppath-

237 2781 462 2874 kowycze.
1021 2844 1025 2851 .
1718 2767 1724 2783 ’

337 2904 518 2993 Znnrvvn,
555 2901 638 2975 villa
665 2902 729 2975 sub
756 2896 922 2993 parocbia
947 2902 991 2975 dc
1026 2903 1431 2996 Oppatbkowycze
1467 2904 1554 2997 sita,
1581 2907 1679 2979 cuius
1705 2929 1787 2998 pro-

236 3026 366 3115 prietas
394 3024 439 3097 ad
466 3024 714 3095 monasterium
741 3022 964 3115 Tbyuczense
999 3024 1159 3115 pertinet
1203 3025 1244 3096 Iu
1271 3046 1340 3115 quo
1374 3031 1456 3097 snut
1482 3047 1543 3098 sex
1578 3026 1670 3097 lanei
1696 3036 1796 3101 cmc:
1930 3084 1936 3095 .

237 3146 415 3237 tbonales,
450 3146 533 3219 item
560 3166 630 3219 uua
655 3144 803 3217 taberna
829 3144 961 3217 babens
988 3166 1110 3237 agros,
1146 3144 1191 3217 de
1221 3146 1348 3239 quibus
1384 3146 1543 3219 omnibus
1580 3147 1726 3221 solvitur
1752 3155 1789 3220 et

239 3268 441 3342 conducitur
467 3268 601 3340 decima
626 3266 853 3358 manipularis
871 3272 908 3340 et
925 3267 1101 3360 canapalis
1127 3288 1192 3360 pro
1211 3267 1362 3360 capitulo
1382 3264 1612 3360 Gracoviensi,
1639 3272 1676 3342 et
1692 3269 1790 3344 valor

237 3393 308 3464 eins
335 3392 543 3465 aestimatur
569 3390 613 3462 ad
641 3395 774 3482 septem
800 3410 953 3482 marcas,
987 3390 1072 3464 item
1098 3412 1167 3466 uon
1194 3396 1249 3464 est
1274 3391 1324 3464 ibi
1350 3391 1541 3484 praedium,
1567 3411 1680 3484 neque
1707 3393 1789 3466 bor·
1874 3444 1880 3453 -

239 3514 401 3588 tulaniae.
926 3603 930 3613 Ι

335 3636 649 3723 Luczsnnwvczu,
675 3632 758 3706 villa
785 3635 849 3706 sub
876 3635 1044 3725 parocbia
1070 3634 1113 3708 de
1139 3633 1550 3726 Oppatbkowycce
1575 3635 1663 3725 sita,
1689 3637 1788 3710 cuius

236 3758 402 3830 haeredes
437 3756 602 3828 Nicolaus
637 3755 1056 3848 Marczynkowslry
1090 3756 1133 3828 de
1169 3755 1272 3828 domo
1306 3755 1589 3844 (irrisionum,
1630 3756 1788 3830 Andreas

237 3878 497 3970 Pyrzchala
531 3882 568 3950 et
594 3877 788 3949 Stanislaus
824 3875 981 3966 Trzop.
1024 3876 1065 3949 In
1092 3897 1162 3967 qno
1188 3882 1270 3948 sunt
1296 3876 1387 3948 lanei
1414 3875 1668 3965 cmethonales,
1702 3879 1788 3979 item

236 4000 411 4089 tabernae,
438 4000 523 4071 itcm
549 3995 777 4088 hortulaniae,
803 3996 847 4070 de
874 3998 1000 4089 quibua
1027 3997 1186 4070 omuibus
1213 3997 1361 4070 solvitur
1378 4002 1416 4069 et
1432 3996 1637 4070 conducitur
1655 3996 1788 4069 decima

238 4121 463 4213 manipularis
489 4125 525 4192 et
551 4120 727 4210 canapalis
753 4139 817 4211 pro
844 4119 997 4210 capitulo
1025 4117 1263 4211 cracoviensi,
1289 4125 1327 4192 et
1353 4119 1452 4192 valor
1477 4119 1553 4190 eins
1579 4119 1788 4191 aestimator

238 4243 279 4314 ad
304 4242 485 4316 duodecim
512 4261 649 4314 marcas
675 4262 739 4332 pro
765 4241 951 4332 praesenti.
977 4239 1067 4314 Item
1094 4247 1177 4313 suut
1201 4241 1252 4312 ibi
1277 4246 1352 4314 tres
1378 4241 1495 4313 curiae
1512 4240 1692 4330 militares,
1719 4239 1787 4312 sol-

238 4371 353 4437 ventes
390 4363 557 4436 decimam
594 4362 760 4435 ecclesiae
795 4364 831 4434 in
867 4363 1064 4454 antiqua
1103 4363 1329 4453 Brzeslro,
1369 4362 1525 4454 quamvis
1561 4383 1606 4434 en
1641 4363 1787 4454 antiquo

236 4507 347 4569 nuum,
367 4487 416 4558 ibi
442 4485 508 4557 luit
535 4485 733 4576 praedlnm3
760 4484 822 4557 sed
848 4484 1086 4576 multiplicatis
1112 4484 1322 4559 haeredibus
1348 4490 1386 4555 et
1411 4483 1651 4555 cmethonibus
1679 4482 1784 4572 depo-

237 4607 319 4698 sitis,
345 4607 576 4699 multiplicata
601 4611 683 4678 sunt
695 4605 847 4698 praedia,
875 4612 912 4678 et
929 4605 1081 4678 decimae
1108 4627 1171 4696 per
1189 4606 1324 4678 nobiles
1342 4627 1364 4676 a
1381 4604 1534 4696 capitulo
1560 4601 1783 4676 Gracoviensi

237 4729 436 4816 abstractae,
464 4733 499 4801 et
516 4727 682 4800 ecclesiae
708 4729 744 4800 in
771 4729 967 4819 antiqua
992 4729 1199 4800 Brzesko
1225 4727 1429 4819 applicatae,
1456 4747 1520 4816 per
1537 4726 1785 4816 negligentiam

237 4850 474 4940 capitularem:
510 4854 783 4940 propterquam
819 4849 957 4940 quidem
996 4849 1266 4921 abstractionem
1293 4854 1330 4919 et
1354 4847 1505 4920 fluminis
1530 4847 1596 4918 Du
1610 4867 1784 4937 nayccz

239 4969 449 5062 alluvionem,
476 4969 610 5043 decima
636 4969 793 5061 praelata
819 4971 855 5042 in
882 4969 1016 5042 duabus
1042 4970 1202 5061 partibus
1229 4968 1399 5041 diminuta
1423 4973 1488 5057 est,
1514 4973 1551 5038 et
1578 4987 1666 5057 quae
1693 4966 1780 5066 alias

240 5091 390 5166 solvebat
415 5073 562 5183 triginta
587 5112 732 5181 marcas,
759 5113 823 5182 pro
850 5090 1027 5182 praesenti
1054 5091 1112 5162 vix
1140 5090 1245 5163 solvit
1271 5089 1452 5162 duodecim
1478 5109 1622 5160 marcas.
1911 5079 1915 5085 ’

335 5213 663 5301 Pnnsczncnovvn,
690 5213 773 5284 villa
799 5213 863 5285 sub
891 5211 1054 5304 parocbia
1081 5212 1123 5284 de
1151 5211 1213 5303 Op
1221 5212 1556 5304 patbkowycze
1583 5210 1660 5299 sita,
1688 5211 1785 5282 cuius
1840 5295 1844 5303 .

238 5332 399 5407 haeredes
425 5333 448 5406 J
457 5332 651 5406 aroldus
679 5387 686 5404 .
714 5387 721 5404 .
750 5388 757 5404 .
785 5334 844 5426 qui
871 5333 1038 5406 decimam
1065 5333 1314 5425 manipularem
1342 5333 1385 5404 de
1412 5333 1485 5404 suis
1511 5330 1608 5422 agris
1625 5331 1785 5423 praedia·
1930 5387 1939 5396 ,

239 5452 324 5528 libus
350 5457 489 5529 solvunt
514 5453 680 5527 ecclesiae
706 5455 742 5526 in
769 5455 1172 5546 Oppatblrowicze‚
1199 5456 1296 5526 cuins
1323 5454 1421 5527 valor
1437 5454 1641 5526 aestimatur
1657 5453 1704 5526 ad
1722 5474 1784 5527 sex

240 5593 375 5649 uvarcas.
415 5577 502 5648 ltem
539 5583 621 5650 sunt
655 5577 704 5650 ibi
740 5578 890 5668 quinque
924 5576 1015 5648 lanei
1042 5577 1293 5666 cmetboualcs,
1319 5581 1358 5648 et
1382 5595 1453 5648 uua
1478 5575 1625 5647 taberna
1651 5575 1784 5648 babens

240 5713 355 5787 agros,
390 5697 433 5770 de
470 5698 595 5788 quibus
630 5697 790 5772 omuibus
830 5699 978 5774 solvitur
1013 5704 1049 5772 et
1083 5697 1286 5774 conducitur
1321 5697 1454 5770 decima
1488 5695 1713 5787 manipularis
1749 5701 1785 5766 et

337 5863 383 5908 mo.
393 5865 490 5910 unere
503 5865 534 5907 11.
1576 5845 1615 5894 ⁸5
