4550 6600
1693 762 1777 834 -353
1862 826 1865 831 .

222 936 371 1057 nobiles,
398 963 559 1037 videlicet
585 964 763 1038 Iohannes
800 966 1155 1060 Dambyeuszlry
1182 968 1225 1040 16
1251 968 1357 1041 armis
1377 1024 1509 1060 ......
1537 970 1777 1043 6116166666

222 1088 509 1180 Zborzenszky
536 1088 578 1159 16
606 1090 712 1162 armis
740 1086 1013 1191 cygnorum,
1049 1090 1109 1182 qui
1135 1090 1530 1184 1616611116166116,
1557 1092 1602 1164 16
1629 1074 1776 1185 6661616
1864 1092 1870 1098 ’

221 1212 313 1301 agris
351 1215 386 1282 et
419 1210 748 1297 uniusflcmethonis
785 1211 828 1284 de
862 1211 1138 1305 Dambyani,
1185 1213 1244 1305 qui
1280 1216 1425 1286 vocatur
1460 1192 1776 1307 (1661611661,

219 1331 600 1405 166166161666166166
627 1333 663 1404 in
690 1333 920 1406 Obrazow.

322 1454 509 1545 11161661,
536 1455 620 1527 villa
638 1456 702 1529 sub
718 1456 886 1547 parochia
913 1456 956 1529 16
983 1455 1184 1529 Obrazou
1207 1456 1292 1547 sita,
1320 1455 1418 1529 cuius
1445 1457 1569 1546 haeres
1595 1457 1774 1531 Johannos

218 1576 477 1669 Bpelycczlry
503 1576 546 1649 de
575 1576 676 1650 domo
712 1577 921 1650 Habdanlr.
965 1578 1006 1650 In
1034 1598 1102 1670 qua
1129 1582 1212 1651 sunt
1247 1578 1373 1660 decenn,
1400 1579 1493 1651 lanei
1529 1580 1773 1672 cmcthonalcs,

216 1700 298 1771 item
326 1698 415 1771 duae
442 1700 608 1773 tabernae
633 1700 802 1773 habentes
840 1722 960 1792 agros,
996 1700 1039 1772 de
1066 1701 1191 1792 quibus
1219 1702 1378 1774 omuibus
1404 1702 1552 1774 solvitur
1579 1707 1616 1775 et
1643 1703 1772 1775 condu-

218 1821 305 1892 citur
332 1820 466 1893 decima
492 1822 719 1913 manIpularis
747 1828 782 1895 61
809 1816 993 1914 canapalis,
1020 1844 1084 1915 pro
1111 1817 1396 1896 archidiaconatu
1423 1822 1709 1916 Sandomiriensi,
1736 1830 1773 1896 et

217 1942 312 2015 valor
348 1944 423 2015 eius
459 1943 664 2016 aestimatur
698 1943 743 2015 ad
771 1944 951 2017 duodecim
986 1966 1129 2017 marcas.
1170 1944 1258 2017 Item
1294 1950 1348 2018 est
1374 1945 1424 2018 ibi
1450 1967 1556 2017 uuum
1591 1946 1796 2038 praedium.
1907 2001 1912 2007 .

216 2064 374 2155 militare,
403 2063 445 2137 d'e
474 2086 541 2157 quo
569 2064 760 2140 decimatur
787 2066 952 2139 ecclesiae
979 2068 1015 2139 in
1042 2065 1271 2139 Obrazow.
1384 2077 1390 2081 ·

316 2186 595 2280 Szwunczrczn,
623 2188 707 2261 villa
729 2190 793 2262 sub
811 2189 977 2281 parochia
995 2188 1038 2261 de
1057 2188 1254 2277 Obrazow
1281 2188 1363 2278 sita,
1391 2188 1488 2260 ouius
1515 2188 1640 2262 haeres
1667 2188 1769 2262 Nico-

215 2308 287 2381 laus
313 2306 426 2409 11611
453 2309 497 2382 16
524 2310 629 2381 616116
656 2310 796 2383 Rawa.
833 2312 874 2383 In
902 2332 971 2403 qua
997 2316 1079 2383 suut
1106 2315 1241 2403 septem
1271 2309 1364 2381 lanei
1399 2310 1652 2400 cmcthonalos,
1687 2312 1772 2383 item

215 2431 380 2503 tabernae
408 2431 514 2523 duae,
541 2432 625 2505 item
652 2433 890 2525 hortulaniae,
919 2433 961 2505 16
989 2433 1113 2526 661166
1141 2432 1299 2505 61661166
1327 2431 1474 2504 soluitur
1500 2436 1536 2504 et
1563 2431 1769 2505 conducitur

215 2552 343 2625 decima
380 2554 607 2646 manipularis
634 2560 669 2628 61
696 2556 872 2658 666666116
898 2577 962 2649 616
995 2556 1197 2647 6616666616
1231 2551 1471 2645 Gracoviensi,
1507 2558 1544 2626 et
1568 2554 1668 2627 valor
1695 2555 1769 2627 eius

214 2676 418 2748 aestimatur
444 2675 489 2748 ad
515 2697 576 2749 sex
602 2696 744 2750 marcas.
771 2678 859 2750 Item
881 2654 1061 2769 praedium
1088 2698 1195 2752 unum
1221 2676 1383 2767 militare,
1410 2676 1454 2749 de
1481 2696 1549 2767 666
1577 2676 1769 2760 decimatur

197 2796 376 2903 ecclesiae
403 2798 594 2889 parochiali
621 2799 656 2869 in
683 2798 937 2872 Obraszow.
1047 2878 1051 2895 ¹

220 2968 225 2975 ι
312 2918 550 3011 Ζ66161616,
577 2922 661 2993 villa
678 2922 742 2994 sub
765 2920 930 3013 parochia
957 2921 1000 2993 de
1027 2920 1223 2994 Obrazou
1249 2919 1331 3010 sita,
1358 2920 1456 2992 cuius
1482 2919 1607 2991 166166
1635 2919 1796 2992 1111161-4

214 3060 285 3113 666
311 3040 355 3113 16
384 3043 490 3114 611616
518 3040 817 3136 Godzyambya.
853 3044 893 3115 ln
922 3065 990 3135 qua
1017 3047 1099 3116 sunt
1130 3042 1249 3115 decem
1275 3042 1368 3113 lanei
1403 3040 1656 3133 66611666166,
1682 3042 1767 3113 item

215 3162 297 3234 duae
323 3164 491 3236 tabernae
527 3164 694 3237 habentes
730 3186 850 3257 agree,
886 3166 970 3238 item
1004 3165 1225 3238 hortulaniae
1264 3168 1397 3255 septem
1436 3163 1605 3235 habentes
1647 3183 1766 3254 agros,

137 3315 141 3327 ·
216 3283 407 3378 dequibus
435 3286 593 3361 omnibus
629 3288 776 3361 solvitur
804 3292 840 3362 61
867 3288 1070 3362 conducitur
1105 3288 1239 3360 decima
1265 3284 1490 3386 manipularis
1516 3288 1552 3357 et
1578 3285 1765 3377 canapalis,

216 3429 274 3499 pro
301 3411 506 3507 episcopatu
532 3407 763 3502 cracoviensi,
791 3417 827 3484 et
845 3411 1043 3484 valor‘eius
1070 3411 1276 3484 aestimatur
1294 3408 1338 3482 ad
1357 3427 1419 3481 sex
1436 3426 1580 3498 marcas,
1608 3408 1767 3507 (1116666-

217 3531 256 3604 do
283 3531 327 3604 ad
354 3531 482 3604 decern.
510 3532 597 3604 Item
625 3537 678 3604 661
704 3533 753 3605 111
779 3555 886 3608 unum
912 3534 1091 3626 praedium
1119 3533 1280 3625 milltare,
1308 3532 1350 3604 16
1369 3531 1466 3603 66166
1493 3528 1588 3621 agris
1616 3530 1766 3603 decima-

213 3657 267 3724 tur
292 3675 356 3746 616
386 3653 592 3726 6661661616
619 3651 849 3728 Obrazow.
1730 3655 1735 3662 ’

311 3776 582 3868 Rrunuczicza,
618 3777 701 3849 villa
727 3779 791 3875 sub
818 3777 985 3869 parochia
1020 3777 1062 3850 de
1089 3775 1312 3850 Obrazow
1337 3774 1425 3863 sita,
1461 3772 1558 3844 cuius
1593 3771 1762 3879 16616166

213 3897 408 3971 Bernartius
436 3898 775 3991 Vr'zazowszlry
810 3899 853 3971 de
887 3900 992 3972 armis
1028 3892 1763 3989 166166,661161616616666166666

214 4020 443 4092 cmcthonales
471 4025 507 4093 et
533 4021 637 4095 unum
657 4021 846 4113 praedium,
874 4022 958 4094 item
976 4020 1128 4094 Jacobus
1155 4017 1393 4111 Lipnyczlry
1410 4015 1454 4088 de
1471 4014 1577 4086 armis
1595 4013 1763 4106 Olobok,

213 4145 245 4212 61
271 4163 333 4232 616
360 4143 489 4233 insigni
515 4135 665 4215 medium
684 4143 872 4216 salmonem
891 4143 1003 4216 161611
1027 4164 1102 4216 cum
1122 4143 1246 4234 capite,
1273 4140 1332 4233 qui
1348 4139 1456 4212 habet
1474 4137 1626 4228 quinque
1643 4136 1765 4207 166666

214 4264 450 4355 66611666166,
477 4265 559 4336 item
586 4247 690 4336 unam
716 4266 914 4357 tabernam,
941 4266 1025 4337 item
1053 4264 1139 4337 1666
1165 4262 1401 4351 16116166166,
1428 4262 1464 4331 61
1490 4257 1607 4330 omnia
1632 4255 1765 4329 161661
1793 4268 1796 4277 “

215 4406 331 4478 agros5
367 4387 451 4459 item
479 4389 533 4458 est
569 4387 618 4458 ibi
645 4409 733 4459 unus
764 4387 885 4459 laneus
921 4386 1166 4477 cmcthonalis,
1202 4385 1299 4458 cuius
1334 4382 1504 4455 medietas
1539 4379 1692 4469 pertinet
1718 4378 1763 4450 ad

213 4505 388 4580 Nicolaum
415 4508 722 4602 Bronyowszky
749 4509 792 4581 16
810 4509 916 4580 armis
943 4507 1212 4599 Tharnawa,
1240 4513 1276 4580 61
1302 4505 1468 4577 medietas
1495 4500 1539 4572 ad
1565 4501 1760 4573 Iohannem

165 4609 166 4618 ἵ
214 4625 388 4730 Gamba
403 4631 446 4703 16
473 4632 579 4703 armis
606 4631 894 4723 Yasszyona,
931 4632 974 4704 de
1011 4630 1169 4704 omnibus
1190 4635 1312 4702 autem
1338 4626 1447 4698 laneis
1474 4621 1759 4711 cmcthonalibus,

213 4751 287 4822 item
314 4751 357 4824 de
385 4753 479 4844 agris
506 4753 671 4826 tabernac
699 4757 735 4825 61
760 4753 1055 4844 16116166161616,
1092 4756 1233 4844 6166161
1260 4750 1347 4827 duos
1372 4748 1491 4819 laneos
1518 4742 1762 4833 cmcthonales,

214 4873 352 4946 solvitur
380 4879 416 4947 et
443 4875 648 4948 conducitur
675 4875 807 4948 decima
838 4874 1064 4966 manipularis
1091 4878 1127 4947 et
1154 4871 1329 4963 canapalis
1355 4890 1420 4961 pro
1448 4866 1651 4957 episcopatu
1676 4862 1761 4936 Ora-

214 4995 376 5087 covieusi,
411 4999 448 5068 61
474 4997 573 5068 valor
608 4997 682 5070 eius
719 4997 924 5092 aestimatur
960 4996 1004 5068 ad
1036 4997 1155 5069 decem
1189 5013 1334 5066 marcas.
1374 4991 1463 5062 item
1498 4991 1581 5058 sunt
1615 4985 1665 5057 ibi
1692 4984 1760 5056 duo

213 5109 349 5204 praedia
375 5113 549 5210 militaria,
576 5122 613 5190 ct
640 5119 708 5191 duo
735 5119 828 5192 lanei
855 5103 1099 5209 cmcthonales,
1127 5116 1315 5210 dequibus
1342 5112 1534 5185 decimatur
1560 5128 1624 5199 pro
1652 5106 1760 5180 eecle-

194 5233 261 5308 'sia
285 5239 321 5312 in
348 5240 574 5314 Obrazow.
828 5308 831 5316 ,
1220 5317 1227 5324 .

309 5361 467 5454 Roszur,
494 5363 579 5440 villa
597 5365 660 5437 sub
679 5365 845 5456 parochia
863 5365 906 5438 16
933 5363 1127 5441 Obrazow
1155 5365 1233 5454 6116,
1260 5360 1357 5434 66166
1383 5355 1561 5433 16616166
1587 5349 1759 5442 Vyssclr,

213 5477 338 5555 Paulus
360 5483 506 5576 Bozelr,
534 5484 699 5559 Ν1661666
727 5485 888 5578 Secula,
917 5485 1095 5581 Abraham
1123 5491 1160 5558 et
1186 5483 1364 5577 Iohannes
1391 5475 1555 5570 Swyder
1576 5469 1625 5544 'de
1652 5472 1759 5589 armis

213 5601 468 5706 Nyecruya,'
486 5607 545 5699 qui
573 5629 691 5682 omnes
719 5609 849 5682 habent
874 5610 1016 5702 propria
1043 5607 1196 5700 6166116,
1223 5605 1266 5678 16
1290 5603 1414 5697 quibus
1433 5585 1573 5673 solvunt
1591 5593 1759 5666 decimam

213 5727 367 5799 ecclesiae
384 5730 420 5799 in
439 5727 641 5803 Obrazow.
665 5731 751 5804 Item
766 5737 847 5805 sunt
865 5731 914 5805 ibi
932 5731 1000 5804 166
1014 5730 1106 5802 16661
1124 5727 1368 5818 cmcthonales,
1386 5727 1470 5797 item
1488 5721 1577 5794 duae
1590 5716 1756 5789 tabernae
1881 5807 1885 5820 Ι

304 5895 351 5939 Lib.
366 5897 461 5940 Beueflc.
474 5899 505 5942 11.
627 5889 632 5898 '
1572 5873 1610 5922 45
