<?xml version="1.0" encoding="UTF-8"?>
<!DOCTYPE html PUBLIC "-//W3C//DTD XHTML 1.0 Transitional//EN"
    "http://www.w3.org/TR/xhtml1/DTD/xhtml1-transitional.dtd">
<html xmlns="http://www.w3.org/1999/xhtml" xml:lang="en" lang="en">
 <head>
  <title>
</title>
<meta http-equiv="Content-Type" content="text/html;charset=utf-8" />
  <meta name='ocr-system' content='tesseract 3.04.00' />
  <meta name='ocr-capabilities' content='ocr_page ocr_carea ocr_par ocr_line ocrx_word'/>
</head>
<body>
  <div class='ocr_page' id='page_1' title='image "./operaomnia03paulgoog_0101.png"; bbox 0 0 4550 6600; ppageno 0'>
   <div class='ocr_carea' id='block_1_1' title="bbox 491 749 539 819">
    <p class='ocr_par' dir='ltr' id='par_1_1' title="bbox 491 749 539 819">
     <span class='ocr_line' id='line_1_1' title="bbox 491 749 539 819; baseline 0.021 -1"><span class='ocrx_word' id='word_1_1' title='bbox 491 749 539 819; x_wconf 87' lang='lat'>68</span> 
     </span>
    </p>
   </div>
   <div class='ocr_carea' id='block_1_2' title="bbox 487 951 2061 1286">
    <p class='ocr_par' dir='ltr' id='par_1_2' title="bbox 487 951 2061 1286">
     <span class='ocr_line' id='line_1_2' title="bbox 593 951 2059 1046; baseline -0.001 -20"><span class='ocrx_word' id='word_1_2' title='bbox 593 951 787 1044; x_wconf 77' lang='lat' dir='ltr'>Guarceno,</span> <span class='ocrx_word' id='word_1_3' title='bbox 827 954 911 1026; x_wconf 84' lang='lat' dir='ltr'>villa</span> <span class='ocrx_word' id='word_1_4' title='bbox 937 953 1001 1025; x_wconf 90' lang='lat' dir='ltr'>sub</span> <span class='ocrx_word' id='word_1_5' title='bbox 1027 953 1195 1042; x_wconf 89' lang='lat' dir='ltr'>parochia</span> <span class='ocrx_word' id='word_1_6' title='bbox 1220 952 1265 1024; x_wconf 89' lang='lat' dir='ltr'>de</span> <span class='ocrx_word' id='word_1_7' title='bbox 1282 1007 1450 1022; x_wconf 90' lang='grc'><strong>.......</strong></span> <span class='ocrx_word' id='word_1_8' title='bbox 1477 953 1562 1046; x_wconf 83' lang='lat' dir='ltr'>sita,</span> <span class='ocrx_word' id='word_1_9' title='bbox 1598 955 1697 1024; x_wconf 87' lang='lat' dir='ltr'>cuius</span> <span class='ocrx_word' id='word_1_10' title='bbox 1722 955 1862 1025; x_wconf 79' lang='lat' dir='ltr'><strong>haeres</strong></span> <span class='ocrx_word' id='word_1_11' title='bbox 1890 951 2059 1025; x_wconf 85' lang='lat' dir='ltr'>Nicolaus</span> 
     </span>
     <span class='ocr_line' id='line_1_3' title="bbox 487 1073 2060 1166; baseline -0.001 -19"><span class='ocrx_word' id='word_1_12' title='bbox 487 1075 749 1166; x_wconf 87' lang='lat' dir='ltr'>Lubalczyk</span> <span class='ocrx_word' id='word_1_13' title='bbox 776 1075 819 1146; x_wconf 91' lang='lat' dir='ltr'>de</span> <span class='ocrx_word' id='word_1_14' title='bbox 849 1073 951 1146; x_wconf 94' lang='lat' dir='ltr'>domo</span> <span class='ocrx_word' id='word_1_15' title='bbox 992 1074 1230 1164; x_wconf 89' lang='lat' dir='ltr'>Rosarum‚</span> <span class='ocrx_word' id='word_1_16' title='bbox 1274 1075 1312 1145; x_wconf 94' lang='lat' dir='ltr'>in</span> <span class='ocrx_word' id='word_1_17' title='bbox 1339 1095 1408 1166; x_wconf 92' lang='lat' dir='ltr'>qua</span> <span class='ocrx_word' id='word_1_18' title='bbox 1434 1080 1516 1146; x_wconf 89' lang='lat' dir='ltr'>sunt</span> <span class='ocrx_word' id='word_1_19' title='bbox 1548 1075 1640 1146; x_wconf 89' lang='lat' dir='ltr'>lanei</span> <span class='ocrx_word' id='word_1_20' title='bbox 1673 1075 1948 1163; x_wconf 86' lang='lat' dir='ltr'>cmethonales,</span> <span class='ocrx_word' id='word_1_21' title='bbox 1980 1075 2060 1146; x_wconf 85' lang='lat' dir='ltr'>item</span> 
     </span>
     <span class='ocr_line' id='line_1_4' title="bbox 488 1183 2061 1286; baseline -0.001 -19"><span class='ocrx_word' id='word_1_22' title='bbox 488 1197 653 1286; x_wconf 81' lang='lat' dir='ltr'>taberna,</span> <span class='ocrx_word' id='word_1_23' title='bbox 690 1197 773 1266; x_wconf 91' lang='lat' dir='ltr'>item</span> <span class='ocrx_word' id='word_1_24' title='bbox 810 1195 1006 1284; x_wconf 83' lang='lat' dir='ltr'>hortulani,</span> <span class='ocrx_word' id='word_1_25' title='bbox 1042 1183 1212 1266; x_wconf 78' lang='lat' dir='ltr'>halantes</span> <span class='ocrx_word' id='word_1_26' title='bbox 1247 1215 1369 1286; x_wconf 81' lang='lat' dir='ltr'>agros,</span> <span class='ocrx_word' id='word_1_27' title='bbox 1405 1196 1601 1286; x_wconf 86' lang='lat' dir='ltr'>dequibus</span> <span class='ocrx_word' id='word_1_28' title='bbox 1638 1197 1802 1268; x_wconf 87' lang='lat' dir='ltr'>omnibus</span> <span class='ocrx_word' id='word_1_29' title='bbox 1843 1196 2003 1268; x_wconf 88' lang='lat' dir='ltr'>solvitur</span> <span class='ocrx_word' id='word_1_30' title='bbox 2027 1203 2061 1266; x_wconf 91' lang='lat' dir='ltr'>et</span> 
     </span>
    </p>
   </div>
   <div class='ocr_carea' id='block_1_3' title="bbox 485 1315 2059 2497">
    <p class='ocr_par' dir='ltr' id='par_1_3' title="bbox 486 1315 2059 1632">
     <span class='ocr_line' id='line_1_5' title="bbox 487 1315 2059 1408; baseline -0.003 -19"><span class='ocrx_word' id='word_1_31' title='bbox 487 1316 692 1389; x_wconf 86' lang='lat' dir='ltr'><strong>conducitur</strong></span> <span class='ocrx_word' id='word_1_32' title='bbox 723 1315 856 1388; x_wconf 90' lang='lat' dir='ltr'>decima</span> <span class='ocrx_word' id='word_1_33' title='bbox 881 1315 1105 1407; x_wconf 79' lang='lat' dir='ltr'>manipularis</span> <span class='ocrx_word' id='word_1_34' title='bbox 1124 1317 1323 1407; x_wconf 85' lang='lat' dir='ltr'>praeposito</span> <span class='ocrx_word' id='word_1_35' title='bbox 1341 1315 1595 1408; x_wconf 84' lang='lat' dir='ltr'>Jemyelnensi,</span> <span class='ocrx_word' id='word_1_36' title='bbox 1621 1317 1720 1388; x_wconf 87' lang='lat' dir='ltr'>cuius</span> <span class='ocrx_word' id='word_1_37' title='bbox 1745 1317 1857 1388; x_wconf 79' lang='lat' dir='ltr'>valor</span> <span class='ocrx_word' id='word_1_38' title='bbox 1876 1317 1926 1388; x_wconf 91' lang='lat' dir='ltr'>ad</span> <span class='ocrx_word' id='word_1_39' title='bbox 1945 1371 2059 1386; x_wconf 92' lang='grc'><strong>.....</strong></span> 
     </span>
     <span class='ocr_line' id='line_1_6' title="bbox 486 1436 2059 1528; baseline -0.001 -18"><span class='ocrx_word' id='word_1_40' title='bbox 486 1439 574 1510; x_wconf 84' lang='lat' dir='ltr'>Item</span> <span class='ocrx_word' id='word_1_41' title='bbox 602 1443 656 1510; x_wconf 90' lang='lat' dir='ltr'>est</span> <span class='ocrx_word' id='word_1_42' title='bbox 681 1437 731 1509; x_wconf 91' lang='lat' dir='ltr'>ibi</span> <span class='ocrx_word' id='word_1_43' title='bbox 757 1458 863 1510; x_wconf 91' lang='lat' dir='ltr'>unum</span> <span class='ocrx_word' id='word_1_44' title='bbox 890 1437 1070 1528; x_wconf 84' lang='lat' dir='ltr'>praedium</span> <span class='ocrx_word' id='word_1_45' title='bbox 1097 1437 1258 1528; x_wconf 84' lang='lat' dir='ltr'>militare,</span> <span class='ocrx_word' id='word_1_46' title='bbox 1285 1436 1329 1508; x_wconf 93' lang='lat' dir='ltr'>de</span> <span class='ocrx_word' id='word_1_47' title='bbox 1347 1439 1446 1510; x_wconf 86' lang='lat' dir='ltr'>cuius</span> <span class='ocrx_word' id='word_1_48' title='bbox 1472 1438 1567 1528; x_wconf 80' lang='lat' dir='ltr'>agris</span> <span class='ocrx_word' id='word_1_49' title='bbox 1593 1438 1790 1511; x_wconf 75' lang='lat' dir='ltr'>decimatur</span> <span class='ocrx_word' id='word_1_50' title='bbox 1819 1439 2000 1510; x_wconf 74' lang='lat' dir='ltr'>ecclesiae</span> <span class='ocrx_word' id='word_1_51' title='bbox 2025 1438 2059 1508; x_wconf 94' lang='lat' dir='ltr'>in</span> 
     </span>
     <span class='ocr_line' id='line_1_7' title="bbox 487 1559 811 1632; baseline 0 -2"><span class='ocrx_word' id='word_1_52' title='bbox 487 1559 811 1632; x_wconf 84' lang='lat' dir='ltr'>Kurozwanki</span> 
     </span>
    </p>

    <p class='ocr_par' dir='ltr' id='par_1_4' title="bbox 485 1678 2059 2256">
     <span class='ocr_line' id='line_1_8' title="bbox 590 1678 2059 1771; baseline 0.001 -20"><span class='ocrx_word' id='word_1_53' title='bbox 590 1680 795 1771; x_wconf 73' lang='lat' dir='ltr'>innocua,</span> <span class='ocrx_word' id='word_1_54' title='bbox 832 1680 916 1751; x_wconf 90' lang='lat' dir='ltr'>villa</span> <span class='ocrx_word' id='word_1_55' title='bbox 951 1681 1015 1752; x_wconf 91' lang='lat' dir='ltr'>sub</span> <span class='ocrx_word' id='word_1_56' title='bbox 1050 1680 1218 1770; x_wconf 89' lang='lat' dir='ltr'>parochia</span> <span class='ocrx_word' id='word_1_57' title='bbox 1252 1680 1297 1752; x_wconf 95' lang='lat' dir='ltr'>de</span> <span class='ocrx_word' id='word_1_58' title='bbox 1331 1678 1355 1751; x_wconf 88' lang='lat' dir='ltr'>J</span> <span class='ocrx_word' id='word_1_59' title='bbox 1364 1679 1578 1771; x_wconf 84' lang='lat' dir='ltr'>emyelno</span> <span class='ocrx_word' id='word_1_60' title='bbox 1614 1681 1700 1771; x_wconf 89' lang='lat' dir='ltr'>sita,</span> <span class='ocrx_word' id='word_1_61' title='bbox 1736 1682 1843 1754; x_wconf 89' lang='lat' dir='ltr'>cuius</span> <span class='ocrx_word' id='word_1_62' title='bbox 1888 1681 2059 1753; x_wconf 89' lang='lat' dir='ltr'>haeredes</span> 
     </span>
     <span class='ocr_line' id='line_1_9' title="bbox 485 1799 2058 1894; baseline 0 -22"><span class='ocrx_word' id='word_1_63' title='bbox 485 1799 646 1872; x_wconf 81' lang='lat' dir='ltr'>Andreas</span> <span class='ocrx_word' id='word_1_64' title='bbox 673 1807 709 1872; x_wconf 86' lang='lat' dir='ltr'>et</span> <span class='ocrx_word' id='word_1_65' title='bbox 735 1800 887 1873; x_wconf 80' lang='lat' dir='ltr'>lacobus</span> <span class='ocrx_word' id='word_1_66' title='bbox 913 1799 936 1872; x_wconf 85' lang='lat' dir='ltr'>J</span> <span class='ocrx_word' id='word_1_67' title='bbox 947 1801 1256 1891; x_wconf 86' lang='lat' dir='ltr'>akubowsczy</span> <span class='ocrx_word' id='word_1_68' title='bbox 1283 1800 1455 1873; x_wconf 93' lang='lat' dir='ltr'>dedomo</span> <span class='ocrx_word' id='word_1_69' title='bbox 1481 1799 1650 1893; x_wconf 89' lang='lat' dir='ltr'>Rosza,</span> <span class='ocrx_word' id='word_1_70' title='bbox 1686 1803 1722 1874; x_wconf 92' lang='lat' dir='ltr'>in</span> <span class='ocrx_word' id='word_1_71' title='bbox 1749 1823 1824 1894; x_wconf 88' lang='lat' dir='ltr'>qna</span> <span class='ocrx_word' id='word_1_72' title='bbox 1852 1807 1945 1874; x_wconf 90' lang='lat' dir='ltr'>sunt</span> <span class='ocrx_word' id='word_1_73' title='bbox 1970 1803 2058 1874; x_wconf 88' lang='lat' dir='ltr'>lanei</span> 
     </span>
     <span class='ocr_line' id='line_1_10' title="bbox 485 1922 2054 2013; baseline 0.001 -20"><span class='ocrx_word' id='word_1_74' title='bbox 485 1922 737 2012; x_wconf 74' lang='lat' dir='ltr'>cmethonaleS,</span> <span class='ocrx_word' id='word_1_75' title='bbox 765 1923 846 1993; x_wconf 87' lang='lat' dir='ltr'>item</span> <span class='ocrx_word' id='word_1_76' title='bbox 873 1922 1070 2012; x_wconf 88' lang='lat' dir='ltr'>hortulani,</span> <span class='ocrx_word' id='word_1_77' title='bbox 1098 1922 1183 1993; x_wconf 90' lang='lat' dir='ltr'>item</span> <span class='ocrx_word' id='word_1_78' title='bbox 1208 1922 1389 2012; x_wconf 88' lang='lat' dir='ltr'>tabernae,</span> <span class='ocrx_word' id='word_1_79' title='bbox 1425 1923 1510 1993; x_wconf 87' lang='lat' dir='ltr'>item</span> <span class='ocrx_word' id='word_1_80' title='bbox 1537 1923 1717 2013; x_wconf 86' lang='lat' dir='ltr'>praedium</span> <span class='ocrx_word' id='word_1_81' title='bbox 1743 1945 1859 1996; x_wconf 90' lang='lat' dir='ltr'>unum</span> <span class='ocrx_word' id='word_1_82' title='bbox 1891 1923 2054 2013; x_wconf 88' lang='lat' dir='ltr'>militare,</span> 
     </span>
     <span class='ocr_line' id='line_1_11' title="bbox 486 2041 2055 2136; baseline -0.001 -21"><span class='ocrx_word' id='word_1_83' title='bbox 486 2043 529 2115; x_wconf 92' lang='lat' dir='ltr'>de</span> <span class='ocrx_word' id='word_1_84' title='bbox 558 2045 682 2135; x_wconf 85' lang='lat' dir='ltr'>quibus</span> <span class='ocrx_word' id='word_1_85' title='bbox 711 2043 870 2115; x_wconf 91' lang='lat' dir='ltr'>omnibus</span> <span class='ocrx_word' id='word_1_86' title='bbox 898 2043 1044 2114; x_wconf 87' lang='lat' dir='ltr'>solvitur</span> <span class='ocrx_word' id='word_1_87' title='bbox 1076 2041 1210 2112; x_wconf 90' lang='lat' dir='ltr'>decima</span> <span class='ocrx_word' id='word_1_88' title='bbox 1234 2042 1462 2132; x_wconf 82' lang='lat' dir='ltr'>manipularis</span> <span class='ocrx_word' id='word_1_89' title='bbox 1488 2048 1525 2114; x_wconf 89' lang='lat' dir='ltr'>et</span> <span class='ocrx_word' id='word_1_90' title='bbox 1551 2045 1726 2134; x_wconf 87' lang='lat' dir='ltr'>canapalis</span> <span class='ocrx_word' id='word_1_91' title='bbox 1753 2065 1821 2135; x_wconf 92' lang='lat' dir='ltr'>pro</span> <span class='ocrx_word' id='word_1_92' title='bbox 1851 2045 2055 2136; x_wconf 87' lang='lat' dir='ltr'>praeposito</span> 
     </span>
     <span class='ocr_line' id='line_1_12' title="bbox 485 2162 1367 2256; baseline -0.003 -21"><span class='ocrx_word' id='word_1_93' title='bbox 485 2164 731 2256; x_wconf 87' lang='lat' dir='ltr'>Jemyelnensi,</span> <span class='ocrx_word' id='word_1_94' title='bbox 759 2164 856 2236; x_wconf 90' lang='lat' dir='ltr'>cuius</span> <span class='ocrx_word' id='word_1_95' title='bbox 883 2163 982 2235; x_wconf 85' lang='lat' dir='ltr'>valor</span> <span class='ocrx_word' id='word_1_96' title='bbox 1009 2163 1053 2234; x_wconf 90' lang='lat' dir='ltr'>ad</span> <span class='ocrx_word' id='word_1_97' title='bbox 1080 2162 1198 2235; x_wconf 90' lang='lat' dir='ltr'>decem</span> <span class='ocrx_word' id='word_1_98' title='bbox 1224 2182 1367 2234; x_wconf 88' lang='lat' dir='ltr'>marcas.</span> 
     </span>
    </p>

    <p class='ocr_par' dir='ltr' id='par_1_5' title="bbox 485 2283 2053 2497">
     <span class='ocr_line' id='line_1_13' title="bbox 590 2283 2053 2378; baseline 0.001 -24"><span class='ocrx_word' id='word_1_99' title='bbox 590 2286 843 2375; x_wconf 81' lang='lat' dir='ltr'>Dnnncnowr,</span> <span class='ocrx_word' id='word_1_100' title='bbox 878 2285 962 2356; x_wconf 87' lang='lat' dir='ltr'>villa</span> <span class='ocrx_word' id='word_1_101' title='bbox 988 2285 1053 2356; x_wconf 88' lang='lat' dir='ltr'>sub</span> <span class='ocrx_word' id='word_1_102' title='bbox 1086 2283 1252 2373; x_wconf 88' lang='lat' dir='ltr'>parochia</span> <span class='ocrx_word' id='word_1_103' title='bbox 1285 2283 1451 2356; x_wconf 89' lang='lat' dir='ltr'>ecclesiae</span> <span class='ocrx_word' id='word_1_104' title='bbox 1482 2285 1525 2356; x_wconf 92' lang='lat' dir='ltr'>de</span> <span class='ocrx_word' id='word_1_105' title='bbox 1551 2285 1574 2356; x_wconf 85' lang='lat' dir='ltr'>J</span> <span class='ocrx_word' id='word_1_106' title='bbox 1584 2285 1794 2378; x_wconf 84' lang='lat' dir='ltr'>emyelno</span> <span class='ocrx_word' id='word_1_107' title='bbox 1824 2287 1922 2377; x_wconf 80' lang='lat' dir='ltr'>sita,</span> <span class='ocrx_word' id='word_1_108' title='bbox 1961 2285 2053 2357; x_wconf 87' lang='lat' dir='ltr'>euius</span> 
     </span>
     <span class='ocr_line' id='line_1_14' title="bbox 485 2403 2052 2497; baseline 0.001 -21"><span class='ocrx_word' id='word_1_109' title='bbox 485 2407 609 2476; x_wconf 88' lang='lat' dir='ltr'>haeres</span> <span class='ocrx_word' id='word_1_110' title='bbox 636 2405 879 2496; x_wconf 84' lang='lat' dir='ltr'>Korzensky</span> <span class='ocrx_word' id='word_1_111' title='bbox 906 2406 949 2477; x_wconf 93' lang='lat' dir='ltr'>de</span> <span class='ocrx_word' id='word_1_112' title='bbox 976 2405 1077 2476; x_wconf 93' lang='lat' dir='ltr'>domo</span> <span class='ocrx_word' id='word_1_113' title='bbox 1106 2403 1385 2496; x_wconf 87' lang='lat' dir='ltr'>Streparum,</span> <span class='ocrx_word' id='word_1_114' title='bbox 1412 2406 1448 2476; x_wconf 92' lang='lat' dir='ltr'>in</span> <span class='ocrx_word' id='word_1_115' title='bbox 1476 2427 1545 2497; x_wconf 89' lang='lat' dir='ltr'>qua</span> <span class='ocrx_word' id='word_1_116' title='bbox 1570 2412 1653 2479; x_wconf 90' lang='lat' dir='ltr'>sunt</span> <span class='ocrx_word' id='word_1_117' title='bbox 1677 2407 1771 2478; x_wconf 89' lang='lat' dir='ltr'>lanei</span> <span class='ocrx_word' id='word_1_118' title='bbox 1798 2407 2052 2494; x_wconf 79' lang='lat' dir='ltr'>cmethonales,</span> 
     </span>
    </p>
   </div>
   <div class='ocr_carea' id='block_1_4' title="bbox 352 2525 2050 2620">
    <p class='ocr_par' dir='ltr' id='par_1_6' title="bbox 352 2525 2050 2620">
     <span class='ocr_line' id='line_1_15' title="bbox 352 2525 2050 2620; baseline -0.001 -23"><span class='ocrx_word' id='word_1_119' title='bbox 352 2582 356 2589; x_wconf 93' lang='lat'>.</span> <span class='ocrx_word' id='word_1_120' title='bbox 485 2528 569 2598; x_wconf 89' lang='lat' dir='ltr'>item</span> <span class='ocrx_word' id='word_1_121' title='bbox 604 2527 800 2617; x_wconf 87' lang='lat' dir='ltr'>hortulani,</span> <span class='ocrx_word' id='word_1_122' title='bbox 845 2527 928 2598; x_wconf 92' lang='lat' dir='ltr'>item</span> <span class='ocrx_word' id='word_1_123' title='bbox 955 2526 1141 2616; x_wconf 89' lang='lat' dir='ltr'>tabernae,</span> <span class='ocrx_word' id='word_1_124' title='bbox 1176 2525 1261 2597; x_wconf 87' lang='lat' dir='ltr'>item</span> <span class='ocrx_word' id='word_1_125' title='bbox 1286 2526 1467 2616; x_wconf 89' lang='lat' dir='ltr'>praedimn</span> <span class='ocrx_word' id='word_1_126' title='bbox 1501 2549 1607 2599; x_wconf 92' lang='lat' dir='ltr'>unum</span> <span class='ocrx_word' id='word_1_127' title='bbox 1640 2528 1810 2618; x_wconf 87' lang='lat' dir='ltr'>militare,</span> <span class='ocrx_word' id='word_1_128' title='bbox 1849 2528 2050 2620; x_wconf 86' lang='lat' dir='ltr'>dequibus</span> 
     </span>
    </p>
   </div>
   <div class='ocr_carea' id='block_1_5' title="bbox 478 2648 2050 5784">
    <p class='ocr_par' dir='ltr' id='par_1_7' title="bbox 485 2648 2050 2962">
     <span class='ocr_line' id='line_1_16' title="bbox 485 2648 2050 2741; baseline -0.001 -20"><span class='ocrx_word' id='word_1_129' title='bbox 485 2649 644 2722; x_wconf 90' lang='lat' dir='ltr'>omnibus</span> <span class='ocrx_word' id='word_1_130' title='bbox 671 2649 818 2722; x_wconf 87' lang='lat' dir='ltr'>solvitur</span> <span class='ocrx_word' id='word_1_131' title='bbox 844 2655 881 2720; x_wconf 92' lang='lat' dir='ltr'>et</span> <span class='ocrx_word' id='word_1_132' title='bbox 908 2648 1112 2720; x_wconf 82' lang='lat' dir='ltr'>conducitur</span> <span class='ocrx_word' id='word_1_133' title='bbox 1140 2648 1276 2720; x_wconf 85' lang='lat' dir='ltr'>decima</span> <span class='ocrx_word' id='word_1_134' title='bbox 1301 2648 1527 2739; x_wconf 87' lang='lat' dir='ltr'>manipularis</span> <span class='ocrx_word' id='word_1_135' title='bbox 1545 2654 1582 2720; x_wconf 92' lang='lat' dir='ltr'>et</span> <span class='ocrx_word' id='word_1_136' title='bbox 1600 2649 1775 2740; x_wconf 90' lang='lat' dir='ltr'>canapalis</span> <span class='ocrx_word' id='word_1_137' title='bbox 1802 2669 1874 2740; x_wconf 90' lang='lat' dir='ltr'>pro</span> <span class='ocrx_word' id='word_1_138' title='bbox 1903 2669 2050 2741; x_wconf 77' lang='lat' dir='ltr'>praepo</span> 
     </span>
     <span class='ocr_line' id='line_1_17' title="bbox 485 2769 1739 2863; baseline -0.002 -20"><span class='ocrx_word' id='word_1_139' title='bbox 485 2771 597 2843; x_wconf 88' lang='lat' dir='ltr'>situra</span> <span class='ocrx_word' id='word_1_140' title='bbox 623 2769 867 2863; x_wconf 84' lang='lat' dir='ltr'>Jemyelnensi,</span> <span class='ocrx_word' id='word_1_141' title='bbox 895 2771 992 2843; x_wconf 90' lang='lat' dir='ltr'>cuius</span> <span class='ocrx_word' id='word_1_142' title='bbox 1019 2769 1117 2843; x_wconf 89' lang='lat' dir='ltr'>valor</span> <span class='ocrx_word' id='word_1_143' title='bbox 1145 2770 1351 2841; x_wconf 89' lang='lat' dir='ltr'>aestimatur</span> <span class='ocrx_word' id='word_1_144' title='bbox 1378 2769 1568 2842; x_wconf 84' lang='lat' dir='ltr'>addacem</span> <span class='ocrx_word' id='word_1_145' title='bbox 1594 2791 1739 2843; x_wconf 88' lang='lat' dir='ltr'>marcas.</span> 
     </span>
     <span class='ocr_line' id='line_1_18' title="bbox 1187 2891 1349 2962; baseline 0 -2"><span class='ocrx_word' id='word_1_146' title='bbox 1187 2891 1349 2962; x_wconf 81' lang='lat' dir='ltr'>Bazuor.</span> 
     </span>
    </p>

    <p class='ocr_par' dir='ltr' id='par_1_8' title="bbox 483 3010 2048 3589">
     <span class='ocr_line' id='line_1_19' title="bbox 590 3010 2048 3104; baseline -0.003 -19"><span class='ocrx_word' id='word_1_147' title='bbox 590 3014 695 3103; x_wconf 86' lang='lat' dir='ltr'>Villa,</span> <span class='ocrx_word' id='word_1_148' title='bbox 721 3013 855 3086; x_wconf 89' lang='lat' dir='ltr'>habens</span> <span class='ocrx_word' id='word_1_149' title='bbox 882 3013 918 3082; x_wconf 95' lang='lat' dir='ltr'>in</span> <span class='ocrx_word' id='word_1_150' title='bbox 946 3032 983 3083; x_wconf 92' lang='lat' dir='ltr'>se</span> <span class='ocrx_word' id='word_1_151' title='bbox 1010 3010 1245 3101; x_wconf 85' lang='lat' dir='ltr'>parochialem</span> <span class='ocrx_word' id='word_1_152' title='bbox 1272 3011 1452 3082; x_wconf 89' lang='lat' dir='ltr'>ecclesiam</span> <span class='ocrx_word' id='word_1_153' title='bbox 1478 3012 1637 3104; x_wconf 79' lang='lat' dir='ltr'>ligneam,</span> <span class='ocrx_word' id='word_1_154' title='bbox 1664 3013 1790 3086; x_wconf 88' lang='lat' dir='ltr'>Sancto</span> <span class='ocrx_word' id='word_1_155' title='bbox 1817 3015 1974 3088; x_wconf 89' lang='lat' dir='ltr'>Nicolao</span> <span class='ocrx_word' id='word_1_156' title='bbox 2000 3011 2048 3082; x_wconf 94' lang='lat' dir='ltr'>di-</span> 
     </span>
     <span class='ocr_line' id='line_1_20' title="bbox 486 3130 2047 3227; baseline -0.003 -21"><span class='ocrx_word' id='word_1_157' title='bbox 486 3141 617 3224; x_wconf 88' lang='lat' dir='ltr'>catam,</span> <span class='ocrx_word' id='word_1_158' title='bbox 654 3135 750 3203; x_wconf 90' lang='lat' dir='ltr'>cuius</span> <span class='ocrx_word' id='word_1_159' title='bbox 785 3132 982 3223; x_wconf 86' lang='lat' dir='ltr'>proprietas</span> <span class='ocrx_word' id='word_1_160' title='bbox 1010 3130 1055 3202; x_wconf 90' lang='lat' dir='ltr'>ad</span> <span class='ocrx_word' id='word_1_161' title='bbox 1083 3131 1341 3203; x_wconf 88' lang='lat' dir='ltr'>serenissimum</span> <span class='ocrx_word' id='word_1_162' title='bbox 1367 3132 1532 3205; x_wconf 91' lang='lat' dir='ltr'>Poloniae</span> <span class='ocrx_word' id='word_1_163' title='bbox 1558 3156 1676 3224; x_wconf 86' lang='lat' dir='ltr'>regem</span> <span class='ocrx_word' id='word_1_164' title='bbox 1701 3136 1879 3227; x_wconf 90' lang='lat' dir='ltr'>pertinet,</span> <span class='ocrx_word' id='word_1_165' title='bbox 1917 3137 1956 3207; x_wconf 92' lang='lat' dir='ltr'>in</span> <span class='ocrx_word' id='word_1_166' title='bbox 1972 3153 2047 3226; x_wconf 67' lang='lat' dir='ltr'>,qua</span> 
     </span>
     <span class='ocr_line' id='line_1_21' title="bbox 485 3253 2045 3349; baseline -0.003 -20"><span class='ocrx_word' id='word_1_167' title='bbox 485 3262 567 3330; x_wconf 88' lang='lat' dir='ltr'>sunt</span> <span class='ocrx_word' id='word_1_168' title='bbox 592 3255 685 3327; x_wconf 88' lang='lat' dir='ltr'>lanei</span> <span class='ocrx_word' id='word_1_169' title='bbox 712 3253 954 3345; x_wconf 90' lang='lat' dir='ltr'>cmethonales,</span> <span class='ocrx_word' id='word_1_170' title='bbox 981 3253 1064 3327; x_wconf 92' lang='lat' dir='ltr'>item</span> <span class='ocrx_word' id='word_1_171' title='bbox 1091 3254 1267 3345; x_wconf 89' lang='lat' dir='ltr'>tabernae,</span> <span class='ocrx_word' id='word_1_172' title='bbox 1294 3253 1377 3326; x_wconf 88' lang='lat' dir='ltr'>item</span> <span class='ocrx_word' id='word_1_173' title='bbox 1403 3255 1632 3348; x_wconf 88' lang='lat' dir='ltr'>hortulaniae,</span> <span class='ocrx_word' id='word_1_174' title='bbox 1658 3257 1702 3329; x_wconf 92' lang='lat' dir='ltr'>de</span> <span class='ocrx_word' id='word_1_175' title='bbox 1729 3257 1857 3349; x_wconf 87' lang='lat' dir='ltr'>quibus</span> <span class='ocrx_word' id='word_1_176' title='bbox 1886 3257 2045 3332; x_wconf 82' lang='lat' dir='ltr'>omnibus</span> 
     </span>
     <span class='ocr_line' id='line_1_22' title="bbox 486 3374 2046 3471; baseline -0.002 -20"><span class='ocrx_word' id='word_1_177' title='bbox 486 3378 635 3451; x_wconf 89' lang='lat' dir='ltr'>solvitur</span> <span class='ocrx_word' id='word_1_178' title='bbox 662 3382 697 3448; x_wconf 88' lang='lat' dir='ltr'>et</span> <span class='ocrx_word' id='word_1_179' title='bbox 724 3376 927 3447; x_wconf 87' lang='lat' dir='ltr'>conducitur</span> <span class='ocrx_word' id='word_1_180' title='bbox 954 3374 1088 3447; x_wconf 90' lang='lat' dir='ltr'>decima</span> <span class='ocrx_word' id='word_1_181' title='bbox 1114 3376 1341 3467; x_wconf 87' lang='lat' dir='ltr'>manipularis</span> <span class='ocrx_word' id='word_1_182' title='bbox 1368 3382 1406 3447; x_wconf 89' lang='lat' dir='ltr'>et</span> <span class='ocrx_word' id='word_1_183' title='bbox 1431 3378 1607 3468; x_wconf 86' lang='lat' dir='ltr'>canapalis</span> <span class='ocrx_word' id='word_1_184' title='bbox 1634 3400 1698 3471; x_wconf 91' lang='lat' dir='ltr'>pro</span> <span class='ocrx_word' id='word_1_185' title='bbox 1724 3379 1893 3471; x_wconf 89' lang='lat' dir='ltr'>episcopo</span> <span class='ocrx_word' id='word_1_186' title='bbox 1921 3378 2046 3452; x_wconf 71' lang='lat' dir='ltr'>croco</span> 
     </span>
     <span class='ocr_line' id='line_1_23' title="bbox 483 3496 1480 3589; baseline -0.006 -16"><span class='ocrx_word' id='word_1_187' title='bbox 483 3498 612 3589; x_wconf 89' lang='lat' dir='ltr'>viensi,</span> <span class='ocrx_word' id='word_1_188' title='bbox 639 3498 736 3570; x_wconf 88' lang='lat' dir='ltr'>cuius</span> <span class='ocrx_word' id='word_1_189' title='bbox 763 3496 862 3571; x_wconf 89' lang='lat' dir='ltr'>valor</span> <span class='ocrx_word' id='word_1_190' title='bbox 889 3498 1092 3569; x_wconf 89' lang='lat' dir='ltr'>aestimatur</span> <span class='ocrx_word' id='word_1_191' title='bbox 1119 3497 1164 3567; x_wconf 93' lang='lat' dir='ltr'>ad</span> <span class='ocrx_word' id='word_1_192' title='bbox 1191 3496 1310 3569; x_wconf 90' lang='lat' dir='ltr'>decem</span> <span class='ocrx_word' id='word_1_193' title='bbox 1336 3518 1480 3569; x_wconf 87' lang='lat' dir='ltr'>marcas.</span> 
     </span>
    </p>

    <p class='ocr_par' dir='ltr' id='par_1_9' title="bbox 1114 3618 1418 3692">
     <span class='ocr_line' id='line_1_24' title="bbox 1114 3618 1418 3692; baseline -0.003 -2"><span class='ocrx_word' id='word_1_194' title='bbox 1114 3618 1418 3692; x_wconf 82' lang='lat' dir='ltr'>Kacznnczrczn.</span> 
     </span>
    </p>

    <p class='ocr_par' dir='ltr' id='par_1_10' title="bbox 481 3734 2042 4563">
     <span class='ocr_line' id='line_1_25' title="bbox 587 3734 2042 3834; baseline -0.006 -19"><span class='ocrx_word' id='word_1_195' title='bbox 587 3742 699 3834; x_wconf 90' lang='lat' dir='ltr'>Villa,</span> <span class='ocrx_word' id='word_1_196' title='bbox 735 3742 867 3815; x_wconf 90' lang='lat' dir='ltr'>habens</span> <span class='ocrx_word' id='word_1_197' title='bbox 895 3741 931 3813; x_wconf 93' lang='lat' dir='ltr'>in</span> <span class='ocrx_word' id='word_1_198' title='bbox 959 3734 996 3814; x_wconf 87' lang='lat' dir='ltr'>se</span> <span class='ocrx_word' id='word_1_199' title='bbox 1023 3740 1206 3813; x_wconf 88' lang='lat' dir='ltr'>ecclesiam</span> <span class='ocrx_word' id='word_1_200' title='bbox 1240 3741 1475 3832; x_wconf 89' lang='lat' dir='ltr'>parochialem</span> <span class='ocrx_word' id='word_1_201' title='bbox 1511 3741 1680 3833; x_wconf 83' lang='lat' dir='ltr'>ligneam,</span> <span class='ocrx_word' id='word_1_202' title='bbox 1715 3741 1842 3815; x_wconf 88' lang='lat' dir='ltr'>Sancto</span> <span class='ocrx_word' id='word_1_203' title='bbox 1870 3738 2042 3830; x_wconf 92' lang='lat' dir='ltr'>Procopio</span> 
     </span>
     <span class='ocr_line' id='line_1_26' title="bbox 482 3859 2041 3955; baseline -0.007 -16"><span class='ocrx_word' id='word_1_204' title='bbox 482 3866 680 3939; x_wconf 84' lang='lat' dir='ltr'>Goniessori</span> <span class='ocrx_word' id='word_1_205' title='bbox 706 3865 875 3955; x_wconf 88' lang='lat' dir='ltr'>dicatam,</span> <span class='ocrx_word' id='word_1_206' title='bbox 902 3864 999 3936; x_wconf 91' lang='lat' dir='ltr'>cuius</span> <span class='ocrx_word' id='word_1_207' title='bbox 1026 3863 1195 3935; x_wconf 90' lang='lat' dir='ltr'>haeredes</span> <span class='ocrx_word' id='word_1_208' title='bbox 1222 3862 1374 3936; x_wconf 88' lang='lat' dir='ltr'>Jacobus</span> <span class='ocrx_word' id='word_1_209' title='bbox 1400 3863 1522 3935; x_wconf 89' lang='lat' dir='ltr'>Kula</span> <span class='ocrx_word' id='word_1_210' title='bbox 1547 3869 1584 3935; x_wconf 92' lang='lat' dir='ltr'>et</span> <span class='ocrx_word' id='word_1_211' title='bbox 1610 3863 1977 3954; x_wconf 80' lang='lat' dir='ltr'>Krsczanozslry</span> <span class='ocrx_word' id='word_1_212' title='bbox 2001 3859 2041 3930; x_wconf 93' lang='lat' dir='ltr'>de</span> 
     </span>
     <span class='ocr_line' id='line_1_27' title="bbox 481 3983 2040 4077; baseline -0.006 -19"><span class='ocrx_word' id='word_1_213' title='bbox 481 3989 587 4059; x_wconf 91' lang='lat' dir='ltr'>armis</span> <span class='ocrx_word' id='word_1_214' title='bbox 616 3987 928 4077; x_wconf 84' lang='lat' dir='ltr'>Accipitrum,</span> <span class='ocrx_word' id='word_1_215' title='bbox 957 3986 992 4056; x_wconf 92' lang='lat' dir='ltr'>in</span> <span class='ocrx_word' id='word_1_216' title='bbox 1017 4006 1085 4076; x_wconf 88' lang='lat' dir='ltr'>qua</span> <span class='ocrx_word' id='word_1_217' title='bbox 1102 3990 1186 4059; x_wconf 90' lang='lat' dir='ltr'>sunt</span> <span class='ocrx_word' id='word_1_218' title='bbox 1211 3986 1304 4057; x_wconf 91' lang='lat' dir='ltr'>lanei</span> <span class='ocrx_word' id='word_1_219' title='bbox 1330 3986 1575 4075; x_wconf 70' lang='lat' dir='ltr'>cmethonales</span> <span class='ocrx_word' id='word_1_220' title='bbox 1602 3984 1646 4057; x_wconf 94' lang='lat' dir='ltr'>de</span> <span class='ocrx_word' id='word_1_221' title='bbox 1673 3987 1797 4077; x_wconf 87' lang='lat' dir='ltr'>quibus</span> <span class='ocrx_word' id='word_1_222' title='bbox 1826 3988 1982 4059; x_wconf 87' lang='lat' dir='ltr'>solvitur</span> <span class='ocrx_word' id='word_1_223' title='bbox 2006 3983 2040 4051; x_wconf 94' lang='lat' dir='ltr'>et</span> 
     </span>
     <span class='ocr_line' id='line_1_28' title="bbox 482 4102 2039 4197; baseline -0.005 -19"><span class='ocrx_word' id='word_1_224' title='bbox 482 4106 687 4179; x_wconf 88' lang='lat' dir='ltr'>conducitur</span> <span class='ocrx_word' id='word_1_225' title='bbox 724 4105 858 4178; x_wconf 89' lang='lat' dir='ltr'>decima</span> <span class='ocrx_word' id='word_1_226' title='bbox 892 4106 1119 4197; x_wconf 90' lang='lat' dir='ltr'>manipularis</span> <span class='ocrx_word' id='word_1_227' title='bbox 1154 4112 1191 4177; x_wconf 91' lang='lat' dir='ltr'>et</span> <span class='ocrx_word' id='word_1_228' title='bbox 1222 4105 1398 4195; x_wconf 89' lang='lat' dir='ltr'>canapalis</span> <span class='ocrx_word' id='word_1_229' title='bbox 1433 4125 1498 4193; x_wconf 90' lang='lat' dir='ltr'>pro</span> <span class='ocrx_word' id='word_1_230' title='bbox 1524 4106 1639 4177; x_wconf 89' lang='lat' dir='ltr'>media</span> <span class='ocrx_word' id='word_1_231' title='bbox 1673 4112 1774 4197; x_wconf 88' lang='lat' dir='ltr'>parte</span> <span class='ocrx_word' id='word_1_232' title='bbox 1808 4107 1980 4179; x_wconf 88' lang='lat' dir='ltr'>ecclesiae</span> <span class='ocrx_word' id='word_1_233' title='bbox 2004 4102 2039 4171; x_wconf 91' lang='lat' dir='ltr'>in</span> 
     </span>
     <span class='ocr_line' id='line_1_29' title="bbox 481 4224 2038 4319; baseline -0.004 -19"><span class='ocrx_word' id='word_1_234' title='bbox 481 4228 860 4318; x_wconf 87' lang='lat' dir='ltr'>Krczanczycze,</span> <span class='ocrx_word' id='word_1_235' title='bbox 887 4232 923 4297; x_wconf 92' lang='lat' dir='ltr'>et</span> <span class='ocrx_word' id='word_1_236' title='bbox 940 4248 1004 4317; x_wconf 92' lang='lat' dir='ltr'>pro</span> <span class='ocrx_word' id='word_1_237' title='bbox 1024 4226 1093 4297; x_wconf 89' lang='lat' dir='ltr'>alia</span> <span class='ocrx_word' id='word_1_238' title='bbox 1106 4233 1208 4317; x_wconf 90' lang='lat' dir='ltr'>parte</span> <span class='ocrx_word' id='word_1_239' title='bbox 1227 4226 1341 4297; x_wconf 90' lang='lat' dir='ltr'>media</span> <span class='ocrx_word' id='word_1_240' title='bbox 1358 4224 1524 4297; x_wconf 88' lang='lat' dir='ltr'>ecclesiae</span> <span class='ocrx_word' id='word_1_241' title='bbox 1542 4232 1578 4297; x_wconf 92' lang='lat' dir='ltr'>et</span> <span class='ocrx_word' id='word_1_242' title='bbox 1595 4228 1671 4299; x_wconf 90' lang='lat' dir='ltr'>eius</span> <span class='ocrx_word' id='word_1_243' title='bbox 1696 4228 1844 4319; x_wconf 87' lang='lat' dir='ltr'>plebano</span> <span class='ocrx_word' id='word_1_244' title='bbox 1871 4229 1910 4300; x_wconf 93' lang='lat' dir='ltr'>in</span> <span class='ocrx_word' id='word_1_245' title='bbox 1938 4226 2038 4299; x_wconf 85' lang='lat' dir='ltr'>San·</span> 
     </span>
     <span class='ocr_line' id='line_1_30' title="bbox 482 4347 2039 4442; baseline -0.005 -20"><span class='ocrx_word' id='word_1_246' title='bbox 482 4350 709 4442; x_wconf 84' lang='lat' dir='ltr'>dzyschow,</span> <span class='ocrx_word' id='word_1_247' title='bbox 736 4348 832 4419; x_wconf 89' lang='lat' dir='ltr'>cuius</span> <span class='ocrx_word' id='word_1_248' title='bbox 857 4348 956 4420; x_wconf 86' lang='lat' dir='ltr'>valor</span> <span class='ocrx_word' id='word_1_249' title='bbox 978 4349 1184 4420; x_wconf 89' lang='lat' dir='ltr'>aestimatur</span> <span class='ocrx_word' id='word_1_250' title='bbox 1202 4348 1246 4419; x_wconf 90' lang='lat' dir='ltr'>ad</span> <span class='ocrx_word' id='word_1_251' title='bbox 1265 4400 1379 4418; x_wconf 91' lang='grc'><strong>.....</strong></span> <span class='ocrx_word' id='word_1_252' title='bbox 1397 4347 1485 4419; x_wconf 92' lang='lat' dir='ltr'>Item</span> <span class='ocrx_word' id='word_1_253' title='bbox 1504 4348 1650 4422; x_wconf 86' lang='lat' dir='ltr'>ecclesia</span> <span class='ocrx_word' id='word_1_254' title='bbox 1675 4354 1712 4422; x_wconf 89' lang='lat' dir='ltr'>et</span> <span class='ocrx_word' id='word_1_255' title='bbox 1737 4350 1907 4441; x_wconf 87' lang='lat' dir='ltr'>plebanus</span> <span class='ocrx_word' id='word_1_256' title='bbox 1934 4347 2039 4421; x_wconf 86' lang='lat' dir='ltr'>habet</span> 
     </span>
     <span class='ocr_line' id='line_1_31' title="bbox 482 4470 1620 4563; baseline -0.004 -18"><span class='ocrx_word' id='word_1_257' title='bbox 482 4473 530 4545; x_wconf 92' lang='lat' dir='ltr'>ibi</span> <span class='ocrx_word' id='word_1_258' title='bbox 557 4470 718 4563; x_wconf 86' lang='lat' dir='ltr'>proprios</span> <span class='ocrx_word' id='word_1_259' title='bbox 745 4490 849 4560; x_wconf 82' lang='lat' dir='ltr'>agros</span> <span class='ocrx_word' id='word_1_260' title='bbox 876 4475 911 4541; x_wconf 91' lang='lat' dir='ltr'>et</span> <span class='ocrx_word' id='word_1_261' title='bbox 937 4474 1040 4560; x_wconf 89' lang='lat' dir='ltr'>prata</span> <span class='ocrx_word' id='word_1_262' title='bbox 1066 4491 1130 4561; x_wconf 91' lang='lat' dir='ltr'>pro</span> <span class='ocrx_word' id='word_1_263' title='bbox 1158 4492 1221 4541; x_wconf 88' lang='lat' dir='ltr'>suo</span> <span class='ocrx_word' id='word_1_264' title='bbox 1249 4490 1313 4542; x_wconf 86' lang='lat' dir='ltr'>usu</span> <span class='ocrx_word' id='word_1_265' title='bbox 1340 4475 1378 4541; x_wconf 91' lang='lat' dir='ltr'>et</span> <span class='ocrx_word' id='word_1_266' title='bbox 1403 4471 1620 4542; x_wconf 89' lang='lat' dir='ltr'>necessitate.</span> 
     </span>
    </p>

    <p class='ocr_par' dir='ltr' id='par_1_11' title="bbox 479 4588 2037 5273">
     <span class='ocr_line' id='line_1_32' title="bbox 582 4588 2037 4685; baseline -0.005 -20"><span class='ocrx_word' id='word_1_267' title='bbox 582 4594 770 4683; x_wconf 84' lang='lat' dir='ltr'>Duscnuo,</span> <span class='ocrx_word' id='word_1_268' title='bbox 797 4590 881 4663; x_wconf 87' lang='lat' dir='ltr'>villa</span> <span class='ocrx_word' id='word_1_269' title='bbox 909 4592 973 4663; x_wconf 88' lang='lat' dir='ltr'>sub</span> <span class='ocrx_word' id='word_1_270' title='bbox 1002 4591 1168 4683; x_wconf 88' lang='lat' dir='ltr'>parochia</span> <span class='ocrx_word' id='word_1_271' title='bbox 1193 4591 1358 4662; x_wconf 88' lang='lat' dir='ltr'>ecclesiae</span> <span class='ocrx_word' id='word_1_272' title='bbox 1386 4590 1429 4663; x_wconf 94' lang='lat' dir='ltr'>de</span> <span class='ocrx_word' id='word_1_273' title='bbox 1455 4590 1798 4664; x_wconf 89' lang='lat' dir='ltr'>Krczanczicze</span> <span class='ocrx_word' id='word_1_274' title='bbox 1824 4592 1914 4685; x_wconf 86' lang='lat' dir='ltr'>sita,</span> <span class='ocrx_word' id='word_1_275' title='bbox 1943 4588 2037 4665; x_wconf 87' lang='lat' dir='ltr'>cuius</span> 
     </span>
     <span class='ocr_line' id='line_1_33' title="bbox 479 4712 2035 4809; baseline -0.003 -21"><span class='ocrx_word' id='word_1_276' title='bbox 479 4716 677 4809; x_wconf 87' lang='lat' dir='ltr'>proprietas</span> <span class='ocrx_word' id='word_1_277' title='bbox 705 4714 750 4787; x_wconf 90' lang='lat' dir='ltr'>ad</span> <span class='ocrx_word' id='word_1_278' title='bbox 776 4713 945 4795; x_wconf 84' lang='lat' dir='ltr'>Jacobum</span> <span class='ocrx_word' id='word_1_279' title='bbox 972 4713 1015 4785; x_wconf 92' lang='lat' dir='ltr'>de</span> <span class='ocrx_word' id='word_1_280' title='bbox 1033 4712 1395 4807; x_wconf 84' lang='lat' dir='ltr'>Konyeczpolye</span> <span class='ocrx_word' id='word_1_281' title='bbox 1421 4712 1583 4805; x_wconf 82' lang='lat' dir='ltr'>pertinet,</span> <span class='ocrx_word' id='word_1_282' title='bbox 1610 4713 1654 4785; x_wconf 91' lang='lat' dir='ltr'>de</span> <span class='ocrx_word' id='word_1_283' title='bbox 1680 4714 1786 4787; x_wconf 88' lang='lat' dir='ltr'>armis</span> <span class='ocrx_word' id='word_1_284' title='bbox 1812 4713 2035 4797; x_wconf 85' lang='lat' dir='ltr'>Pobodze,</span> 
     </span>
     <span class='ocr_line' id='line_1_34' title="bbox 480 4834 2034 4931; baseline -0.003 -22"><span class='ocrx_word' id='word_1_285' title='bbox 480 4858 544 4929; x_wconf 88' lang='lat' dir='ltr'>pro</span> <span class='ocrx_word' id='word_1_286' title='bbox 572 4858 642 4909; x_wconf 91' lang='lat' dir='ltr'>una</span> <span class='ocrx_word' id='word_1_287' title='bbox 668 4836 863 4928; x_wconf 86' lang='lat' dir='ltr'>medietate,</span> <span class='ocrx_word' id='word_1_288' title='bbox 891 4856 955 4927; x_wconf 92' lang='lat' dir='ltr'>pro</span> <span class='ocrx_word' id='word_1_289' title='bbox 983 4834 1095 4907; x_wconf 89' lang='lat' dir='ltr'>altera</span> <span class='ocrx_word' id='word_1_290' title='bbox 1116 4857 1201 4908; x_wconf 88' lang='lat' dir='ltr'>vero</span> <span class='ocrx_word' id='word_1_291' title='bbox 1219 4836 1354 4925; x_wconf 92' lang='lat' dir='ltr'>minori,</span> <span class='ocrx_word' id='word_1_292' title='bbox 1382 4835 1427 4907; x_wconf 92' lang='lat' dir='ltr'>ad</span> <span class='ocrx_word' id='word_1_293' title='bbox 1444 4834 1589 4907; x_wconf 88' lang='lat' dir='ltr'>Kulam</span> <span class='ocrx_word' id='word_1_294' title='bbox 1615 4835 1811 4927; x_wconf 84' lang='lat' dir='ltr'>praelatum</span> <span class='ocrx_word' id='word_1_295' title='bbox 1838 4837 2034 4931; x_wconf 78' lang='lat' dir='ltr'>proprietas</span> 
     </span>
     <span class='ocr_line' id='line_1_35' title="bbox 479 4957 2036 5050; baseline -0.004 -20"><span class='ocrx_word' id='word_1_296' title='bbox 479 4960 583 5031; x_wconf 85' lang='lat' dir='ltr'>villae</span> <span class='ocrx_word' id='word_1_297' title='bbox 610 4960 781 5050; x_wconf 86' lang='lat' dir='ltr'>pertinet,</span> <span class='ocrx_word' id='word_1_298' title='bbox 818 4959 854 5030; x_wconf 93' lang='lat' dir='ltr'>in</span> <span class='ocrx_word' id='word_1_299' title='bbox 883 4979 951 5049; x_wconf 89' lang='lat' dir='ltr'>qua</span> <span class='ocrx_word' id='word_1_300' title='bbox 978 4963 1059 5030; x_wconf 91' lang='lat' dir='ltr'>sunt</span> <span class='ocrx_word' id='word_1_301' title='bbox 1086 4957 1266 5030; x_wconf 91' lang='lat' dir='ltr'>duodecim</span> <span class='ocrx_word' id='word_1_302' title='bbox 1293 4958 1385 5030; x_wconf 91' lang='lat' dir='ltr'>lanei</span> <span class='ocrx_word' id='word_1_303' title='bbox 1411 4958 1664 5049; x_wconf 83' lang='lat' dir='ltr'>cmethonales,</span> <span class='ocrx_word' id='word_1_304' title='bbox 1692 4960 1773 5029; x_wconf 87' lang='lat' dir='ltr'>item</span> <span class='ocrx_word' id='word_1_305' title='bbox 1800 4959 1890 5032; x_wconf 90' lang='lat' dir='ltr'>duae</span> <span class='ocrx_word' id='word_1_306' title='bbox 1916 4962 2036 5032; x_wconf 88' lang='lat' dir='ltr'>hortu·</span> 
     </span>
     <span class='ocr_line' id='line_1_36' title="bbox 479 5072 2034 5172; baseline -0.001 -23"><span class='ocrx_word' id='word_1_307' title='bbox 479 5079 611 5169; x_wconf 90' lang='lat' dir='ltr'>laniae,</span> <span class='ocrx_word' id='word_1_308' title='bbox 648 5080 691 5151; x_wconf 89' lang='lat' dir='ltr'>de</span> <span class='ocrx_word' id='word_1_309' title='bbox 720 5080 844 5171; x_wconf 89' lang='lat' dir='ltr'>quibus</span> <span class='ocrx_word' id='word_1_310' title='bbox 880 5078 1014 5151; x_wconf 89' lang='lat' dir='ltr'>decima</span> <span class='ocrx_word' id='word_1_311' title='bbox 1048 5080 1195 5152; x_wconf 86' lang='lat' dir='ltr'>solvitur</span> <span class='ocrx_word' id='word_1_312' title='bbox 1222 5085 1259 5152; x_wconf 86' lang='lat' dir='ltr'>et</span> <span class='ocrx_word' id='word_1_313' title='bbox 1285 5078 1490 5151; x_wconf 91' lang='lat' dir='ltr'>conducitur</span> <span class='ocrx_word' id='word_1_314' title='bbox 1516 5100 1580 5169; x_wconf 93' lang='lat' dir='ltr'>pro</span> <span class='ocrx_word' id='word_1_315' title='bbox 1607 5079 1769 5172; x_wconf 91' lang='lat' dir='ltr'>episcopo</span> <span class='ocrx_word' id='word_1_316' title='bbox 1805 5072 2034 5163; x_wconf 79' lang='lat' dir='ltr'>uracoviensi,</span> 
     </span>
     <span class='ocr_line' id='line_1_37' title="bbox 482 5199 1485 5273; baseline 0.001 -2"><span class='ocrx_word' id='word_1_317' title='bbox 482 5205 518 5271; x_wconf 88' lang='lat' dir='ltr'>et</span> <span class='ocrx_word' id='word_1_318' title='bbox 544 5200 643 5273; x_wconf 86' lang='lat' dir='ltr'>valor</span> <span class='ocrx_word' id='word_1_319' title='bbox 670 5201 745 5273; x_wconf 88' lang='lat' dir='ltr'>eius</span> <span class='ocrx_word' id='word_1_320' title='bbox 772 5200 977 5273; x_wconf 87' lang='lat' dir='ltr'>aestimatur</span> <span class='ocrx_word' id='word_1_321' title='bbox 1003 5199 1047 5273; x_wconf 87' lang='lat' dir='ltr'>ud</span> <span class='ocrx_word' id='word_1_322' title='bbox 1066 5256 1208 5272; x_wconf 94' lang='grc'><strong>......</strong></span> <span class='ocrx_word' id='word_1_323' title='bbox 1482 5218 1485 5228; x_wconf 77' lang='grc'><em>“</em></span> 
     </span>
    </p>

    <p class='ocr_par' dir='ltr' id='par_1_12' title="bbox 478 5318 2034 5784">
     <span class='ocr_line' id='line_1_38' title="bbox 582 5318 2032 5416; baseline -0.002 -26"><span class='ocrx_word' id='word_1_324' title='bbox 582 5320 741 5413; x_wconf 86' lang='lat' dir='ltr'>Bonow,</span> <span class='ocrx_word' id='word_1_325' title='bbox 765 5321 848 5393; x_wconf 88' lang='lat' dir='ltr'>villa</span> <span class='ocrx_word' id='word_1_326' title='bbox 874 5323 939 5395; x_wconf 91' lang='lat' dir='ltr'>sub</span> <span class='ocrx_word' id='word_1_327' title='bbox 953 5323 1172 5414; x_wconf 90' lang='lat' dir='ltr'>parochiade</span> <span class='ocrx_word' id='word_1_328' title='bbox 1186 5322 1509 5416; x_wconf 83' lang='lat' dir='ltr'>Krczanczyce</span> <span class='ocrx_word' id='word_1_329' title='bbox 1535 5322 1621 5414; x_wconf 88' lang='lat' dir='ltr'>sita,</span> <span class='ocrx_word' id='word_1_330' title='bbox 1640 5322 1736 5396; x_wconf 89' lang='lat' dir='ltr'>cuius</span> <span class='ocrx_word' id='word_1_331' title='bbox 1755 5322 1922 5395; x_wconf 89' lang='lat' dir='ltr'>haeredes</span> <span class='ocrx_word' id='word_1_332' title='bbox 1937 5318 2032 5395; x_wconf 90' lang='lat' dir='ltr'>nobi·</span> 
     </span>
     <span class='ocr_line' id='line_1_39' title="bbox 478 5440 2034 5547; baseline 0.002 -36"><span class='ocrx_word' id='word_1_333' title='bbox 478 5440 529 5511; x_wconf 89' lang='lat' dir='ltr'>les</span> <span class='ocrx_word' id='word_1_334' title='bbox 548 5494 579 5547; x_wconf 69' lang='lat'>3.</span> <span class='ocrx_word' id='word_1_335' title='bbox 598 5494 623 5529; x_wconf 93' lang='lat'>.,</span> <span class='ocrx_word' id='word_1_336' title='bbox 650 5442 686 5511; x_wconf 93' lang='lat' dir='ltr'>in</span> <span class='ocrx_word' id='word_1_337' title='bbox 701 5464 769 5533; x_wconf 90' lang='lat' dir='ltr'>qua</span> <span class='ocrx_word' id='word_1_338' title='bbox 786 5448 869 5515; x_wconf 88' lang='lat' dir='ltr'>sunt</span> <span class='ocrx_word' id='word_1_339' title='bbox 886 5444 976 5515; x_wconf 88' lang='lat' dir='ltr'>lanei</span> <span class='ocrx_word' id='word_1_340' title='bbox 995 5445 1246 5536; x_wconf 90' lang='lat' dir='ltr'>cmethonales,</span> <span class='ocrx_word' id='word_1_341' title='bbox 1266 5446 1448 5536; x_wconf 88' lang='lat' dir='ltr'>dequibus</span> <span class='ocrx_word' id='word_1_342' title='bbox 1471 5445 1619 5519; x_wconf 89' lang='lat' dir='ltr'>solvitur</span> <span class='ocrx_word' id='word_1_343' title='bbox 1633 5451 1669 5517; x_wconf 90' lang='lat' dir='ltr'>et</span> <span class='ocrx_word' id='word_1_344' title='bbox 1683 5444 1887 5518; x_wconf 91' lang='lat' dir='ltr'>conducitur</span> <span class='ocrx_word' id='word_1_345' title='bbox 1904 5444 2034 5518; x_wconf 84' lang='lat' dir='ltr'>decima</span> 
     </span>
     <span class='ocr_line' id='line_1_40' title="bbox 478 5560 2032 5659; baseline -0.001 -27"><span class='ocrx_word' id='word_1_346' title='bbox 478 5560 705 5651; x_wconf 88' lang='lat' dir='ltr'>manipularis</span> <span class='ocrx_word' id='word_1_347' title='bbox 719 5569 755 5633; x_wconf 89' lang='lat' dir='ltr'>et</span> <span class='ocrx_word' id='word_1_348' title='bbox 768 5565 943 5654; x_wconf 82' lang='lat' dir='ltr'>carrapalis</span> <span class='ocrx_word' id='word_1_349' title='bbox 962 5586 1026 5656; x_wconf 92' lang='lat' dir='ltr'>pro</span> <span class='ocrx_word' id='word_1_350' title='bbox 1044 5587 1115 5639; x_wconf 90' lang='lat' dir='ltr'>una</span> <span class='ocrx_word' id='word_1_351' title='bbox 1132 5572 1234 5657; x_wconf 89' lang='lat' dir='ltr'>parte</span> <span class='ocrx_word' id='word_1_352' title='bbox 1248 5567 1414 5638; x_wconf 83' lang='lat' dir='ltr'>ecclesiae</span> <span class='ocrx_word' id='word_1_353' title='bbox 1441 5567 1476 5638; x_wconf 93' lang='lat' dir='ltr'>in</span> <span class='ocrx_word' id='word_1_354' title='bbox 1494 5567 1831 5659; x_wconf 82' lang='lat' dir='ltr'>Krczanczyce‚</span> <span class='ocrx_word' id='word_1_355' title='bbox 1845 5590 1910 5659; x_wconf 91' lang='lat' dir='ltr'>pro</span> <span class='ocrx_word' id='word_1_356' title='bbox 1923 5568 2032 5639; x_wconf 83' lang='lat' dir='ltr'>altera</span> 
     </span>
     <span class='ocr_line' id='line_1_41' title="bbox 479 5682 2031 5784; baseline 0.004 -27"><span class='ocrx_word' id='word_1_357' title='bbox 479 5704 561 5757; x_wconf 86' lang='lat' dir='ltr'>vero</span> <span class='ocrx_word' id='word_1_358' title='bbox 589 5682 775 5760; x_wconf 84' lang='lat' dir='ltr'>medietate</span> <span class='ocrx_word' id='word_1_359' title='bbox 796 5687 1007 5761; x_wconf 87' lang='lat' dir='ltr'>monasterio</span> <span class='ocrx_word' id='word_1_360' title='bbox 1028 5686 1334 5784; x_wconf 82' lang='lat' dir='ltr'>Andrzeyoviensi,</span> <span class='ocrx_word' id='word_1_361' title='bbox 1362 5688 1459 5761; x_wconf 86' lang='lat' dir='ltr'>cuius</span> <span class='ocrx_word' id='word_1_362' title='bbox 1484 5689 1582 5761; x_wconf 82' lang='lat' dir='ltr'>valor</span> <span class='ocrx_word' id='word_1_363' title='bbox 1609 5690 1813 5763; x_wconf 87' lang='lat' dir='ltr'>aestimatur</span> <span class='ocrx_word' id='word_1_364' title='bbox 1831 5688 1875 5762; x_wconf 90' lang='lat' dir='ltr'>ad</span> <span class='ocrx_word' id='word_1_365' title='bbox 1893 5734 2031 5761; x_wconf 82' lang='lat'><strong>......</strong></span> 
     </span>
    </p>
   </div>
   <div class='ocr_carea' id='block_1_6' title="bbox 0 0 2280 6600">
    <p class='ocr_par' dir='ltr' id='par_1_13' title="bbox 0 0 2280 6600">
     <span class='ocr_line' id='line_1_42' title="bbox 0 0 2280 6600; baseline 0 0"><span class='ocrx_word' id='word_1_366' title='bbox 0 0 2280 6600; x_wconf 95' lang='lat' dir='ltr'> </span> 
     </span>
    </p>
   </div>
  </div>
 </body>
</html>
