4550 6600
1748 787 1854 857 57·

350 985 628 1076 Mrcnanowrm,
656 985 739 1057 villa
765 985 829 1056 sub
855 986 1022 1074 parochia
1048 985 1089 1057 de
1116 985 1140 1056 J
1150 988 1352 1076 angroth
1379 988 1457 1077 sita,
1484 989 1582 1059 cuius
1600 992 1796 1079 proprietas

246 1105 292 1176 ad
318 1107 555 1196 episcopatum
581 1106 845 1177 GracovIensem
870 1107 1032 1197 pertinet,
1057 1108 1094 1176 in
1121 1128 1190 1196 qua
1216 1114 1298 1178 sunt
1324 1109 1517 1196 quindecim
1535 1109 1628 1178 lanei
1645 1112 1796 1182 cmetho-

247 1227 352 1317 nales,
379 1228 463 1297 item
490 1247 561 1297 una
586 1227 744 1315 taberna,
770 1227 902 1297 habens
929 1247 1044 1317 agroS,
1072 1227 1114 1296 de
1142 1227 1267 1316 quibus
1294 1229 1452 1299 omnibus
1479 1229 1626 1300 soluitur
1652 1235 1690 1300 et
1715 1250 1796 1301 con-

248 1345 386 1416 ducitur
413 1346 547 1417 decIma
571 1346 795 1436 manipularis
823 1351 858 1416 et
885 1347 1060 1436 canapalis
1087 1367 1151 1436 pro
1178 1348 1339 1436 episcopo
1367 1348 1609 1438 Gracoriensi,
1636 1354 1673 1420 ct
1698 1351 1797 1420 valor

247 1467 322 1537 eius
349 1467 553 1537 aestimatur
587 1467 631 1536 ad
658 1466 779 1536 decem*
799 1485 944 1536 marcas.
970 1467 1059 1537 Item
1086 1466 1233 1556 quilibet
1259 1468 1394 1538 emetha
1421 1456 1464 1538 de
1480 1469 1591 1553 ⁴laneo
1618 1475 1655 1538 et
1680 1470 1797 1541 taber-

199 1643 201 1648 .
246 1591 350 1657 nator
376 1587 419 1657 de
446 1607 531 1676 agro
557 1590 694 1656 tenetur
714 1586 854 1656 ratione
872 1583 1025 1655 masclae
1043 1587 1209 1658 ecclesiae
1228 1587 1264 1657 in
1281 1587 1305 1658 J
1314 1589 1514 1677 angroth
1540 1589 1675 1660 solvere
1692 1593 1797 1659 unam

247 1727 445 1777 mensuram
471 1726 600 1777 avenae
627 1711 663 1775 et
689 1705 845 1808 siligIniS,
872 1725 1055 1777 mensurae
1082 1707 1348 1778 Illcuschiensis.

337 1825 600 1928 framearum,
628 1825 710 1895 villa
744 1826 808 1896 sub
835 1827 1001 1915 parochia
1028 1827 1071 1897 de
1097 1825 1121 1896 J
1130 1829 1335 1916 angroth
1362 1829 1448 1918 sita,
1476 1829 1573 1899 cuius
1600 1830 1797 1919 proprietas

96 1942 103 1954 “
244 1946 289 2014 ad
316 1945 563 2016 monasterium
588 1945 893 2016 Immramoviense
920 1946 1052 2017 ordinis
1078 1949 1472 2046 praemonstratensium
1489 1951 1653 2040 pertinet,
1672 1951 1708 2020 In
1728 1971 1797 2042 qua

244 2069 325 2134 sunt
352 2063 531 2135 duodecIm
557 2065 648 2134 lanei
675 2065 918 2156 cmethonales,
946 2067 1030 2137 item
1056 2087 1126 2137 una
1150 2067 1304 2156 taberna,
1323 2068 1456 2139 habens
1474 2089 1587 2158 agros,
1606 2070 1650 2140 de
1669 2070 1795 2158 quibus

108 2221 115 2230 -
245 2183 392 2254 solvitur
417 2191 453 2255 et
479 2185 684 2256 conducitur
709 2185 842 2257 decima
866 2187 1092 2276 manipularis
1119 2191 1156 2256 et
1182 2187 1359 2276 canapalis
1385 2209 1449 2277 pro
1475 2188 1596 2258 eodem
1622 2195 1797 2260 monaste-

245 2305 297 2374 rio
324 2304 594 2395 Imramuviensi,
621 2311 657 2377 et
683 2307 782 2378 valor
809 2308 883 2378 eius
910 2307 954 2377 ad
982 2311 1059 2377 octo
1086 2326 1228 2376 marcas.
1254 2307 1344 2377 Item
1370 2307 1530 2378 scoltetia
1548 2314 1602 2378 est
1619 2309 1655 2377 in
1674 2308 1795 2378 cadem

245 2425 337 2515 villa,
363 2425 496 2496 habens
523 2407 621 2497 duos
636 2427 754 2498 laneos
780 2428 941 2518 proprios
968 2433 1004 2497 et
1029 2427 1169 2516 liberos,
1196 2427 1239 2498 de
1267 2429 1392 2518 quibus
1418 2428 1551 2498 decima
1568 2428 1795 2517 manipularis

246 2546 393 2637 soluitur
427 2547 593 2617 ecclesiae
628 2549 820 2637 parochiali
847 2554 884 2618 et
910 2549 984 2620 eius
1011 2547 1159 2636 plebano
1185 2548 1223 2618 in
1249 2547 1272 2618 J
1281 2549 1500 2638 angroth,
1528 2554 1565 2618 et
1590 2549 1690 2618 valor
1718 2549 1794 2620 eius

245 2667 446 2736 aestimatur
473 2667 518 2736 ad
545 2667 631 2738 duas
658 2688 802 2738 marcas.
828 2668 917 2739 Item
944 2668 1125 2758 praedium
1153 2668 1361 2757 coenobiale,
1388 2689 1479 2738 nunc
1504 2669 1664 2758 militare,
1685 2671 1795 2740 ostiu

244 2786 364 2856 eadem
391 2787 492 2876 villa,
520 2793 555 2856 et
581 2792 663 2858 sunt
688 2787 926 2878 hortulaniae,
954 2789 997 2858 de
1025 2789 1149 2878 quibus
1177 2788 1310 2859 decima
1334 2788 1560 2877 manipularis
1587 2789 1734 2858 solvitur
1760 2796 1797 2858 et

244 2907 447 2978 conducitur
474 2907 640 2978 ecclesiae
665 2909 701 2978 in
728 2907 752 2978 J
762 2909 971 2997 angroth.
998 2909 1087 2978 Item
1114 2909 1313 2979 cmethones
1340 2909 1444 2979 villae
1460 2907 1639 2997 praefatae
1657 2908 1797 2978 solnmt

243 3047 307 3116 pro
342 3027 487 3098 ecclesia
522 3029 558 3098 in
593 3027 617 3098 J
626 3029 825 3117 angroth
859 3029 1148 3099 columbationem
1183 3035 1220 3098 et
1254 3029 1434 3099 denarium
1469 3028 1588 3099 Sancti
1623 3028 1720 3097 Petri
1756 3048 1798 3098 ac

243 3167 439 3219 mensuram
466 3167 605 3238 avenae,
631 3153 668 3220 et
694 3169 799 3219 unum
825 3169 985 3237 grossum
1012 3149 1055 3219 de
1082 3149 1237 3238 quohbet
1262 3149 1374 3220 laneo.

488 3338 490 3341 .
901 3267 1149 3345 Gonnczowr.

347 3388 452 3480 Villa,
477 3390 608 3461 habens
635 3390 671 3459 in
699 3410 736 3461 se
762 3390 993 3479 parochialem
1021 3390 1220 3479 ecclesiam,
1247 3391 1378 3461 Beatae
1403 3390 1539 3462 Mariae
1566 3390 1797 3481 Magdalenae
1883 3408 1887 3415 ·

246 3510 413 3599 dicatam,
441 3532 463 3580 a
488 3510 608 3581 onne
644 3509 864 3581 Gracoviensi
892 3512 1053 3601 episcopo
1080 3510 1259 3581 fundatam
1287 3517 1323 3581 et
1350 3511 1524 3601 dotatam,
1553 3533 1655 3601 quam
1683 3511 1725 3581 A.
1752 3513 1793 3582 Ι).

249 3632 347 3702 1430
374 3631 541 3720 magister
566 3630 695 3701 Paulus
723 3630 765 3721 de
792 3630 964 3701 Zathor
998 3631 1215 3702 decretorum
1243 3631 1366 3701 doctor
1383 3632 1568 3702 canonicus
1586 3631 1794 3702 Gracovieu-

243 3752 302 3841 sia,
328 3757 411 3822 tunc
437 3750 590 3823 eiusdem
617 3751 780 3821 ecclesIae
807 3752 985 3840 plebanuS,
1012 3772 1034 3821 a
1059 3752 1181 3839 primis
1207 3750 1439 3820 fundamentis
1463 3752 1614 3839 initiam,
1632 3752 1668 3818 in
1687 3753 1796 3820 omni-

243 3872 308 3942 bus
345 3872 416 3942 suis
451 3872 609 3960 partibus
644 3870 760 3961 lapide
796 3872 875 3942 albo
900 3870 1104 3960 fabricavit,
1132 3877 1168 3940 et
1194 3870 1340 3958 pulchro
1367 3890 1471 3957 opere
1498 3869 1732 3958 confirmavit,
1760 3871 1796 3939 in

244 4012 313 4081 qua
348 3998 429 4063 sunt
463 3992 629 4063 tredecim
665 4012 742 4063 cum
778 3992 891 4062 medio
918 3992 1010 4061 lanei
1037 3990 1274 4061 cmethonales
1300 3995 1337 4060 et
1361 4010 1431 4060 una
1457 3990 1635 4080 scoltetia,
1662 3990 1795 4061 habens

243 4110 330 4183 duos
357 4112 484 4202 laneca,
511 4134 614 4183 unam
640 4114 821 4184 tabernam
849 4119 884 4183 et
912 4132 1015 4182 unam
1042 4112 1296 4200 hortulaniam3
1323 4112 1407 4181 item
1434 4116 1515 4181 sunt
1540 4111 1590 4181 ibi
1608 4110 1696 4181 duae
1714 4111 1797 4181 hcr-

243 4234 398 4305 tulaniae
425 4234 647 4324 epiScopales,
675 4234 717 4304 de
745 4234 869 4324 quibus
897 4234 1055 4304 omnibus
1082 4234 1231 4303 solvitur
1256 4237 1293 4302 et
1308 4232 1518 4302 ‘conducitur
1536 4232 1670 4302 decima
1687 4234 1797 4301 mani-

243 4354 376 4442 pularis
402 4360 439 4425 et
466 4332 641 4443 canapalis
668 4375 731 4443 pro
759 4354 904 4424 ecclesia
930 4360 965 4424 et
992 4354 1139 4443 plebano
1167 4354 1203 4423 in
1231 4351 1514 4442 Golaczowy,
1543 4357 1579 4422 et
1604 4352 1703 4423 valor
1721 4352 1796 4420 eins

243 4476 447 4545 aestimatur
473 4474 518 4545 ad
545 4474 739 4565 quindecim
764 4495 909 4545 marcas.
936 4475 1024 4544 Item
1051 4474 1196 4544 ecclesia
1223 4480 1259 4543 et
1284 4473 1453 4563 plebanus
1479 4474 1611 4543 habent
1639 4472 1686 4541 ibi
1706 4472 1797 4541 duos
1881 4524 1891 4535 .

241 4594 368 4689 laneos
396 4616 559 4685 agrorum
593 4596 722 4667 liberos
749 4601 785 4666 et
811 4602 912 4686 prata
936 4616 1000 4685 pro
1028 4616 1090 4666 suo
1117 4588 1261 4685 praedio
1288 4600 1325 4665 et
1346 4594 1567 4665 'necessitate
1606 4593 1696 4662 Item
1725 4614 1809 4673 non,

194 4703 202 4719 '
244 4721 299 4787 est
324 4716 504 4806 praedium
531 4717 566 4786 iu
594 4716 713 4786 eadem
741 4716 825 4787 villa
851 4717 1054 4806 episcopale.
1109 4721 1110 4725 ’

348 4836 489 4927 Ouarar,
516 4836 600 4907 villa
626 4838 691 4908 sub
717 4838 883 4927 parochIa
909 4837 952 4907 de
979 4834 1254 4926 Golaczouy
1282 4836 1364 4924 sita,
1403 4816 1725 4922 cuius'proprietaa
1753 4831 1798 4905 ad

244 4957 445 5048 episcopum
472 4956 735 5029 Cracoviensem
762 4959 932 5048 pertinet,
968 4958 1004 5027 In
1032 4978 1100 5047 qua
1128 4963 1210 5026 sunt
1244 4956 1336 5025 lanei
1363 4954 1596 5025 cmethonales
1633 4959 1799 5042 quatuor-

245 5078 366 5169 decim,
394 5078 436 5149 de
457 5079 582 5169 quibus
601 5080 760 5150 omnibus
787 5079 933 5149 solvitur
952 5084 988 5148 et
1007 5077 1211 5147 conducitur
1238 5076 1371 5146 decima
1396 5074 1623 5162 manipularis
1642 5079 1678 5143 et
1696 5094 1798 5144 cana-

243 5200 332 5289 palis
358 5220 422 5289 pro
449 5200 611 5289 episcopo
638 5199 869 5289 cracoviensi,
896 5205 932 5268 et
949 5200 1048 5269 valor
1066 5198 1140 5268 eius
1159 5198 1204 5270 ad
1222 5197 1401 5267 duodecim
1428 5214 1563 5264 marcas
1582 5196 1796 5264 aestimatur.

242 5319 333 5389 Item
360 5320 476 5390 estin
503 5318 745 5391 eadem'villa
775 5340 846 5390 una
882 5319 1058 5408 scoltetia,
1096 5339 1183 5408 quae
1218 5318 1326 5387 habet
1361 5316 1448 5386 duos
1484 5316 1604 5385 laneos
1631 5321 1667 5386 et
1691 5336 1797 5387 unam

243 5440 434 5531 tabernam,
462 5442 645 5513 habentem
674 5462 786 5531 agros,
814 5440 857 5510 de
884 5440 1008 5529 quibus
1027 5439 1161 5509 decima
1187 5438 1344 5508 solvitur.
1370 5437 1458 5507 Item
1478 5442 1532 5507 est
1550 5438 1598 5509 ibi
1617 5438 1796 5527 praedium

244 5560 449 5650 eplecopale,
478 5560 521 5631 de
548 5562 645 5632 cuius
673 5562 767 5650 agris
786 5613 956 5629 .......

349 5681 486 5772 Sucrrn,
513 5682 598 5754 villa
624 5683 688 5753 suh
715 5681 881 5771 parochia
907 5681 950 5751 de
977 5678 1255 5770 Golaczowy
1281 5678 1367 5771 sita,
1403 5679 1502 5749 cuius
1527 5679 1724 5770 proprietas
1751 5676 1796 5746 ad

348 5847 396 5889 Lib.
410 5850 508 5891 Benene.
526 5850 556 5889 Π.
887 5908 897 5919 ,
1158 5858 1168 5871 ⁸
1592 5820 1611 5877 8
