4550 6600
511 732 559 808 la

507 945 680 1033 militaria,
708 942 750 1014 de
778 941 902 1034 quibus
930 939 1121 1015 decimatur
1140 937 1304 1013 ecclesiae
1331 935 1368 1012 in
1395 935 1564 1032 Magna
1599 936 1803 1031 Ozaplc;
1835 935 1929 1011 item
1959 937 2087 1012 colum-

508 1065 683 1136 bationem
711 1063 859 1135 solvunt.

612 1184 759 1256 Canens
785 1184 924 1274 Minoa,
951 1185 1034 1256 villa
1063 1185 1127 1256 sub
1155 1185 1321 1274 parocbia
1348 1166 1520 1275 Gzaple
1546 1183 1714 1273 Magna
1741 1185 1830 1274 sita,
1874 1185 1981 1256 cuius
2008 1205 2082 1273 pro-

507 1307 639 1398 prietas
667 1306 710 1378 ad
738 1294 918 1378 ecclesiam
946 1304 1062 1376 Sancti
1090 1306 1246 1376 Floriani
1273 1307 1309 1376 in
1336 1305 1561 1396 Oleparz,
1593 1305 1764 1377 duntaxat
1794 1295 1849 1376 ad
1881 1307 2081 1376 emetbones

508 1429 670 1518 pertinet,
698 1429 733 1498 in
762 1449 830 1518 qua
856 1433 937 1498 sunt
964 1428 1109 1516 triginta
1127 1433 1164 1498 et
1183 1433 1332 1517 quatuor
1358 1428 1450 1498 lanei
1476 1429 1718 1517 cmetbonales,
1746 1429 1793 1498 de
1816 1430 1958 1518 quibus
1978 1428 2078 1497 omni-

508 1550 574 1620 bus
602 1551 748 1620 solvitur
775 1555 810 1620 11
837 1549 1040 1620 conducitur
1068 1550 1201 1619 decimo
1226 1550 1453 1638 manipularis
1480 1555 1516 1619 et
1543 1550 1721 1638 canapalis
1748 1571 1821 1638 pro
1854 1550 1971 1620 altari
1998 1547 2074 1619 Con-

510 1671 679 1760 ceptionis
706 1669 853 1742 Sanctae
880 1670 1015 1741 Mariae
1042 1671 1078 1740 in
1106 1669 1252 1740 ecclesia
1278 1669 1519 1760 Cracoviensi,
1559 1677 1595 1740 et
1622 1671 1721 1740 valor
1757 1672 1843 1741 eius
1875 1672 2073 1741 aestimatur

510 1791 555 1862 ad
581 1791 681 1862 XXX
707 1778 867 1880 maroas3
903 1792 985 1862 item
1014 1811 1082 1862 non
1110 1791 1253 1862 suntin
1281 1791 1401 1861 eadem
1429 1791 1513 1862 villa
1537 1792 1713 1880 tabernae,
1740 1813 1815 1862 non
1847 1792 2066 1862 1111111111-

509 1911 632 1983 laniae.
658 1913 744 1983 Item
774 1919 828 1984 est
855 1913 891 1982 in
919 1913 1039 1983 eadem
1066 1912 1150 1982 uilla
1177 1912 1355 2001 praedium
1383 1912 1538 1982 canonici
1566 1911 1683 1982 Sancti
1710 1911 1906 2002 Floriani,
1948 1912 2059 1999 dequo

509 2033 597 2103 nulli
632 2034 736 2105 soluit
771 2033 939 2104 decimam
975 2031 1243 2122 manipularem,
1279 2031 1341 2104 sed
1376 2053 1452 2103 eam
1487 2053 1552 2123 pro
1579 2053 1617 2104 se
1644 2032 1737 2104 tollit
1772 2038 1812 2104 et
1843 2034 1885 2104 in
1917 2034 2066 2104 borreum

511 2175 610 2226 suum
638 2155 854 2243 ducit3iten1
882 2154 1171 2224 columbationem
1199 2154 1347 2224 solvunt.

615 2274 841 2364 Szmuonou,
876 2275 960 2345 villa
986 2275 1050 2345 snb
1077 2275 1243 2364 parocbia
1269 2275 1434 2346 ecclesiae
1461 2275 1505 2346 de
1531 2272 1699 2364 Czaple
1735 2275 1828 2364 sita,
1870 2277 1975 2346 onius
2001 2293 2069 2363 pro

510 2395 644 2484 prietas'
669 2397 712 2466 ad
739 2397 987 2467 monasterium
1014 2395 1272 2466 bliecboviense
1298 2398 1458 2486 pertinet,
1485 2397 1522 2466 in
1550 2417 1618 2485 qua
1644 2402 1726 2467 sunt
1753 2397 1962 2468 octodecim
1989 2392 2069 2464 lanei

511 2517 760 2607 cmetbonales,
787 2517 871 2588 item
898 2517 1045 2592 taberna
1072 2537 1148 2607 una,
1176 2518 1308 2588 babens
1335 2539 1448 2607 agros
1476 2519 1559 2587 item
1585 2522 1658 2588 tres
1676 2517 1920 2607 hortulaniae,
1948 2516 2068 2587 baben·

509 2642 564 2707 tes
591 2659 702 2728 agros,
731 2637 773 2708 de
801 2639 924 2729 quibus
953 2639 1111 2709 omnibus
1141 2638 1288 2709 soluitur
1315 2645 1351 2709 ot
1378 2638 1583 2710 conducitur
1614 2638 1748 2709 decima
1773 2637 2016 2729 manipularis
2040 2638 2070 2702 et

511 2759 685 2848 canapalis
721 2780 785 2848 pro
813 2760 973 2849 episcopo
1011 2758 1253 2847 Cracoviensi,
1289 2765 1325 2830 et
1351 2759 1448 2829 valor
1484 2759 1629 2828 eiusad
1658 2759 1902 2849 quadraginta
1939 2773 2066 2829 marcas

468 2873 469 2877 ’
510 2881 723 2970 aestimatur,
750 2880 833 2950 item
861 2887 915 2950 est
942 2880 991 2950 ibi
1017 2879 1199 2968 praedium
1224 2899 1331 2948 unum
1359 2879 1567 2968 coenobiale,
1595 2879 1638 2950 (le
1665 2881 1763 2950 cuius
1790 2883 1895 2971 agris
1926 2877 2067 2950 solvitur

509 3001 641 3072 decima
668 3000 892 3088 manipularis
918 2999 1128 3070 monasterio
1157 2999 1193 3068 in
1219 2997 1404 3088 Mogyla
1431 2999 1562 3070 ordinis
1590 3000 1890 3091 Cisterciensium,
1920 3006 1958 3070 et
1977 2997 2066 3070 valor

509 3121 583 3197 eius
619 3121 824 3189 aestimatur
860 3118 904 3188 ad
932 3124 1080 3206 quatuor
1115 3137 1260 3187 marcas.
1303 3118 1391 3187 Item
1428 3125 1576 3208 quatuor
1611 3121 1702 3191 lanei
1738 3122 1937 3211 speciales,
1974 3135 2064 3188 secus

508 3238 689 3327 praedium
716 3238 878 3327 iacenter,
906 3237 948 3308 de
976 3239 1100 3329 quibus
1127 3239 1232 3309 etiam
1260 3239 1408 3311 soluitur
1435 3241 1567 3313 decima
1593 3242 1822 3331 manipularis
1851 3236 2063 3314 monasterio

510 3360 544 3429 in
572 3358 764 3447 Mugila,
801 3365 837 3428 et
861 3358 972 3430 ualor.
1002 3360 1075 3431 eius
1111 3360 1317 3430 aestimatur
1352 3362 1396 3431 ad
1424 3370 1573 3452 quatuor
1607 3384 1752 3433 marcas.
1796 3364 1893 3434 Item
1923 3340 2063 3452 quilibet

510 3479 552 3548 de
579 3479 679 3549 laneo
707 3480 811 3549 soluit
836 3501 899 3569 pro
927 3502 1059 3550 1111111
1085 3480 1171 3551 duos
1199 3481 1323 3551 choros
1360 3482 1506 3572 siliginis
1534 3490 1569 3554 et
1596 3485 1682 3555 duos
1714 3506 1848 3555 avenae
1879 3482 2060 3563 confertos,

509 3620 572 3689 pro
600 3600 744 3671 ecclesia
770 3600 806 3671 in
833 3600 1000 3690 Magna
1035 3601 1246 3692 Ozaplye.
1292 3602 1376 3673 Tres
1402 3606 1642 3677 tantummodo
1669 3607 1772 3677 villas
1800 3605 2059 3697 suprascriptas

508 3722 614 3795 habet
641 3722 785 3794 ecclesia
812 3724 847 3793 in
874 3722 1040 3813 Magna
1067 3722 1239 3813 Gzaple
1265 3725 1301 3795 in
1329 3747 1392 3796 sua
1418 3727 1592 3816 parocbia.

695 3834 697 3839 ’
1192 3845 1384 3917 1111111111.

611 3964 722 4055 Villa,
757 3966 889 4037 habens
916 3966 1149 4056 parochialem
1186 3966 1367 4037 ecclesiam
1393 3968 1430 4037 in
1456 3990 1503 4057 sc,
1529 3960 1725 4039 Natiuitati'
1750 3967 1902 4041 Sanctae
1931 3962 2059 4038 Mariae

509 4082 667 4172 dicatam,
694 4086 790 4155 cuius
817 4086 984 4173 plebanus
1011 4086 1164 4156 Jacobus
1191 4086 1304 4156 dictus
1341 4087 1549 4178 Nowina,
1585 4091 1683 4160 cuius
1718 4090 1890 4161 haeredes
1919 4087 2057 4159 Marcus

509 4208 546 4273 et
572 4202 736 4273 Nicolaus
762 4202 888 4275 fratres
916 4205 958 4275 de
985 4206 1091 4274 armis
1118 4206 1328 4295 Nowina,
1356 4207 1391 4276 iu
1420 4229 1487 4296 qua
1513 4215 1592 4279 sunt
1614 4211 1760 4299 triginta
1787 4212 1944 4301 quinque
1972 4200 2055 4276 lanei

509 4322 752 4413 cm'ethonales,
780 4324 862 4393 item
890 4324 957 4394 duo
984 4325 1128 4414 praedia
1154 4326 1330 4416 militaria,
1358 4327 1400 4397 de
1428 4330 1552 4417 quibus
1571 4332 1729 4402 omnibus
1757 4332 1909 4403 solvitur
1927 4335 1964 4400 et
1982 4344 2055 4395 con·

508 4444 647 4515 ducitur
673 4443 806 4514 decima
832 4444 1058 4534 manipularis
1086 4453 1122 4517 et
1141 4448 1316 4536 canapalis
1343 4449 1509 4520 ecclesiae
1537 4456 1572 4521 ct
1597 4452 1744 4541 plebano
1773 4454 1809 4522 in
1827 4453 1869 4522 M
1878 4453 2053 4534 ninoga

507 4572 543 4636 et
570 4566 667 4637 valor
694 4566 767 4636 eius
794 4566 999 4636 aestimatur
1017 4567 1061 4637 ad
1081 4568 1228 4657 triginta
1255 4589 1398 4659 marcas
1425 4571 1610 4661 aliquando
1638 4574 1682 4643 ad
1701 4574 1945 4663 quadraginta.
1972 4568 2053 4637 laen

505 4691 586 4757 sunt
611 4687 660 4757 ibi
687 4686 776 4759 duae
802 4688 985 4775 tabernae,
1021 4688 1082 4759 sed
1109 4710 1178 4759 non
1205 4689 1335 4760 habent
1369 4712 1491 4780 agros3
1525 4693 1608 4764 item
1635 4715 1696 4765 sex
1722 4695 1954 4781 hortulaniae,
1982 4702 2048 4757 110ss

505 4809 673 4879 habentos
708 4830 821 4899 agros.
864 4809 952 4881 Item
979 4809 1147 4899 plebanus
1174 4810 1281 4881 babet
1316 4832 1380 4900 pro
1417 4814 1560 4902 praedio
1596 4836 1658 4886 suo
1686 4837 1790 4906 agros
1827 4813 1994 4907 speciales
2020 4806 2051 4872 ei

506 4935 617 5019 prata.
2124 4912 2131 4923 ⁹

607 5050 781 5141 Rzururn,
807 5052 895 5141 11111Ι
908 5052 971 5123 sub
990 5053 1156 5142 parocbia
1183 5052 1225 5124 de
1252 5051 1472 5144 Mninoga
1498 5057 1571 5146 sita,
1591 5057 1687 5127 cuius
1706 5058 1874 5131 haeredes
1892 5052 2046 5128 annea

506 5170 549 5241 de
575 5170 926 5263 Woyslauicze,
963 5154 1767 5267 0111111111116111111111111111
1803 5166 2049 5269 Grzymali-

506 5298 674 5381 tarum,
701 5294 737 5363 in
765 5315 833 5383 qua
860 5301 940 5365 sunt
967 5294 1323 5385 111111111111111111,
1351 5298 1435 5368 item
1461 5298 1617 5387 taberna,
1644 5300 1729 5370 item
1755 5298 1983 5382 hortulaniae,
2009 5286 2047 5357 de

507 5412 631 5499 quibus
658 5415 817 5485 omnibus
845 5415 992 5487 solvitur
1018 5421 1054 5486 et
1080 5416 1285 5487 conducitur
1316 5417 1448 5489 decima
1473 5418 1699 5508 manipularis
1727 5427 1762 5489 et
1788 5418 1963 5510 canapalis
1988 5424 2045 5500 pr⁰
2085 5450 2089 5456 ⁴

506 5532 652 5603 ccclesia
679 5534 713 5603 in
741 5534 978 5625 Mninoga,
1005 5542 1041 5607 et
1068 5537 1166 5609 valor
1192 5538 1267 5607 eius
1295 5540 1498 5609 aestimatur
1524 5540 1569 5611 ad
1596 5540 1715 5610 decem
1741 5562 1885 5612 marcas.

610 5652 731 5727 Noun
758 5654 904 5751 Wrasz,
931 5658 1014 5729 villa
1041 5659 1104 5729 sub
1132 5659 1299 5749 parocbia
1324 5660 1490 5731 ecclcsiae
1517 5660 1560 5731 de
1589 5660 1809 5753 Mninoga
1836 5663 1921 5753 sita,
1956 5651 2044 5725 cuius
