4550 6600
364 704 368 717 ’
513 743 586 819 aus

614 952 776 1041 Bronrn,
805 948 889 1022 villa
907 950 972 1045 sub
989 949 1157 1040 parochia
1183 948 1227 1021 de
1254 947 1278 1021 J
1286 948 1498 1022 edlowlra
1524 950 1600 1040 sila,
1628 949 1727 1022 cuins
1744 949 1914 1023 haeredes
1931 947 2055 1023 Joban-

509 1094 571 1145 ncs
597 1071 806 1163 Blonslry
833 1072 877 1143 dc
904 1071 1144 1185 armis....·‚
1180 1069 1331 1143 Thomas
1365 1070 1664 1164 Gazi'mirslry
1700 1073 1744 1144 de
1776 1072 1885 1143 armis
1910 1070 2057 1143 Nabra

508 1193 595 1265 alias
623 1190 886 1264 Waldorif.-
908 1192 948 1263 In
977 1212 1045 1283 qua
1072 1196 1155 1263 sunt
1180 1191 1249 1263 duo
1276 1212 1353 1263 cum
1379 1191 1493 1264 medio
1520 1192 1611 1264 lanei
1638 1192 1884 1283 emethonales,
1919 1191 1963 1264 de
1988 1194 2057 1283 qui-

307 1402 310 1409 ·
430 1302 433 1313 ’
508 1315 574 1385 bus
602 1313 749 1387 solvitur
785 1313 918 1385 decima
944 1313 1171 1404 manipularis
1197 1318 1234 1384 et
1261 1313 1437 1404 canapalis
1472 1334 1537 1404 pro
1573 1288 1744 1386 decanatu
1771 1312 2001 1403 Oracouiensi
2024 1319 2056 1384 et

492 1436 610 1507 ·valor
636 1435 710 1506 eius
737 1436 942 1507 aestimatur
968 1434 1013 1506 ad
1040 1434 1125 1507 duas
1153 1454 1307 1526 marcas3
1342 1436 1425 1506 ilem
1452 1456 1521 1506 non
1549 1440 1604 1507 est
1629 1436 1777 1507 taberna
1811 1455 1878 1507 nec
1909 1434 2056 1507 hortula-

509 1557 600 1629 niac.
627 1556 714 1627 Item
741 1561 796 1628 est
822 1555 871 1627 ibi
898 1555 1078 1646 praedium
1104 1556 1265 1647 militare,
1292 1556 1336 1628 de
1363 1556 1461 1631 cuius
1487 1557 1581 1648 agris
1605 1556 1798 1630 decimatur
1822 1577 1889 1648 pro
1914 1556 2055 1628 mansio-

510 1678 618 1749 uariis
646 1676 942 1770 inWoynicz.
1649 1658 1652 1661 ’
1774 1659 1783 1671 ’

1188 1796 1410 1872 Sruucnou.
1483 1818 1486 1821 ’
1623 1785 1628 1791 ‘

1134 2282 1442 2355 Pnurucznrczu.

619 2404 714 2477 Villa
740 2405 870 2476 habens
898 2406 933 2475 in
961 2424 998 2475 se
1025 2404 1259 2494 parochialem
1286 2405 1464 2476 ecclesiam
1492 2404 1653 2496 ligneam,
1680 2404 1810 2478 Sancto
1829 2458 1946 2474 .....
1959 2392 1962 2395 ⁴

616 2524 839 2617 Osserrom,
866 2526 950 2596 villa
977 2527 1041 2597 sub
1068 2525 1235 2616 parochia
1262 2525 1305 2597 dc
1331 2524 1411 2597 Pal
1420 2526 1715 2617 peschnycza
1740 2527 1829 2617 sita,
1856 2527 1956 2597 cuius
1981 2525 2058 2595 hae-

514 2666 608 2718 res...
636 2646 982 2738 Ko'czonowslry
1010 2647 1053 2719 de
1074 2639 1205 2738 annis,
1233 2667 1321 2738 quae
1348 2646 1509 2719 defernnt
1535 2654 1614 2720 octo
1641 2668 1778 2721 cornua
1821 2647 1863 2717 In
1891 2667 1961 2738 qna
1987 2652 2062 2717 sunt

513 2769 588 2859 agri
616 2790 684 2841 non
712 2769 867 2841 distincti
894 2770 929 2840 in
957 2768 1085 2860 laneos,
1113 2769 1156 2839 de
1184 2769 1310 2860 quibus
1336 2769 1483 2879 spiritur
1500 2770 1537 2841 in
1555 2790 1689 2842 summa
1713 2791 1777 2861 pro
1801 2769 1941 2842 decima
1966 2790 2063 2859 pecu·

515 2890 600 2961 niali
627 2890 776 2964 sedecim
804 2891 906 2963 scotti
934 2890 1086 2981 capitulo
1113 2888 1347 2982 Gracoviensi3
1372 2892 1456 2963 item
1483 2897 1538 2963 est
1563 2891 1612 2963 ibi
1639 2914 1746 2963 unum
1771 2890 1957 2981 praedium
1979 2890 2063 2961 mili·

447 3052 457 3059 -
514 3016 600 3102 tare,
627 3011 670 3082 de
698 3012 795 3083 cuius
822 3012 917 3102 agn's
953 3011 1100 3084 solvitur
1135 3010 1280 3084 decima·
1295 3012 1520 3103 manipularis
1556 3014 1722 3085 ecclesiae
1753 3013 1892 3084 eteius
1918 3011 2061 3102 plebano

513 3132 550 3201 in
577 3131 947 3223 Paleschnycza,
974 3132 1072 3203 cuius
1099 3132 1198 3205 valor
1224 3134 1431 3205 aestimatur
1456 3133 1503 3205 ad
1521 3188 1636 3204 .....

1155 3253 1446 3328 Lnnczrosoun.
1667 3252 1671 3257 ’

516 3742 637 3820 calam.
664 3739 704 3810 ln
732 3759 801 3830 qua
828 3739 863 3810 in
890 3743 965 3811 toto
993 3745 1074 3812 sunt
1099 3739 1234 3812 nobiles
1260 3739 1303 3811 de
1330 3740 1436 3811 armis
1464 3736 1745 3830 Griiiouum‚
1772 3738 1889 3812 nullus
1915 3741 2063 3812 cmetbo:

514 3867 562 3934 ct*
576 3859 709 3932 decima
734 3861 958 3951 manipularis
977 3861 1019 3933 de
1038 3861 1196 3933 omnibus
1223 3862 1318 3952 agris
1335 3860 1523 3934 eorundem
1540 3862 1707 3934 nobilium
1733 3862 1882 3936 solvitur
1900 3863 2060 3934 ecclesiae

515 4003 600 4054 suae
626 3982 755 4053 ibidem
782 3983 817 4052 in
845 3980 1088 4073 Ghronow;
1123 3984 1207 4054 item
1233 3984 1283 4056 ibi
1318 3983 1466 4056 ecclesia
1491 3987 1528 4056 el
1553 3983 1721 4073 plebanus
1747 3984 1822 4054 eius
1857 3983 1967 4072 habet
1992 4003 2064 4073 pro

515 4103 612 4192 prius
639 4121 741 4190 agros
768 4102 897 4174 liberos
924 4106 960 4173 et
987 4106 1098 4195 prata,
1125 4103 1293 4193 piscinam
1321 4109 1357 4175 el
1382 4103 1616 4177 molendinum
1643 4125 1708 4193 pro
1725 4125 1789 4176 suo
1815 4125 1881 4176 osu
1898 4109 1937 4176 et
1955 4123 2063 4175 necas

1165 4347 1290 4438 Lrssa
1316 4367 1426 4422 noun.

1097 4832 1502 4928 Wrazcnospuwrczs.

622 4953 717 5026 Villa
743 4954 876 5026 habens
912 4955 1091 5028 eeclesiam
1127 4956 1360 5045 parochialem
1387 4957 1537 5048 ligneam
1563 4957 1600 5028 in
1627 4978 1682 5048 sc,
1718 4956 1845 5029 Sancto
1878 4956 2065 5029 Adulberto

518 5073 686 5167 dicatam,
723 5077 819 5147 cuius
854 5076 977 5148 haeres
1003 5076 1292 5148 Bartholomaeus
1319 5076 1659 5170 Ogrodzenslry
1686 5078 1730 5149 de
1756 5077 1862 5148 armis
1889 5076 2065 5149 Sulima

518 5195 559 5268 In
588 5218 656 5287 qua
683 5202 765 5270 sunl
791 5197 884 5268 lanei
911 5197 1173 5289 emethonales,
1191 5200 1274 5270 item
1299 5199 1483 5289 tabernae,
1510 5201 1593 5270 ilem
1619 5200 1849 5291 hortulaniae‚
1875 5199 1921 5270 de
1948 5199 2065 5290 quibus

519 5319 676 5390 omnibus
705 5318 854 5390 solvitur
880 5324 915 5389 et
941 5319 1145 5391 conducitur
1171 5319 1305 5391 decima
1330 5320 1557 5411 manipularis
1583 5325 1620 5392 el
1646 5321 1821 5412 canapalis
1847 5339 1913 5410 pro
1932 5373 2065 5390 ......

518 5435 605 5506 Ilem
639 5441 819 5528 praedium
855 5445 909 5512 est
935 5441 984 5513 ibi
1010 5441 1179 5533 militare,
1217 5441 1260 5512 de
1291 5443 1389 5514 cuius
1424 5444 1520 5532 agris
1556 5441 1704 5514 solvitur
1738 5442 1874 5514 decima
1907 5441 2065 5514 ecclesbe

519 5555 647 5626 ibidem
674 5561 709 5628 in
742 5559 1226 5653 Wyrzcboslawycze;
1262 5564 1346 5634 item
1373 5563 1521 5634 ecclesia
1555 5563 1662 5635 habel
1696 5563 1745 5634 ibi
1781 5563 1943 5652 proprios
1970 5581 2066 5652 agros

455 5779 459 5785 ⁶
520 5679 556 5745 et
582 5683 693 5767 prata,
719 5699 784 5768 pro
813 5702 875 5754 suo
901 5683 1046 5772 praedio
1073 5703 1137 5753 usu
1166 5689 1202 5753 et
1228 5684 1444 5756 necessitate.
