4550 6600
1706 804 1779 881 513

227 1006 473 1102 emethonales‚
499 1006 544 1083 de
571 1006 696 1103 quibus
723 1006 871 1083 solvitur
896 1006 1031 1084 decima
1057 1007 1256 1103 pecuniariis,
1282 1008 1326 1085 de
1353 1007 1508 1105 quolibet
1518 1008 1624 1087 laneo
1642 1034 1706 1106 per
1724 1036 1785 1091 sex

190 1165 197 1171 ·
225 1154 370 1223 grossos
397 1134 586 1205 communis
605 1116 788 1224 'pecuniae
816 1154 882 1225 pro
901 1133 1109 1207 scholastria
1125 1133 1406 1207 Sandomiriensi.
1431 1136 1521 1208 Item
1539 1143 1593 1208 est
1610 1136 1660 1209 ibi
1676 1158 1784 1213 uem

225 1233 411 1343 praedium
446 1253 617 1345 militare,
644 1254 824 1329 continens
859 1254 1040 1327 duodecim
1067 1255 1203 1347 laneos,
1231 1255 1323 1327 inter
1350 1258 1583 1329 cmethonales
1609 1256 1785 1347 praefatos

225 1380 456 1466 computatos,
483 1375 527 1447 de
552 1376 679 1466 quihus
706 1376 854 1448 solvitur
880 1376 1014 1447 decima
1040 1376 1266 1467 manipularis
1293 1377 1458 1449 ecclesiae
1484 1378 1521 1449 in
1547 1377 1784 1469 Popkoui-

226 1516 324 1586 cze,
352 1502 389 1568 et
423 1497 523 1568 valor
557 1479 713 1569 eiusad
748 1518 810 1567 sex
836 1518 981 1569 marcas.
1020 1498 1109 1570 Item
1136 1504 1220 1571 suut
1245 1498 1295 1571 ibi
1321 1498 1410 1571 duae
1436 1499 1624 1590 tabernae,
1652 1505 1689 1571 et
1712 1498 1784 1571 duo

106 1621 108 1628 '
224 1618 437 1708 molendina,
464 1618 525 1689 sed
552 1640 621 1690 non
647 1618 778 1691 habent
797 1627 917 1709 agros.
949 1619 1045 1691 item
1072 1626 1155 1692 sunt
1181 1621 1230 1692 ibi
1256 1620 1358 1693 liberi
1385 1620 1524 1722 agrilet
1548 1619 1668 1712 prata,
1692 1640 1785 1712 quoe

224 1738 338 1810 habet
363 1739 531 1829 plebanus
558 1760 621 1830 pro
649 1762 712 1811 suo
739 1740 883 1830 praedio
911 1745 948 1811 et
974 1741 1202 1831 necessitate3
1228 1742 1312 1812 item
1339 1762 1471 1811 rueazue
1489 1796 1496 1811 .
1515 1796 1522 1811 .
1541 1796 1575 1812 ..

335 1858 579 1951 Scoucmczu,
606 1860 689 1932 villa
720 1863 785 1933 sub
819 1844 988 1952 parochia
1018 1861 1062 1933 de
1088 1857 1395 1953 Poplrowicze
1421 1862 1508 1953 situ,
1535 1862 1633 1934 cuius
1659 1862 1784 1936 haeres

227 1980 324 2051 idem
351 1980 529 2052 lohannes
555 1980 870 2073 Griszowslry;
906 1988 943 2054 et
968 1981 1052 2054 villa
1076 1972 1235 2074 praefata
1261 1988 1315 2055 est
1341 1983 1440 2055 unita
1466 2002 1542 2054 cum
1568 1982 1653 2054 villu
1678 1982 1787 2073 Pop·

226 2102 455 2191 kouicze,
482 2107 519 2174 et
543 2103 580 2175 in
608 2108 756 2194 utruque
783 2103 868 2175 villa
893 2109 976 2175 sunt
1002 2109 1140 2175 centum
1166 2089 1313 2195 triginta
1340 2122 1400 2176 sex
1426 2104 1518 2176 lanei
1545 2104 1787 2194 emethonales,
1889 2150 1892 2157 n

230 2222 408 2296 solventes
434 2224 601 2295 decimam
629 2224 970 2316 manipularemper
995 2245 1058 2297 sex
1082 2244 1234 2315 grossos,
1250 2225 1487 2297 scholastriae
1503 2224 1786 2297 Sandonu'riensi.
1817 2230 1820 2235 “
1902 2266 1906 2277 ·

225 2344 319 2415 Item
345 2345 381 2416 in
408 2345 529 2417 eadem
555 2351 610 2417 est
636 2346 817 2436 praedium
843 2346 983 2417 unicum
1009 2346 1171 2437 militare,
1200 2346 1292 2438 quod
1319 2346 1424 2418 solvit
1441 2346 1609 2419 decimam
1627 2346 1786 2437 manipu-

227 2466 341 2537 larem
367 2466 532 2538 ecclesiae
558 2467 751 2557 parochiali
782 2467 818 2538 iu
844 2466 1220 2560 Dzerslrowicze‚
1246 2468 1319 2541 sed.
1335 2466 1487 2542 locatum
1513 2474 1569 2541 est
1595 2466 1785 2541 cmethoui-

227 2587 307 2659 bus.
334 2588 422 2660 Item
448 2609 607 2660 aucune.
631 2644 639 2659 .
659 2643 693 2659 ..

735 2865 979 2927 usoauarus
1002 2824 1286 2927 mnoumusus

336 3057 409 3129 Iste
435 3056 624 3128 decanatus
660 3077 729 3128 non
756 3057 834 3129 ideo
860 3063 1006 3131 vocatur
1030 3057 1289 3156 Radomiensis‚
1305 3056 1409 3148 quod
1434 3056 1552 3129 sedem
1578 3061 1614 3127 et
1639 3055 1780 3133 uulua
1903 3028 1907 3039 ¹

232 3180 342 3250 habet
376 3180 413 3248 iu
448 3178 587 3269 eadem,
615 3179 722 3251 habet
747 3180 838 3251 enim
866 3179 983 3251 sedem
1009 3186 1047 3251 et
1072 3180 1213 3251 stallum
1241 3180 1277 3250 iu
1304 3178 1449 3253 ecclesia
1473 3177 1697 3268 Kyelczeuai,
1724 3175 1787 3249 sed
1873 3218 1878 3225 -

236 3303 321 3392 quia
347 3302 511 3372 ecclesiae
537 3301 767 3393 parochiales,
794 3323 880 3392 quas
907 3303 1037 3391 visitat,
1063 3303 1099 3374 iu
1126 3303 1274 3374 circuitu
1300 3301 1419 3393 oppidi
1445 3287 1686 3372 Radomiensis
1705 3319 1786 3370 con·

226 3424 369 3496 sistunt.
394 3423 474 3513 Ipse
500 3423 606 3494 etiam
634 3423 785 3496 decanus
811 3425 918 3497 hahet
943 3443 1060 3496 aream
1087 3430 1124 3496 et
1142 3424 1281 3496 domum
1299 3423 1335 3494 in
1354 3422 1481 3514 oppido
1491 3421 1677 3513 ‘Rodum
1699 3439 1791 3512 quae·

231 3545 360 3618 adsui
387 3545 575 3617 decanatus
610 3546 861 3636 proprietatem
896 3547 1067 3636 pertinet,
1094 3546 1131 3616 in
1168 3565 1236 3636 qua
1263 3545 1461 3617 diuturnius
1489 3563 1592 3634 quom
1619 3543 1655 3614 in
1674 3540 1788 3633 'Kysi-

231 3668 349 3738 czensi
374 3687 515 3738 manere
541 3668 729 3757 consuevit
755 3674 793 3739 et
819 3668 1093 3740 imisdictionem
1112 3668 1148 3738 in
1175 3668 1404 3758 proximiores
1424 3666 1590 3755 plebanos
1608 3681 1790 3752 exercere3
1872 3669 1874 3681 ⁴

212 3789 332 3860 cuius
357 3789 498 3862 collatio
525 3789 570 3860 ad
597 3789 797 3880 episcopum
823 3787 1088 3866 cracoviensem
1114 3789 1278 3879 pertinet.
1379 3839 1381 3844 -

938 4014 1089 4087 Rumon.

340 4152 523 4246 Oppidum,
550 4153 643 4245 quod
670 4151 927 4248 Gasjmirus
953 4153 1196 4225 Secundus
1229 4151 1395 4226 Poloniue
1421 4171 1484 4223 rex
1511 4149 1554 4222 de
1581 4169 1671 4224 novo
1697 4149 1789 4245 loca·

233 4277 307 4367 uit,
334 4284 371 4346 et
397 4263 498 4348 cocto
530 4274 716 4348 fabricavit
745 4275 874 4366 latere,
901 4281 937 4346 et
963 4275 1198 4366 parochialem
1230 4274 1413 4349 ecclesiam
1450 4273 1514 4346 suh
1541 4272 1644 4344 titulo
1671 4269 1790 4344 Sancti

231 4396 406 4470 Johannis
432 4397 614 4488 Baptistae
638 4396 826 4470 fabricavit
853 4398 958 4471 etiam
984 4403 1083 4470 cocto
1109 4397 1231 4488 latere,
1258 4402 1295 4469 et
1320 4395 1466 4468 dotavit.
1492 4395 1533 4466 In
1561 4413 1629 4485 quo
1657 4391 1785 4484 oppido

216 4526 320 4594 suut
345 4519 447 4610 lanei,
473 4519 518 4592 de
545 4519 670 4610 quibus
696 4519 908 4592 decima...
1356 4557 1360 4565 =

343 4697 561 4803 Hospitale
600 4717 655 4784 est
680 4711 896 4784 infirm0rum
922 4712 958 4783 in
985 4689 1106 4783 eodem
1133 4711 1260 4802 oppido
1288 4708 1352 4801 suh
1378 4705 1789 4800 pontificatquignei

234 4833 390 4925 episcopi
425 4832 665 4906 Gracoviensis
700 4833 899 4924 fundatum,
931 4839 968 4905 et
1003 4853 1025 4904 a
1051 4832 1250 4905 consulibus
1277 4837 1314 4903 et
1340 4829 1473 4902 civibus
1500 4827 1788 4901 Radamiensihus

343 5131 648 5220 monasterium
675 5148 824 5223 fratrum
851 5149 1023 5222 minorum
1043 5148 1093 5250 de
1120 5147 1343 5221 observantia
1372 5199 1379 5216 .
1406 5201 1414 5215 .
1442 5200 1449 5215 .

340 5285 561 5379 Dzuuzuow,
587 5289 671 5360 villa
698 5290 761 5361 suh
788 5291 954 5379 parochia
980 5289 1136 5360 Novae
1163 5287 1328 5359 Radom
1355 5287 1439 5376 sita,
1468 5284 1564 5356 cuius
1591 5282 1787 5374 proprietas

234 5405 281 5478 ad
309 5407 467 5487 consules
495 5415 531 5480 et
557 5409 733 5482 ciuitatem
759 5411 1024 5482 Radomiensem
1050 5410 1213 5501 pertinet.
1240 5407 1280 5479 In
1299 5429 1367 5498 qua
1385 5406 1510 5496 viginti
1530 5405 1680 5496 quinque
1697 5402 1789 5473 lanei

235 5528 490 5620 cmethouales‚
517 5531 601 5602 item
636 5532 857 5604 hortulaniae
884 5529 1034 5624 quatuor
1060 5531 1230 5603 hahentes
1258 5549 1379 5620 agros,
1407 5527 1450 5599 de
1478 5526 1601 5618 quibus
1628 5525 1787 5598 omuibus

236 5647 385 5723 soluitur
424 5656 461 5722 et
494 5651 701 5740 conducitur
736 5653 869 5726 decima
904 5653 1129 5744 manipularis
1165 5658 1201 5724 et
1236 5649 1410 5741 panopolis
1446 5669 1510 5738 pro
1545 5647 1789 5739 praepositura

235 5771 519 5865 Sandomirieusi,
545 5776 641 5847 ouius
669 5776 766 5849 valor
792 5775 997 5847 aestimatur
1023 5775 1067 5846 ad
1087 5759 1323 5866 quadraginta
1348 5791 1492 5842 marcas.
1518 5769 1606 5841 Item
1634 5757 1714 5840 stunt
1735 5769 1787 5840 ihi
1899 5786 1905 5794 ·

342 5939 392 5980 mu.
405 5941 504 5983 senens
517 5943 548 5983 u
758 5949 763 5953 ·
1504 5897 1520 5962 *⁰
1585 5921 1621 5968 ⁶5
