4550 6600
445 731 518 805 114

440 961 504 1011 suo
531 943 586 1009 661
611 936 732 1010 661666
760 933 904 1011 collator
931 939 967 1009 et
992 938 1161 1028 patronus
1189 930 1353 1009 ecclesiae
1380 930 1545 1026 eiusdem,
1571 938 1608 1007 et
1625 931 1706 1007 olim
1724 932 1912 1027 regebatur
1929 953 1990 1025 per

438 1058 567 1131 fratres
593 1060 668 1131 eius
694 1058 906 1131 monasterii.
933 1058 1022 1130 Item
1049 1058 1216 1148 plebanus
1248 1058 1414 1131 ecclesiae
1441 1055 1619 1147 praefatae
1645 1058 1753 1129 babet
1779 1078 1883 1147 agros
1911 1076 1991 1145 pro-

440 1182 537 1272 prios
564 1186 601 1252 et
626 1183 729 1271 prata
755 1200 819 1271 pro
847 1201 910 1250 suo
936 1180 1089 1270 praedio,
1116 1199 1183 1250 usu
1210 1182 1246 1251 et
1271 1180 1489 1251 necessitate.
1525 1178 1613 1249 Item
1640 1199 1709 1249 non
1737 1184 1792 1249 est
1817 1177 1867 1249 ibi
1893 1197 1995 1267 prae-

441 1302 546 1393 dium,
571 1322 640 1373 666
668 1306 722 1373 661
748 1300 991 1390 molendinum,
1019 1321 1131 1390 neque
1158 1300 1314 1371 taberna.

546 1422 883 1510 Mosenczmrczn,
911 1420 995 1491 villa
1022 1421 1086 1491 sub
1113 1421 1281 1510 parocbia
1307 1420 1350 1491 de
1378 1418 1532 1491 Obelm
1560 1421 1645 1509 sita,
1672 1420 1770 1491 cuius
1795 1418 1995 1509 proprietas

445 1543 490 1615 ad
517 1542 764 1614 monasterium
789 1540 1057 1631 Myechoviense
1093 1540 1256 1631 pertinet.
1299 1540 1340 1611 In
1368 1560 1437 1630 qua
1463 1546 1545 1611 sunt
1572 1560 1633 1611 sex
1660 1560 1738 1611 cum
1763 1539 1878 1609 medio
1904 1538 1997 1608 lanei

443 1663 687 1751 emethonales‚
714 1662 798 1733 item
824 1682 894 1731 una
919 1662 1067 1731 taberna
1093 1661 1227 1732 habens
1253 1681 1367 1751 agros,
1394 1661 1479 1732 item
1506 1660 1596 1731 duae
1620 1660 1838 1731 hortulaniae
1864 1659 1998 1729 baben-

442 1791 498 1855 tes
524 1804 643 1873 agros,
679 1782 721 1853 de
750 1782 873 1872 quibus
901 1780 1060 1853 omnibus
1087 1781 1235 1851 solvitur
1261 1788 1298 1851 et
1316 1781 1522 1853 conducitur
1549 1780 1682 1851 decima
1707 1778 1934 1869 manipularis
1960 1784 1998 1848 et

444 1904 619 1994 canapalis
637 1924 700 1993 pro
720 1903 849 1974 vicaria
868 1900 1110 1973 cracoviensis
1127 1902 1357 1991 praebendae,
1386 1922 1473 1993 quae
1500 1908 1645 1974 vocabit
1670 1901 1870 1991 Lazowska,
1899 1900 1998 1971 euius

360 2004 361 2009 Ἰ
443 2025 543 2098 valor
569 2022 770 2095 extenditur
796 2022 841 2093 ad
868 2022 1048 2095 duodecim
1075 2042 1219 2093 marcas

548 2145 858 2233 Tunneowrsnn,
896 2143 979 2217 villa
1006 2144 1069 2213 sub
1097 2142 1263 2231 parochia
1290 2142 1332 2213 de
1360 2141 1516 2215 Chelm
1552 2144 1638 2232 sita,
1674 2142 1771 2213 cuius
1797 2142 1997 2232 proprietas

445 2265 489 2338 ad
515 2263 765 2343 monasterium
784 2262 1051 2353 Myecboviense
1078 2264 1240 2353 pertinet.
1266 2262 1307 2333 In
1334 2284 1403 2353 qna
1425 2269 1507 2334 sunt
1532 2262 1700 2334 tredecim
1725 2264 1823 2334 lanei
1844 2263 1997 2334 emetho-

444 2387 560 2475 noles,
597 2381 680 2457 item
706 2388 779 2455 tres
806 2383 1023 2454 hortulaniae
1059 2384 1229 2453 habentes
1266 2404 1377 2473 agree,
1409 2384 1453 2453 de
1480 2383 1604 2473 quibus
1630 2385 1807 2473 perceptio
1843 2384 1996 2454 decimae

445 2506 670 2597 manipularis
697 2504 865 2592 variatur;
892 2524 971 2575 nam
999 2503 1041 2573 16
1070 2524 1130 2574 sex
1158 2524 1235 2574 cum
1261 2503 1375 2576 medio
1402 2504 1513 2573 laneis
1540 2509 1576 2574 et
1602 2524 1673 2575 una
1698 2508 1825 2593 quarta
1850 2504 1998 2575 solvitur
2026 2555 2030 2562 .

445 2632 481 2697 et
507 2626 711 2698 conducitur
738 2624 870 2695 decima
896 2624 1121 2714 manipularis
1149 2629 1184 2695 et
1210 2624 1386 2715 canapalis
1413 2644 1476 2713 pro
1494 2624 1706 2695 monasterio
1724 2624 1995 2716 Myecboviensi‚

446 2753 482 2818 et
509 2747 607 2818 valor
634 2746 708 2817 eius
735 2745 941 2815 aestimatur
959 2745 1003 2816 ad
1022 2744 1141 2815 decem
1166 2765 1313 2832 marcas;
1331 2744 1374 2815 de
1392 2745 1470 2815 aliis
1489 2765 1571 2815 vero
1590 2749 1722 2834 septem
1739 2745 1852 2815 minus
1870 2751 1998 2835 quarta

444 2868 563 2957 lancis,
590 2867 738 2939 solvitur
765 2871 801 2937 et
828 2866 1032 2937 conducitur
1058 2886 1121 2955 pro
1148 2864 1347 2954 praebenda
1374 2863 1612 2953 Gracoriensi,
1640 2886 1728 2955 quae
1755 2871 1901 2937 vocatur
1926 2865 1996 2935 Bo·

445 2987 615 3076 dzowska
642 2994 678 3059 et
704 2987 805 3059 valor
832 2986 1037 3057 aestimatur
1064 2986 1138 3055 eius
1166 2985 1211 3055 ad
1229 2985 1346 3056 decem
1373 3005 1518 3057 marcas.
1544 2985 1633 3055 ltem
1659 2986 1840 3075 praedium
1867 2991 1922 3057 est
1947 2985 1996 3057 ibi

445 3108 643 3178 coenobiale
670 3108 815 3195 bonum,
852 3106 895 3177 de
922 3126 990 3195 quo
1018 3106 1104 3176 nulli
1132 3105 1339 3195 decimatur,
1374 3106 1436 3177 sed
1462 3106 1709 3177 monasterium
1737 3105 1905 3177 decimam
1930 3126 1996 3195 pro

446 3247 483 3297 se
509 3226 609 3297 tollit.
636 3226 725 3297 Item
751 3230 890 3297 tenetur
917 3225 1063 3316 quilibet
1090 3226 1225 3297 emetho
1252 3246 1356 3297 unam
1374 3247 1571 3297 mensuram
1594 3226 1743 3318 siliginis
1769 3227 1905 3300 solvere
1931 3248 1997 3319 pro

446 3347 592 3418 ecelesia
618 3348 654 3418 in
681 3346 847 3418 Ghelm.

550 3466 710 3540 Taberna
736 3472 771 3538 et
797 3467 994 3539 theloneum
1030 3487 1136 3558 supra
1162 3468 1333 3539 Rabam
1369 3469 1433 3540 sub
1469 3469 1636 3560 parocbia
1662 3469 1706 3540 de
1732 3468 1886 3542 Obelm
1919 3471 1999 3560 sita,

447 3589 543 3661 cuius
569 3590 765 3680 proprietas
793 3589 838 3659 ad
863 3588 1110 3660 monasterium
1128 3588 1395 3680 Myecboviense
1421 3592 1584 3680 pertinet3
1611 3592 1709 3662 cuius
1735 3593 1812 3681 agri
1837 3593 1998 3683 praedia-

446 3710 498 3782 les
526 3732 569 3784 ex
595 3717 745 3802 utraque
771 3716 871 3802 parte
898 3709 1047 3782 fluminis
1075 3710 1228 3782 Rabae
1255 3712 1315 3784 siti
1338 3717 1428 3801 sunt
1457 3719 1493 3782 et
1520 3713 1562 3784 de
1589 3713 1683 3802 agris
1702 3701 1848 3804 ‘quidem
1875 3735 1997 3786 versus

383 3921 389 3928 1
446 3831 664 3922 Boehnya
691 3831 768 3902 sitis
795 3831 900 3904 solvit
927 3832 1094 3902 decimam
1122 3833 1371 3922 manipularem
1397 3833 1545 3923 plebano
1573 3833 1608 3904 iu
1636 3831 1809 3924 Obelm,
1836 3840 1872 3906 et
1898 3835 1996 3906 valor

446 3952 519 4022 eius
547 3952 750 4022 aestimatur
778 3952 822 4022 ad
841 4006 1009 4042 .......
1038 3952 1080 4022 de
1108 3954 1204 4041 agris
1231 3975 1313 4024 vero
1340 3960 1438 4024 trans
1465 3954 1638 4024 Rabam
1663 3975 1785 4026 versus
1814 3955 1996 4028 Thurek

328 4091 334 4106 ’
445 4071 629 4142 tabernam
656 4071 743 4160 sitis,
771 4071 875 4142 solvit
902 4092 977 4142 eam
996 4125 1111 4142 .....
1140 4079 1176 4144 61
1202 4073 1301 4144 valor
1333 4074 1408 4144 eius
1435 4075 1639 4146 aestimatur
1665 4075 1709 4144 ad
1728 4129 1842 4145 .....

551 4189 709 4260 Taberna
737 4189 938 4280 Thurek,
966 4191 1063 4262 cuius
1090 4193 1288 4282 proprietas
1306 4193 1352 4263 ad
1368 4196 1616 4266 monasterium
1634 4195 1902 4287 Myechoviense
1918 4217 1998 4287 per-

304 4403 307 4417 ,
446 4311 545 4400 11661,
573 4329 661 4399 quae
687 4310 794 4381 habet
819 4311 897 4400 plus
925 4331 1026 4401 quam
1053 4313 1204 4383 medium
1231 4313 1368 4384 laneum
1395 4314 1437 4386 de
1464 4317 1577 4406 agris,
1616 4316 1658 4386 de
1685 4317 1811 4406 quibus
1837 4339 1902 4408 pro
1929 4339 1998 4390 una

446 4430 632 4500 medietate
659 4417 804 4500 solvitur
831 4429 964 4502 decima
990 4431 1215 4521 manipularis
1241 4453 1305 4522 pro
1331 4436 1544 4506 monasterio
1571 4435 1840 4527 Myecboviensi,
1868 4444 1906 4508 et
1930 4458 1993 4527 pro

448 4550 560 4622 altera
585 4550 770 4622 medietate
797 4571 860 4640 pro
888 4551 1088 4640 praebenda
1114 4551 1344 4644 Oracoviensi,
1371 4577 1459 4646 quae
1486 4561 1631 4628 vocatur
1659 4557 1884 4630 Bodzowslra.

552 4669 863 4761 Gnornnowrczn,
881 4672 965 4742 villa
983 4673 1047 4744 sub
1066 4675 1232 4763 parochia
1250 4675 1294 4746 de
1312 4674 1466 4748 Chelm
1493 4678 1569 4766 sita,
1588 4698 1696 4768 prope
1713 4678 1855 4749 flurium
1873 4679 1994 4766 Raba,

448 4793 544 4862 cuius
570 4793 693 4864 haeres
712 4791 864 4864 lacobus
891 4791 1163 4885 Respersky
1190 4795 1233 4866 de
1260 4796 1361 4868 domo
1387 4797 1574 4868 Zadora.
1600 4798 1641 4868 In
1660 4819 1729 4888 qua
1747 4805 1829 4869 sunt
1847 4800 1997 4890 quinque

447 4913 539 4983 lanei
566 4913 815 5003 emethonales‚
851 4914 894 4985 de
921 4913 1046 5004 quibus
1073 4915 1220 5003 soluitur
1246 4921 1283 4987 et
1309 4917 1513 4988 conducitur
1549 4917 1682 4988 decima
1708 4920 1933 5009 manipularis
1961 4926 1997 4991 et

448 5034 621 5124 canapalis
635 5054 712 5124 ‚pro
738 5034 981 5106 mansionariis
1008 5033 1304 5128 Oracoviensibua
1332 5039 1429 5109 cuius
1457 5038 1554 5109 valor
1580 5038 1624 5109 ad
1651 5059 1712 5110 666
1740 5060 1875 5111 marcas
1893 5042 1996 5112 aesti-

447 5159 572 5225 matur.
599 5155 687 5226 Item
715 5161 772 5226 est
798 5156 847 5227 ibi
873 5155 1054 5246 praedium
1080 5157 1231 5228 militare
1258 5164 1294 5230 et
1321 5159 1409 5230 duae
1436 5159 1656 5230 hortulaniae
1683 5160 1851 5232 habentes
1883 5183 1996 5252 agros,

448 5273 491 5344 de
518 5277 642 5364 quibus
669 5276 862 5348 decimatur
888 5276 1053 5350 ecclesiae
1081 5278 1117 5348 16
1145 5275 1206 5350 Go
1219 5299 1287 5368 ra;
1314 5279 1398 5349 item
1424 5280 1590 5352 tabernae
1615 5272 1685 5352 'non
1712 5287 1803 5352 sunt.

551 5395 876 5488 Lnucznowuczn,
912 5398 996 5470 villa
1022 5399 1120 5470 iuxta
1154 5398 1296 5471 fluvium
1322 5399 1446 5471 Baba
1481 5401 1545 5473 sub
1572 5402 1738 5492 parochia
1772 5401 1816 5474 de
1843 5401 1994 5474 Obelm

447 5512 525 5602 sita,
552 5514 648 5584 cuius
666 5519 862 5606 proprietas
880 5518 925 5590 ad
943 5520 1190 5592 monasterium
1208 5520 1892 5614 6666116661611666165166661116
1917 5543 1995 5614 per·
2116 5573 2121 5578 .

447 5633 545 5748 tinet.
572 5631 612 5704 In
640 5643 816 5726 quaeunt
843 5645 992 5730 quatuor
1020 5661 1097 5713 cum
1123 5639 1237 5712 medio
1264 5639 1355 5712 lanei
1373 5642 1616 5734 emethonales‚
1643 5643 1727 5716 item
1750 5665 1824 5716 una
1848 5645 1995 5718 taberna
