<?xml version="1.0" encoding="UTF-8"?>
<!DOCTYPE html PUBLIC "-//W3C//DTD XHTML 1.0 Transitional//EN"
    "http://www.w3.org/TR/xhtml1/DTD/xhtml1-transitional.dtd">
<html xmlns="http://www.w3.org/1999/xhtml" xml:lang="en" lang="en">
 <head>
  <title>
</title>
<meta http-equiv="Content-Type" content="text/html;charset=utf-8" />
  <meta name='ocr-system' content='tesseract 3.04.00' />
  <meta name='ocr-capabilities' content='ocr_page ocr_carea ocr_par ocr_line ocrx_word'/>
</head>
<body>
  <div class='ocr_page' id='page_1' title='image "./operaomnia03paulgoog_0577.png"; bbox 0 0 4550 6600; ppageno 0'>
   <div class='ocr_carea' id='block_1_1' title="bbox 476 764 549 836">
    <p class='ocr_par' dir='ltr' id='par_1_1' title="bbox 476 764 549 836">
     <span class='ocr_line' id='line_1_1' title="bbox 476 764 549 836; baseline 0 -1"><span class='ocrx_word' id='word_1_1' title='bbox 476 764 549 836; x_wconf 79' lang='lat'>532</span> 
     </span>
    </p>
   </div>
   <div class='ocr_carea' id='block_1_2' title="bbox 379 954 2070 4567">
    <p class='ocr_par' dir='ltr' id='par_1_2' title="bbox 471 954 2027 1159">
     <span class='ocr_line' id='line_1_2' title="bbox 471 954 2027 1056; baseline -0.008 -17"><span class='ocrx_word' id='word_1_2' title='bbox 471 970 560 1039; x_wconf 84' lang='lat' dir='ltr'><strong>Item</strong></span> <span class='ocrx_word' id='word_1_3' title='bbox 587 965 768 1056; x_wconf 83' lang='lat' dir='ltr'>praedium</span> <span class='ocrx_word' id='word_1_4' title='bbox 795 968 848 1035; x_wconf 88' lang='lat' dir='ltr'>est</span> <span class='ocrx_word' id='word_1_5' title='bbox 874 963 924 1035; x_wconf 92' lang='lat' dir='ltr'>ibi</span> <span class='ocrx_word' id='word_1_6' title='bbox 951 966 1091 1037; x_wconf 88' lang='lat' dir='ltr'>unicum</span> <span class='ocrx_word' id='word_1_7' title='bbox 1117 961 1269 1053; x_wconf 84' lang='lat' dir='ltr'>regium,</span> <span class='ocrx_word' id='word_1_8' title='bbox 1307 961 1349 1031; x_wconf 91' lang='lat' dir='ltr'>de</span> <span class='ocrx_word' id='word_1_9' title='bbox 1377 960 1475 1031; x_wconf 91' lang='lat' dir='ltr'>cuius</span> <span class='ocrx_word' id='word_1_10' title='bbox 1503 959 1597 1048; x_wconf 88' lang='lat' dir='ltr'>agris</span> <span class='ocrx_word' id='word_1_11' title='bbox 1624 956 1773 1029; x_wconf 87' lang='lat' dir='ltr'>solvitur</span> <span class='ocrx_word' id='word_1_12' title='bbox 1799 954 2027 1046; x_wconf 82' lang='lat' dir='ltr'><strong>manipularis</strong></span> 
     </span>
     <span class='ocr_line' id='line_1_3' title="bbox 473 1084 1662 1159; baseline -0.007 -1"><span class='ocrx_word' id='word_1_13' title='bbox 473 1088 606 1159; x_wconf 88' lang='lat' dir='ltr'>decimo</span> <span class='ocrx_word' id='word_1_14' title='bbox 632 1086 798 1156; x_wconf 88' lang='lat' dir='ltr'>ecclesiae</span> <span class='ocrx_word' id='word_1_15' title='bbox 824 1086 860 1154; x_wconf 93' lang='lat' dir='ltr'>in</span> <span class='ocrx_word' id='word_1_16' title='bbox 887 1084 1080 1155; x_wconf 85' lang='lat' dir='ltr'>Szucha.¹</span> <span class='ocrx_word' id='word_1_17' title='bbox 1659 1094 1662 1101; x_wconf 55' lang='lat'><strong>⁴</strong></span> 
     </span>
    </p>

    <p class='ocr_par' dir='ltr' id='par_1_3' title="bbox 440 1198 2032 2020">
     <span class='ocr_line' id='line_1_4' title="bbox 578 1198 2027 1295; baseline -0.007 -17"><span class='ocrx_word' id='word_1_18' title='bbox 578 1206 748 1295; x_wconf 81' lang='lat' dir='ltr'>Cznann,</span> <span class='ocrx_word' id='word_1_19' title='bbox 785 1206 869 1276; x_wconf 87' lang='lat' dir='ltr'>villa</span> <span class='ocrx_word' id='word_1_20' title='bbox 896 1207 960 1277; x_wconf 91' lang='lat' dir='ltr'>sub</span> <span class='ocrx_word' id='word_1_21' title='bbox 986 1206 1152 1295; x_wconf 88' lang='lat' dir='ltr'>parochia</span> <span class='ocrx_word' id='word_1_22' title='bbox 1179 1204 1221 1273; x_wconf 92' lang='lat' dir='ltr'>de</span> <span class='ocrx_word' id='word_1_23' title='bbox 1249 1202 1426 1273; x_wconf 87' lang='lat' dir='ltr'>Szucha</span> <span class='ocrx_word' id='word_1_24' title='bbox 1453 1202 1540 1289; x_wconf 87' lang='lat' dir='ltr'>sita,</span> <span class='ocrx_word' id='word_1_25' title='bbox 1568 1202 1666 1271; x_wconf 88' lang='lat' dir='ltr'>cuius</span> <span class='ocrx_word' id='word_1_26' title='bbox 1692 1200 1870 1271; x_wconf 90' lang='lat' dir='ltr'>haeredes:</span> <span class='ocrx_word' id='word_1_27' title='bbox 1898 1198 2027 1269; x_wconf 86' lang='lat' dir='ltr'>Petrus</span> 
     </span>
     <span class='ocr_line' id='line_1_5' title="bbox 473 1321 2031 1417; baseline -0.006 -18"><span class='ocrx_word' id='word_1_28' title='bbox 473 1328 707 1417; x_wconf 80' lang='lat' dir='ltr'>Suulyma,</span> <span class='ocrx_word' id='word_1_29' title='bbox 735 1331 771 1396; x_wconf 92' lang='lat' dir='ltr'>et</span> <span class='ocrx_word' id='word_1_30' title='bbox 798 1325 1026 1415; x_wconf 85' lang='lat' dir='ltr'>Skarbek,</span> <span class='ocrx_word' id='word_1_31' title='bbox 1054 1333 1091 1396; x_wconf 91' lang='lat' dir='ltr'>et</span> <span class='ocrx_word' id='word_1_32' title='bbox 1118 1324 1312 1396; x_wconf 85' lang='lat' dir='ltr'>Stanislaus</span> <span class='ocrx_word' id='word_1_33' title='bbox 1340 1324 1382 1393; x_wconf 90' lang='lat' dir='ltr'>de</span> <span class='ocrx_word' id='word_1_34' title='bbox 1412 1324 1517 1393; x_wconf 89' lang='lat' dir='ltr'>armis</span> <span class='ocrx_word' id='word_1_35' title='bbox 1545 1321 1756 1393; x_wconf 89' lang='lat' dir='ltr'>Szulima.</span> <span class='ocrx_word' id='word_1_36' title='bbox 1783 1321 1824 1391; x_wconf 92' lang='lat' dir='ltr'>In</span> <span class='ocrx_word' id='word_1_37' title='bbox 1852 1340 1921 1410; x_wconf 88' lang='lat' dir='ltr'>qua</span> <span class='ocrx_word' id='word_1_38' title='bbox 1947 1325 2031 1390; x_wconf 90' lang='lat' dir='ltr'>sunt</span> 
     </span>
     <span class='ocr_line' id='line_1_6' title="bbox 440 1442 2028 1546; baseline -0.006 -27"><span class='ocrx_word' id='word_1_39' title='bbox 440 1537 444 1546; x_wconf 92' lang='lat'><em>.</em></span> <span class='ocrx_word' id='word_1_40' title='bbox 470 1448 564 1519; x_wconf 91' lang='lat' dir='ltr'>lanei</span> <span class='ocrx_word' id='word_1_41' title='bbox 591 1448 841 1537; x_wconf 89' lang='lat' dir='ltr'>cmethonales,</span> <span class='ocrx_word' id='word_1_42' title='bbox 869 1447 912 1516; x_wconf 92' lang='lat' dir='ltr'>de</span> <span class='ocrx_word' id='word_1_43' title='bbox 939 1448 1064 1536; x_wconf 89' lang='lat' dir='ltr'>quibus</span> <span class='ocrx_word' id='word_1_44' title='bbox 1091 1446 1239 1517; x_wconf 89' lang='lat' dir='ltr'>solvitur</span> <span class='ocrx_word' id='word_1_45' title='bbox 1266 1450 1301 1515; x_wconf 91' lang='lat' dir='ltr'>et</span> <span class='ocrx_word' id='word_1_46' title='bbox 1329 1444 1545 1532; x_wconf 81' lang='lat' dir='ltr'>conducitur,</span> <span class='ocrx_word' id='word_1_47' title='bbox 1573 1443 1707 1515; x_wconf 87' lang='lat' dir='ltr'>decima</span> <span class='ocrx_word' id='word_1_48' title='bbox 1732 1442 1962 1532; x_wconf 80' lang='lat' dir='ltr'>manipularis</span> <span class='ocrx_word' id='word_1_49' title='bbox 1991 1447 2028 1511; x_wconf 88' lang='lat' dir='ltr'>et</span> 
     </span>
     <span class='ocr_line' id='line_1_7' title="bbox 473 1562 2030 1658; baseline -0.006 -18"><span class='ocrx_word' id='word_1_50' title='bbox 473 1568 650 1658; x_wconf 89' lang='lat' dir='ltr'>canapalis</span> <span class='ocrx_word' id='word_1_51' title='bbox 677 1589 741 1658; x_wconf 88' lang='lat' dir='ltr'>pro</span> <span class='ocrx_word' id='word_1_52' title='bbox 770 1567 928 1637; x_wconf 91' lang='lat' dir='ltr'>custodia</span> <span class='ocrx_word' id='word_1_53' title='bbox 955 1567 1236 1655; x_wconf 89' lang='lat' dir='ltr'>Sandomiriensi,</span> <span class='ocrx_word' id='word_1_54' title='bbox 1265 1567 1361 1637; x_wconf 90' lang='lat' dir='ltr'>ouius</span> <span class='ocrx_word' id='word_1_55' title='bbox 1389 1565 1487 1636; x_wconf 90' lang='lat' dir='ltr'>valor</span> <span class='ocrx_word' id='word_1_56' title='bbox 1514 1564 1559 1635; x_wconf 90' lang='lat' dir='ltr'>ad</span> <span class='ocrx_word' id='word_1_57' title='bbox 1587 1570 1735 1654; x_wconf 91' lang='lat' dir='ltr'>quatuor</span> <span class='ocrx_word' id='word_1_58' title='bbox 1761 1583 1905 1635; x_wconf 85' lang='lat' dir='ltr'>marcas.</span> <span class='ocrx_word' id='word_1_59' title='bbox 1941 1562 2030 1631; x_wconf 86' lang='lat' dir='ltr'>Item</span> 
     </span>
     <span class='ocr_line' id='line_1_8' title="bbox 475 1682 2032 1777; baseline -0.006 -16"><span class='ocrx_word' id='word_1_60' title='bbox 475 1696 557 1761; x_wconf 89' lang='lat' dir='ltr'>sunt</span> <span class='ocrx_word' id='word_1_61' title='bbox 583 1689 632 1759; x_wconf 92' lang='lat' dir='ltr'>ibi</span> <span class='ocrx_word' id='word_1_62' title='bbox 658 1689 825 1759; x_wconf 87' lang='lat' dir='ltr'>tabernae</span> <span class='ocrx_word' id='word_1_63' title='bbox 852 1694 935 1777; x_wconf 90' lang='lat' dir='ltr'>tres,</span> <span class='ocrx_word' id='word_1_64' title='bbox 963 1688 1046 1758; x_wconf 88' lang='lat' dir='ltr'>item</span> <span class='ocrx_word' id='word_1_65' title='bbox 1072 1688 1302 1777; x_wconf 90' lang='lat' dir='ltr'>hortulaniae,</span> <span class='ocrx_word' id='word_1_66' title='bbox 1331 1688 1414 1757; x_wconf 92' lang='lat' dir='ltr'>item</span> <span class='ocrx_word' id='word_1_67' title='bbox 1434 1691 1516 1759; x_wconf 89' lang='lat' dir='ltr'>sunt</span> <span class='ocrx_word' id='word_1_68' title='bbox 1533 1686 1581 1757; x_wconf 91' lang='lat' dir='ltr'>ibi</span> <span class='ocrx_word' id='word_1_69' title='bbox 1601 1690 1750 1775; x_wconf 89' lang='lat' dir='ltr'>quatuor</span> <span class='ocrx_word' id='word_1_70' title='bbox 1768 1684 1912 1774; x_wconf 88' lang='lat' dir='ltr'>praedia</span> <span class='ocrx_word' id='word_1_71' title='bbox 1940 1682 2032 1753; x_wconf 89' lang='lat' dir='ltr'>mili-</span> 
     </span>
     <span class='ocr_line' id='line_1_9' title="bbox 455 1804 2032 1900; baseline -0.004 -20"><span class='ocrx_word' id='word_1_72' title='bbox 455 1810 583 1900; x_wconf 84' lang='lat' dir='ltr'>taria,</span> <span class='ocrx_word' id='word_1_73' title='bbox 610 1810 694 1879; x_wconf 91' lang='lat' dir='ltr'>item</span> <span class='ocrx_word' id='word_1_74' title='bbox 722 1810 854 1899; x_wconf 88' lang='lat' dir='ltr'>aliquot</span> <span class='ocrx_word' id='word_1_75' title='bbox 880 1809 972 1879; x_wconf 90' lang='lat' dir='ltr'>lanei</span> <span class='ocrx_word' id='word_1_76' title='bbox 1000 1810 1235 1880; x_wconf 86' lang='lat' dir='ltr'>cmetbonales</span> <span class='ocrx_word' id='word_1_77' title='bbox 1263 1809 1356 1879; x_wconf 89' lang='lat' dir='ltr'>ultra</span> <span class='ocrx_word' id='word_1_78' title='bbox 1383 1810 1535 1898; x_wconf 77' lang='lat' dir='ltr'>priamo,</span> <span class='ocrx_word' id='word_1_79' title='bbox 1570 1807 1613 1877; x_wconf 92' lang='lat' dir='ltr'>de</span> <span class='ocrx_word' id='word_1_80' title='bbox 1642 1808 1765 1897; x_wconf 82' lang='lat' dir='ltr'>quibus</span> <span class='ocrx_word' id='word_1_81' title='bbox 1794 1806 1943 1879; x_wconf 82' lang='lat' dir='ltr'>soluitur</span> <span class='ocrx_word' id='word_1_82' title='bbox 1971 1804 2032 1873; x_wconf 75' lang='lat' dir='ltr'>de</span> 
     </span>
     <span class='ocr_line' id='line_1_10' title="bbox 474 1930 1613 2020; baseline -0.003 -19"><span class='ocrx_word' id='word_1_83' title='bbox 474 1932 563 2001; x_wconf 91' lang='lat' dir='ltr'>cima</span> <span class='ocrx_word' id='word_1_84' title='bbox 588 1930 813 2020; x_wconf 84' lang='lat' dir='ltr'>manipularis</span> <span class='ocrx_word' id='word_1_85' title='bbox 841 1930 1005 2001; x_wconf 87' lang='lat' dir='ltr'>ecclesiae</span> <span class='ocrx_word' id='word_1_86' title='bbox 1032 1931 1234 2020; x_wconf 81' lang='lat' dir='ltr'>parochiali,</span> <span class='ocrx_word' id='word_1_87' title='bbox 1262 1932 1297 2001; x_wconf 92' lang='lat' dir='ltr'>in</span> <span class='ocrx_word' id='word_1_88' title='bbox 1326 1930 1613 2001; x_wconf 88' lang='lat' dir='ltr'>Thsohozow.</span> 
     </span>
    </p>

    <p class='ocr_par' dir='ltr' id='par_1_4' title="bbox 1010 2051 1361 2123">
     <span class='ocr_line' id='line_1_11' title="bbox 1010 2051 1361 2123; baseline 0.011 -6"><span class='ocrx_word' id='word_1_89' title='bbox 1010 2111 1014 2117; x_wconf 89' lang='lat'><em>.</em></span> <span class='ocrx_word' id='word_1_90' title='bbox 1138 2051 1361 2123; x_wconf 77' lang='lat' dir='ltr'>Murscnnu,</span> 
     </span>
    </p>

    <p class='ocr_par' dir='ltr' id='par_1_5' title="bbox 379 2170 2035 3723">
     <span class='ocr_line' id='line_1_12' title="bbox 530 2170 2032 2262; baseline 0 -22"><span class='ocrx_word' id='word_1_91' title='bbox 530 2228 537 2240; x_wconf 92' lang='lat'><em>.</em></span> <span class='ocrx_word' id='word_1_92' title='bbox 577 2172 674 2244; x_wconf 85' lang='lat' dir='ltr'>Villa</span> <span class='ocrx_word' id='word_1_93' title='bbox 699 2173 831 2244; x_wconf 89' lang='lat' dir='ltr'>habens</span> <span class='ocrx_word' id='word_1_94' title='bbox 858 2173 894 2243; x_wconf 93' lang='lat' dir='ltr'>in</span> <span class='ocrx_word' id='word_1_95' title='bbox 921 2194 959 2243; x_wconf 94' lang='lat' dir='ltr'>se</span> <span class='ocrx_word' id='word_1_96' title='bbox 986 2174 1167 2244; x_wconf 89' lang='lat' dir='ltr'>ecclesiam</span> <span class='ocrx_word' id='word_1_97' title='bbox 1205 2174 1437 2262; x_wconf 83' lang='lat' dir='ltr'>parochialem</span> <span class='ocrx_word' id='word_1_98' title='bbox 1475 2173 1646 2262; x_wconf 81' lang='lat' dir='ltr'>ligneam,</span> <span class='ocrx_word' id='word_1_99' title='bbox 1682 2170 1828 2241; x_wconf 86' lang='lat' dir='ltr'>Sanctae</span> <span class='ocrx_word' id='word_1_100' title='bbox 1850 2222 2032 2257; x_wconf 44' lang='grc'><strong>.......</strong></span> 
     </span>
     <span class='ocr_line' id='line_1_13' title="bbox 475 2290 2032 2383; baseline -0.004 -18"><span class='ocrx_word' id='word_1_101' title='bbox 475 2294 573 2365; x_wconf 91' lang='lat' dir='ltr'>cuius</span> <span class='ocrx_word' id='word_1_102' title='bbox 601 2294 683 2363; x_wconf 97' lang='lat' dir='ltr'>olim</span> <span class='ocrx_word' id='word_1_103' title='bbox 709 2294 908 2383; x_wconf 78' lang='lat' dir='ltr'>proprietas</span> <span class='ocrx_word' id='word_1_104' title='bbox 926 2295 970 2365; x_wconf 88' lang='lat' dir='ltr'>ad</span> <span class='ocrx_word' id='word_1_105' title='bbox 988 2296 1237 2365; x_wconf 88' lang='lat' dir='ltr'>monasterium</span> <span class='ocrx_word' id='word_1_106' title='bbox 1265 2294 1411 2365; x_wconf 85' lang='lat' dir='ltr'>Sanctae</span> <span class='ocrx_word' id='word_1_107' title='bbox 1439 2292 1558 2365; x_wconf 80' lang='lat' dir='ltr'>Crucis</span> <span class='ocrx_word' id='word_1_108' title='bbox 1587 2292 1722 2365; x_wconf 85' lang='lat' dir='ltr'>Calvi·</span> <span class='ocrx_word' id='word_1_109' title='bbox 1745 2290 1924 2361; x_wconf 89' lang='lat' dir='ltr'>Montis</span> <span class='ocrx_word' id='word_1_110' title='bbox 1951 2310 2032 2379; x_wconf 91' lang='lat' dir='ltr'>per-</span> 
     </span>
     <span class='ocr_line' id='line_1_14' title="bbox 474 2410 2034 2505; baseline -0.003 -22"><span class='ocrx_word' id='word_1_111' title='bbox 474 2414 619 2503; x_wconf 91' lang='lat' dir='ltr'>tinebat,</span> <span class='ocrx_word' id='word_1_112' title='bbox 646 2434 723 2483; x_wconf 91' lang='lat' dir='ltr'>cum</span> <span class='ocrx_word' id='word_1_113' title='bbox 750 2416 843 2485; x_wconf 94' lang='lat' dir='ltr'>omni</span> <span class='ocrx_word' id='word_1_114' title='bbox 869 2415 1090 2505; x_wconf 83' lang='lat' dir='ltr'>integritate,</span> <span class='ocrx_word' id='word_1_115' title='bbox 1123 2422 1159 2486; x_wconf 89' lang='lat' dir='ltr'>et</span> <span class='ocrx_word' id='word_1_116' title='bbox 1186 2422 1263 2487; x_wconf 89' lang='lat' dir='ltr'>erat</span> <span class='ocrx_word' id='word_1_117' title='bbox 1290 2416 1339 2486; x_wconf 94' lang='lat' dir='ltr'>ibi</span> <span class='ocrx_word' id='word_1_118' title='bbox 1366 2416 1453 2493; x_wconf 86' lang='lat' dir='ltr'>cella</span> <span class='ocrx_word' id='word_1_119' title='bbox 1480 2414 1628 2504; x_wconf 90' lang='lat' dir='ltr'>praefati</span> <span class='ocrx_word' id='word_1_120' title='bbox 1655 2412 1856 2485; x_wconf 89' lang='lat' dir='ltr'>monasterii</span> <span class='ocrx_word' id='word_1_121' title='bbox 1883 2410 2034 2481; x_wconf 85' lang='lat' dir='ltr'>Sanctae</span> 
     </span>
     <span class='ocr_line' id='line_1_15' title="bbox 476 2532 2033 2637; baseline -0.003 -32"><span class='ocrx_word' id='word_1_122' title='bbox 476 2532 607 2624; x_wconf 86' lang='lat' dir='ltr'>Crucis,</span> <span class='ocrx_word' id='word_1_123' title='bbox 635 2556 736 2624; x_wconf 89' lang='lat' dir='ltr'>quam</span> <span class='ocrx_word' id='word_1_124' title='bbox 763 2557 852 2606; x_wconf 92' lang='lat' dir='ltr'>unus</span> <span class='ocrx_word' id='word_1_125' title='bbox 880 2556 923 2605; x_wconf 86' lang='lat' dir='ltr'>ex</span> <span class='ocrx_word' id='word_1_126' title='bbox 948 2535 1117 2607; x_wconf 84' lang='lat' dir='ltr'>fratribus</span> <span class='ocrx_word' id='word_1_127' title='bbox 1145 2536 1295 2637; x_wconf 79' lang='lat' dir='ltr'>praelati</span> <span class='ocrx_word' id='word_1_128' title='bbox 1322 2537 1542 2632; x_wconf 83' lang='lat' dir='ltr'>monasterii,</span> <span class='ocrx_word' id='word_1_129' title='bbox 1576 2537 1635 2625; x_wconf 89' lang='lat' dir='ltr'>qui</span> <span class='ocrx_word' id='word_1_130' title='bbox 1663 2534 1904 2625; x_wconf 85' lang='lat' dir='ltr'>appellabatur</span> <span class='ocrx_word' id='word_1_131' title='bbox 1931 2552 2033 2621; x_wconf 85' lang='lat' dir='ltr'>prae-</span> 
     </span>
     <span class='ocr_line' id='line_1_16' title="bbox 475 2654 2033 2747; baseline -0.003 -21"><span class='ocrx_word' id='word_1_132' title='bbox 475 2656 619 2745; x_wconf 89' lang='lat' dir='ltr'>positus,</span> <span class='ocrx_word' id='word_1_133' title='bbox 648 2656 692 2726; x_wconf 89' lang='lat' dir='ltr'>ab</span> <span class='ocrx_word' id='word_1_134' title='bbox 720 2655 896 2727; x_wconf 89' lang='lat' dir='ltr'>ordinario</span> <span class='ocrx_word' id='word_1_135' title='bbox 915 2658 1094 2729; x_wconf 87' lang='lat' dir='ltr'>institutus</span> <span class='ocrx_word' id='word_1_136' title='bbox 1113 2659 1148 2727; x_wconf 94' lang='lat' dir='ltr'>in</span> <span class='ocrx_word' id='word_1_137' title='bbox 1169 2658 1408 2747; x_wconf 76' lang='lat' dir='ltr'>spiritualibus</span> <span class='ocrx_word' id='word_1_138' title='bbox 1427 2664 1462 2727; x_wconf 90' lang='lat' dir='ltr'>et</span> <span class='ocrx_word' id='word_1_139' title='bbox 1479 2657 1730 2746; x_wconf 87' lang='lat' dir='ltr'>temporalibus</span> <span class='ocrx_word' id='word_1_140' title='bbox 1748 2654 2033 2739; x_wconf 60' lang='lat' dir='ltr'>administrabam</span> 
     </span>
     <span class='ocr_line' id='line_1_17' title="bbox 475 2758 2033 2867; baseline -0.002 -21"><span class='ocrx_word' id='word_1_141' title='bbox 475 2797 567 2847; x_wconf 89' lang='lat' dir='ltr'>nunc</span> <span class='ocrx_word' id='word_1_142' title='bbox 593 2797 676 2847; x_wconf 86' lang='lat' dir='ltr'>vero</span> <span class='ocrx_word' id='word_1_143' title='bbox 704 2776 787 2848; x_wconf 90' lang='lat' dir='ltr'>data</span> <span class='ocrx_word' id='word_1_144' title='bbox 813 2778 896 2848; x_wconf 90' lang='lat' dir='ltr'>villa</span> <span class='ocrx_word' id='word_1_145' title='bbox 922 2778 1077 2867; x_wconf 87' lang='lat' dir='ltr'>Yeszow,</span> <span class='ocrx_word' id='word_1_146' title='bbox 1114 2758 1191 2849; x_wconf 87' lang='lat' dir='ltr'>cum</span> <span class='ocrx_word' id='word_1_147' title='bbox 1229 2781 1305 2849; x_wconf 92' lang='lat' dir='ltr'>iure</span> <span class='ocrx_word' id='word_1_148' title='bbox 1341 2780 1517 2867; x_wconf 89' lang='lat' dir='ltr'>decimae,</span> <span class='ocrx_word' id='word_1_149' title='bbox 1546 2786 1581 2849; x_wconf 88' lang='lat' dir='ltr'>et</span> <span class='ocrx_word' id='word_1_150' title='bbox 1609 2778 1700 2849; x_wconf 91' lang='lat' dir='ltr'>omni</span> <span class='ocrx_word' id='word_1_151' title='bbox 1728 2776 1933 2865; x_wconf 85' lang='lat' dir='ltr'>integritate</span> <span class='ocrx_word' id='word_1_152' title='bbox 1960 2794 2033 2844; x_wconf 93' lang='lat' dir='ltr'>mo-</span> 
     </span>
     <span class='ocr_line' id='line_1_18' title="bbox 475 2896 2032 2989; baseline -0.002 -22"><span class='ocrx_word' id='word_1_153' title='bbox 475 2898 630 2968; x_wconf 88' lang='lat' dir='ltr'>nasterio</span> <span class='ocrx_word' id='word_1_154' title='bbox 657 2897 805 2970; x_wconf 87' lang='lat' dir='ltr'>Sanctae</span> <span class='ocrx_word' id='word_1_155' title='bbox 824 2897 953 2989; x_wconf 82' lang='lat' dir='ltr'>Crucis,</span> <span class='ocrx_word' id='word_1_156' title='bbox 980 2901 1076 2971; x_wconf 88' lang='lat' dir='ltr'>venit</span> <span class='ocrx_word' id='word_1_157' title='bbox 1093 2920 1156 2989; x_wconf 92' lang='lat' dir='ltr'>per</span> <span class='ocrx_word' id='word_1_158' title='bbox 1175 2901 1475 2971; x_wconf 90' lang='lat' dir='ltr'>commutationem</span> <span class='ocrx_word' id='word_1_159' title='bbox 1496 2901 1531 2969; x_wconf 93' lang='lat' dir='ltr'>in</span> <span class='ocrx_word' id='word_1_160' title='bbox 1549 2900 1800 2989; x_wconf 87' lang='lat' dir='ltr'>proprietatem</span> <span class='ocrx_word' id='word_1_161' title='bbox 1827 2896 2032 2967; x_wconf 85' lang='lat' dir='ltr'>monasterii</span> 
     </span>
     <span class='ocr_line' id='line_1_19' title="bbox 475 3017 2033 3111; baseline -0.001 -24"><span class='ocrx_word' id='word_1_162' title='bbox 475 3017 775 3089; x_wconf 84' lang='lat' dir='ltr'>Wancboczensis.</span> <span class='ocrx_word' id='word_1_163' title='bbox 813 3020 853 3089; x_wconf 93' lang='lat' dir='ltr'>ln</span> <span class='ocrx_word' id='word_1_164' title='bbox 881 3043 950 3110; x_wconf 89' lang='lat' dir='ltr'>qua</span> <span class='ocrx_word' id='word_1_165' title='bbox 976 3028 1058 3093; x_wconf 91' lang='lat' dir='ltr'>sunt</span> <span class='ocrx_word' id='word_1_166' title='bbox 1076 3022 1176 3092; x_wconf 89' lang='lat' dir='ltr'>lanei</span> <span class='ocrx_word' id='word_1_167' title='bbox 1204 3022 1454 3111; x_wconf 85' lang='lat' dir='ltr'>emethonales,</span> <span class='ocrx_word' id='word_1_168' title='bbox 1492 3022 1534 3091; x_wconf 89' lang='lat' dir='ltr'>de</span> <span class='ocrx_word' id='word_1_169' title='bbox 1563 3022 1686 3110; x_wconf 91' lang='lat' dir='ltr'>quibus</span> <span class='ocrx_word' id='word_1_170' title='bbox 1713 3020 1860 3091; x_wconf 90' lang='lat' dir='ltr'>solvitur</span> <span class='ocrx_word' id='word_1_171' title='bbox 1888 3023 1926 3087; x_wconf 88' lang='lat' dir='ltr'>et</span> <span class='ocrx_word' id='word_1_172' title='bbox 1952 3036 2033 3087; x_wconf 85' lang='lat' dir='ltr'>con-</span> 
     </span>
     <span class='ocr_line' id='line_1_20' title="bbox 476 3138 2031 3233; baseline -0.001 -24"><span class='ocrx_word' id='word_1_173' title='bbox 476 3139 625 3226; x_wconf 89' lang='lat' dir='ltr'>ducitur,</span> <span class='ocrx_word' id='word_1_174' title='bbox 662 3140 794 3211; x_wconf 88' lang='lat' dir='ltr'>decima</span> <span class='ocrx_word' id='word_1_175' title='bbox 820 3142 1047 3231; x_wconf 89' lang='lat' dir='ltr'>manipularis</span> <span class='ocrx_word' id='word_1_176' title='bbox 1075 3150 1111 3213; x_wconf 90' lang='lat' dir='ltr'>et</span> <span class='ocrx_word' id='word_1_177' title='bbox 1138 3144 1314 3233; x_wconf 88' lang='lat' dir='ltr'>canapalis</span> <span class='ocrx_word' id='word_1_178' title='bbox 1341 3164 1405 3232; x_wconf 91' lang='lat' dir='ltr'>pro</span> <span class='ocrx_word' id='word_1_179' title='bbox 1433 3143 1579 3213; x_wconf 89' lang='lat' dir='ltr'>ecclesia</span> <span class='ocrx_word' id='word_1_180' title='bbox 1604 3145 1644 3213; x_wconf 88' lang='lat' dir='ltr'>iu</span> <span class='ocrx_word' id='word_1_181' title='bbox 1668 3140 1898 3227; x_wconf 88' lang='lat' dir='ltr'>Mniszek,</span> <span class='ocrx_word' id='word_1_182' title='bbox 1936 3138 2031 3209; x_wconf 87' lang='lat' dir='ltr'>cuius</span> 
     </span>
     <span class='ocr_line' id='line_1_21' title="bbox 379 3260 2033 3354; baseline -0.001 -22"><span class='ocrx_word' id='word_1_183' title='bbox 379 3294 387 3312; x_wconf 90' lang='lat'><strong>·</strong></span> <span class='ocrx_word' id='word_1_184' title='bbox 477 3260 577 3332; x_wconf 82' lang='lat' dir='ltr'>valor</span> <span class='ocrx_word' id='word_1_185' title='bbox 603 3262 809 3332; x_wconf 87' lang='lat' dir='ltr'>aestimatur</span> <span class='ocrx_word' id='word_1_186' title='bbox 836 3262 880 3334; x_wconf 91' lang='lat' dir='ltr'>ad</span> <span class='ocrx_word' id='word_1_187' title='bbox 908 3284 967 3334; x_wconf 85' lang='lat' dir='ltr'>sex</span> <span class='ocrx_word' id='word_1_188' title='bbox 994 3284 1138 3336; x_wconf 89' lang='lat' dir='ltr'>marcas.</span> <span class='ocrx_word' id='word_1_189' title='bbox 1174 3265 1260 3336; x_wconf 91' lang='lat' dir='ltr'>Item</span> <span class='ocrx_word' id='word_1_190' title='bbox 1289 3265 1508 3354; x_wconf 85' lang='lat' dir='ltr'>praepositus</span> <span class='ocrx_word' id='word_1_191' title='bbox 1540 3264 1727 3354; x_wconf 87' lang='lat' dir='ltr'>regularia,</span> <span class='ocrx_word' id='word_1_192' title='bbox 1763 3262 1836 3334; x_wconf 83' lang='lat' dir='ltr'>sive</span> <span class='ocrx_word' id='word_1_193' title='bbox 1863 3260 2033 3350; x_wconf 90' lang='lat' dir='ltr'>plebanus</span> 
     </span>
     <span class='ocr_line' id='line_1_22' title="bbox 480 3382 2035 3477; baseline -0.001 -26"><span class='ocrx_word' id='word_1_194' title='bbox 480 3382 588 3453; x_wconf 90' lang='lat' dir='ltr'>babet</span> <span class='ocrx_word' id='word_1_195' title='bbox 614 3383 662 3452; x_wconf 92' lang='lat' dir='ltr'>ibi</span> <span class='ocrx_word' id='word_1_196' title='bbox 691 3404 795 3472; x_wconf 87' lang='lat' dir='ltr'>agros</span> <span class='ocrx_word' id='word_1_197' title='bbox 830 3384 1023 3473; x_wconf 90' lang='lat' dir='ltr'>praediales</span> <span class='ocrx_word' id='word_1_198' title='bbox 1051 3393 1086 3458; x_wconf 92' lang='lat' dir='ltr'>et</span> <span class='ocrx_word' id='word_1_199' title='bbox 1113 3393 1215 3475; x_wconf 88' lang='lat' dir='ltr'>prata</span> <span class='ocrx_word' id='word_1_200' title='bbox 1241 3409 1304 3477; x_wconf 92' lang='lat' dir='ltr'>pro</span> <span class='ocrx_word' id='word_1_201' title='bbox 1333 3408 1395 3458; x_wconf 88' lang='lat' dir='ltr'>suo</span> <span class='ocrx_word' id='word_1_202' title='bbox 1423 3408 1487 3459; x_wconf 90' lang='lat' dir='ltr'>usu</span> <span class='ocrx_word' id='word_1_203' title='bbox 1516 3391 1551 3456; x_wconf 93' lang='lat' dir='ltr'>et</span> <span class='ocrx_word' id='word_1_204' title='bbox 1576 3387 1803 3474; x_wconf 79' lang='lat' dir='ltr'>necessitate,</span> <span class='ocrx_word' id='word_1_205' title='bbox 1838 3383 1882 3454; x_wconf 90' lang='lat' dir='ltr'>de</span> <span class='ocrx_word' id='word_1_206' title='bbox 1910 3382 2035 3471; x_wconf 85' lang='lat' dir='ltr'>quibus</span> 
     </span>
     <span class='ocr_line' id='line_1_23' title="bbox 478 3503 2031 3596; baseline 0 -23"><span class='ocrx_word' id='word_1_207' title='bbox 478 3503 644 3574; x_wconf 89' lang='lat' dir='ltr'>decimam</span> <span class='ocrx_word' id='word_1_208' title='bbox 671 3524 735 3594; x_wconf 86' lang='lat' dir='ltr'>pro</span> <span class='ocrx_word' id='word_1_209' title='bbox 759 3525 795 3575; x_wconf 89' lang='lat' dir='ltr'>se</span> <span class='ocrx_word' id='word_1_210' title='bbox 814 3505 918 3576; x_wconf 91' lang='lat' dir='ltr'>tollit.</span> <span class='ocrx_word' id='word_1_211' title='bbox 945 3506 1033 3578; x_wconf 85' lang='lat' dir='ltr'>item</span> <span class='ocrx_word' id='word_1_212' title='bbox 1061 3514 1115 3578; x_wconf 90' lang='lat' dir='ltr'>est</span> <span class='ocrx_word' id='word_1_213' title='bbox 1143 3509 1191 3579; x_wconf 94' lang='lat' dir='ltr'>ibi</span> <span class='ocrx_word' id='word_1_214' title='bbox 1218 3508 1451 3580; x_wconf 91' lang='lat' dir='ltr'>molendinum</span> <span class='ocrx_word' id='word_1_215' title='bbox 1478 3509 1514 3578; x_wconf 92' lang='lat' dir='ltr'>in</span> <span class='ocrx_word' id='word_1_216' title='bbox 1541 3508 1690 3596; x_wconf 87' lang='lat' dir='ltr'>flumine,</span> <span class='ocrx_word' id='word_1_217' title='bbox 1718 3506 1810 3596; x_wconf 91' lang='lat' dir='ltr'>quod</span> <span class='ocrx_word' id='word_1_218' title='bbox 1837 3525 1902 3594; x_wconf 87' lang='lat' dir='ltr'>pro</span> <span class='ocrx_word' id='word_1_219' title='bbox 1930 3523 2031 3593; x_wconf 87' lang='lat' dir='ltr'>prae-</span> 
     </span>
     <span class='ocr_line' id='line_1_24' title="bbox 477 3624 1487 3723; baseline 0.007 -29"><span class='ocrx_word' id='word_1_220' title='bbox 477 3624 591 3713; x_wconf 90' lang='lat' dir='ltr'>posito</span> <span class='ocrx_word' id='word_1_221' title='bbox 618 3630 785 3696; x_wconf 89' lang='lat' dir='ltr'>metretas</span> <span class='ocrx_word' id='word_1_222' title='bbox 813 3627 926 3698; x_wconf 90' lang='lat' dir='ltr'>solvit.</span> <span class='ocrx_word' id='word_1_223' title='bbox 1482 3715 1487 3723; x_wconf 88' lang='lat'><em>.</em></span> 
     </span>
    </p>

    <p class='ocr_par' dir='ltr' id='par_1_6' title="bbox 477 3743 2034 4326">
     <span class='ocr_line' id='line_1_25' title="bbox 580 3743 2032 3842; baseline 0.001 -27"><span class='ocrx_word' id='word_1_224' title='bbox 580 3744 781 3837; x_wconf 80' lang='lat' dir='ltr'>Wonrczn,</span> <span class='ocrx_word' id='word_1_225' title='bbox 807 3748 892 3818; x_wconf 91' lang='lat' dir='ltr'>villa</span> <span class='ocrx_word' id='word_1_226' title='bbox 919 3750 982 3820; x_wconf 91' lang='lat' dir='ltr'>sub</span> <span class='ocrx_word' id='word_1_227' title='bbox 1010 3751 1176 3840; x_wconf 91' lang='lat' dir='ltr'>parocbia</span> <span class='ocrx_word' id='word_1_228' title='bbox 1202 3751 1246 3820; x_wconf 93' lang='lat' dir='ltr'>de</span> <span class='ocrx_word' id='word_1_229' title='bbox 1273 3751 1496 3842; x_wconf 87' lang='lat' dir='ltr'>Mnysze·k</span> <span class='ocrx_word' id='word_1_230' title='bbox 1523 3752 1609 3840; x_wconf 92' lang='lat' dir='ltr'>sita,</span> <span class='ocrx_word' id='word_1_231' title='bbox 1637 3751 1733 3822; x_wconf 89' lang='lat' dir='ltr'>cuius</span> <span class='ocrx_word' id='word_1_232' title='bbox 1761 3743 1960 3838; x_wconf 87' lang='lat' dir='ltr'>proprietas</span> <span class='ocrx_word' id='word_1_233' title='bbox 1987 3745 2032 3816; x_wconf 87' lang='lat' dir='ltr'>ad</span> 
     </span>
     <span class='ocr_line' id='line_1_26' title="bbox 477 3855 2032 3963; baseline 0.002 -28"><span class='ocrx_word' id='word_1_234' title='bbox 477 3868 725 3938; x_wconf 91' lang='lat' dir='ltr'>monasterium</span> <span class='ocrx_word' id='word_1_235' title='bbox 753 3855 1032 3942; x_wconf 76' lang='lat' dir='ltr'>Wanchoczense</span> <span class='ocrx_word' id='word_1_236' title='bbox 1058 3873 1220 3961; x_wconf 87' lang='lat' dir='ltr'>pertinet</span> <span class='ocrx_word' id='word_1_237' title='bbox 1249 3873 1288 3942; x_wconf 93' lang='lat' dir='ltr'>In</span> <span class='ocrx_word' id='word_1_238' title='bbox 1309 3894 1376 3963; x_wconf 90' lang='lat' dir='ltr'>qua</span> <span class='ocrx_word' id='word_1_239' title='bbox 1394 3879 1477 3944; x_wconf 90' lang='lat' dir='ltr'>sunt</span> <span class='ocrx_word' id='word_1_240' title='bbox 1504 3874 1595 3944; x_wconf 88' lang='lat' dir='ltr'>lanei</span> <span class='ocrx_word' id='word_1_241' title='bbox 1623 3870 1866 3959; x_wconf 85' lang='lat' dir='ltr'>emethonales,</span> <span class='ocrx_word' id='word_1_242' title='bbox 1893 3869 1937 3939; x_wconf 91' lang='lat' dir='ltr'>de</span> <span class='ocrx_word' id='word_1_243' title='bbox 1956 3867 2032 3957; x_wconf 87' lang='lat' dir='ltr'>qui-</span> 
     </span>
     <span class='ocr_line' id='line_1_27' title="bbox 477 3987 2033 4083; baseline 0.001 -26"><span class='ocrx_word' id='word_1_244' title='bbox 477 3987 544 4057; x_wconf 91' lang='lat' dir='ltr'>bus</span> <span class='ocrx_word' id='word_1_245' title='bbox 572 3988 718 4058; x_wconf 90' lang='lat' dir='ltr'>solvitur</span> <span class='ocrx_word' id='word_1_246' title='bbox 745 3995 782 4060; x_wconf 93' lang='lat' dir='ltr'>et</span> <span class='ocrx_word' id='word_1_247' title='bbox 809 3991 1013 4062; x_wconf 91' lang='lat' dir='ltr'>conducitur</span> <span class='ocrx_word' id='word_1_248' title='bbox 1045 3993 1178 4064; x_wconf 90' lang='lat' dir='ltr'>decima</span> <span class='ocrx_word' id='word_1_249' title='bbox 1213 3991 1439 4082; x_wconf 89' lang='lat' dir='ltr'>manipularis</span> <span class='ocrx_word' id='word_1_250' title='bbox 1467 4001 1502 4064; x_wconf 90' lang='lat' dir='ltr'>ot</span> <span class='ocrx_word' id='word_1_251' title='bbox 1529 3993 1705 4083; x_wconf 88' lang='lat' dir='ltr'>canapalis</span> <span class='ocrx_word' id='word_1_252' title='bbox 1731 4013 1795 4082; x_wconf 92' lang='lat' dir='ltr'>pro</span> <span class='ocrx_word' id='word_1_253' title='bbox 1823 3990 1971 4060; x_wconf 85' lang='lat' dir='ltr'>ecclesia</span> <span class='ocrx_word' id='word_1_254' title='bbox 1998 3990 2033 4058; x_wconf 91' lang='lat' dir='ltr'>in</span> 
     </span>
     <span class='ocr_line' id='line_1_28' title="bbox 478 4103 2033 4204; baseline 0.002 -28"><span class='ocrx_word' id='word_1_255' title='bbox 478 4106 713 4198; x_wconf 85' lang='lat' dir='ltr'>Mnyschek,</span> <span class='ocrx_word' id='word_1_256' title='bbox 741 4117 777 4180; x_wconf 92' lang='lat' dir='ltr'>et</span> <span class='ocrx_word' id='word_1_257' title='bbox 795 4112 894 4182; x_wconf 82' lang='lat' dir='ltr'>valor</span> <span class='ocrx_word' id='word_1_258' title='bbox 912 4114 986 4183; x_wconf 89' lang='lat' dir='ltr'>eius</span> <span class='ocrx_word' id='word_1_259' title='bbox 1006 4103 1212 4186; x_wconf 84' lang='lat' dir='ltr'>aestimatur</span> <span class='ocrx_word' id='word_1_260' title='bbox 1239 4115 1283 4184; x_wconf 90' lang='lat' dir='ltr'>ad</span> <span class='ocrx_word' id='word_1_261' title='bbox 1311 4121 1460 4204; x_wconf 88' lang='lat' dir='ltr'>quatuor</span> <span class='ocrx_word' id='word_1_262' title='bbox 1487 4135 1632 4186; x_wconf 89' lang='lat' dir='ltr'>marcas.</span> <span class='ocrx_word' id='word_1_263' title='bbox 1659 4113 1747 4184; x_wconf 90' lang='lat' dir='ltr'>Item</span> <span class='ocrx_word' id='word_1_264' title='bbox 1776 4113 1824 4184; x_wconf 91' lang='lat' dir='ltr'>ibi</span> <span class='ocrx_word' id='word_1_265' title='bbox 1852 4111 2033 4200; x_wconf 89' lang='lat' dir='ltr'>praedium</span> 
     </span>
     <span class='ocr_line' id='line_1_29' title="bbox 479 4229 2034 4326; baseline 0.003 -29"><span class='ocrx_word' id='word_1_266' title='bbox 479 4247 548 4298; x_wconf 92' lang='lat' dir='ltr'>non</span> <span class='ocrx_word' id='word_1_267' title='bbox 567 4233 630 4318; x_wconf 92' lang='lat' dir='ltr'>est,</span> <span class='ocrx_word' id='word_1_268' title='bbox 656 4229 739 4298; x_wconf 93' lang='lat' dir='ltr'>item</span> <span class='ocrx_word' id='word_1_269' title='bbox 758 4231 991 4303; x_wconf 92' lang='lat' dir='ltr'>molendinum</span> <span class='ocrx_word' id='word_1_270' title='bbox 1010 4255 1078 4306; x_wconf 91' lang='lat' dir='ltr'>non</span> <span class='ocrx_word' id='word_1_271' title='bbox 1097 4241 1160 4326; x_wconf 88' lang='lat' dir='ltr'>est,</span> <span class='ocrx_word' id='word_1_272' title='bbox 1180 4236 1265 4307; x_wconf 90' lang='lat' dir='ltr'>item</span> <span class='ocrx_word' id='word_1_273' title='bbox 1284 4257 1352 4307; x_wconf 93' lang='lat' dir='ltr'>non</span> <span class='ocrx_word' id='word_1_274' title='bbox 1372 4241 1454 4308; x_wconf 88' lang='lat' dir='ltr'>sunt</span> <span class='ocrx_word' id='word_1_275' title='bbox 1471 4236 1647 4324; x_wconf 89' lang='lat' dir='ltr'>tabernae,</span> <span class='ocrx_word' id='word_1_276' title='bbox 1672 4253 1784 4324; x_wconf 91' lang='lat' dir='ltr'>neque</span> <span class='ocrx_word' id='word_1_277' title='bbox 1803 4232 2034 4304; x_wconf 88' lang='lat' dir='ltr'>hortulaniae.</span> 
     </span>
    </p>

    <p class='ocr_par' dir='ltr' id='par_1_7' title="bbox 480 4331 2070 4567">
     <span class='ocr_line' id='line_1_30' title="bbox 583 4331 2070 4449; baseline 0.004 -31"><span class='ocrx_word' id='word_1_278' title='bbox 583 4348 796 4440; x_wconf 81' lang='lat' dir='ltr'>anrszun,</span> <span class='ocrx_word' id='word_1_279' title='bbox 824 4353 908 4424; x_wconf 86' lang='lat' dir='ltr'>uilla</span> <span class='ocrx_word' id='word_1_280' title='bbox 934 4356 999 4426; x_wconf 90' lang='lat' dir='ltr'>sub</span> <span class='ocrx_word' id='word_1_281' title='bbox 1025 4357 1194 4449; x_wconf 91' lang='lat' dir='ltr'>parochia</span> <span class='ocrx_word' id='word_1_282' title='bbox 1214 4357 1265 4448; x_wconf 89' lang='lat' dir='ltr'>de</span> <span class='ocrx_word' id='word_1_283' title='bbox 1292 4357 1513 4448; x_wconf 85' lang='lat' dir='ltr'>Mnyszek</span> <span class='ocrx_word' id='word_1_284' title='bbox 1541 4331 1625 4447; x_wconf 85' lang='lat' dir='ltr'>sita,</span> <span class='ocrx_word' id='word_1_285' title='bbox 1653 4357 1751 4427; x_wconf 88' lang='lat' dir='ltr'>cuius</span> <span class='ocrx_word' id='word_1_286' title='bbox 1778 4355 1903 4426; x_wconf 89' lang='lat' dir='ltr'>haeres</span> <span class='ocrx_word' id='word_1_287' title='bbox 1930 4353 2035 4424; x_wconf 78' lang='lat' dir='ltr'>Nico·</span> <span class='ocrx_word' id='word_1_288' title='bbox 2066 4378 2070 4390; x_wconf 91' lang='lat'>·</span> 
     </span>
     <span class='ocr_line' id='line_1_31' title="bbox 480 4467 2034 4567; baseline 0.003 -29"><span class='ocrx_word' id='word_1_289' title='bbox 480 4467 557 4540; x_wconf 91' lang='lat' dir='ltr'>laus</span> <span class='ocrx_word' id='word_1_290' title='bbox 584 4467 715 4562; x_wconf 86' lang='lat' dir='ltr'>Orlyk</span> <span class='ocrx_word' id='word_1_291' title='bbox 742 4473 785 4542; x_wconf 92' lang='lat' dir='ltr'>de</span> <span class='ocrx_word' id='word_1_292' title='bbox 813 4474 914 4545; x_wconf 93' lang='lat' dir='ltr'>domo</span> <span class='ocrx_word' id='word_1_293' title='bbox 942 4475 1166 4567; x_wconf 87' lang='lat' dir='ltr'>Nyeczuya.</span> <span class='ocrx_word' id='word_1_294' title='bbox 1193 4478 1234 4548; x_wconf 96' lang='lat' dir='ltr'>In</span> <span class='ocrx_word' id='word_1_295' title='bbox 1254 4498 1322 4567; x_wconf 91' lang='lat' dir='ltr'>qua</span> <span class='ocrx_word' id='word_1_296' title='bbox 1340 4484 1421 4548; x_wconf 90' lang='lat' dir='ltr'>sunt</span> <span class='ocrx_word' id='word_1_297' title='bbox 1448 4479 1538 4548; x_wconf 91' lang='lat' dir='ltr'>lanei</span> <span class='ocrx_word' id='word_1_298' title='bbox 1566 4477 1809 4564; x_wconf 83' lang='lat' dir='ltr'>omethonales,</span> <span class='ocrx_word' id='word_1_299' title='bbox 1836 4475 2034 4564; x_wconf 89' lang='lat' dir='ltr'>dequibus</span> 
     </span>
    </p>
   </div>
   <div class='ocr_carea' id='block_1_3' title="bbox 339 4590 2035 4688">
    <p class='ocr_par' dir='ltr' id='par_1_8' title="bbox 339 4590 2035 4688">
     <span class='ocr_line' id='line_1_32' title="bbox 339 4590 2035 4688; baseline 0.002 -28"><span class='ocrx_word' id='word_1_300' title='bbox 339 4668 342 4685; x_wconf 45' lang='grc'><strong>,</strong></span> <span class='ocrx_word' id='word_1_301' title='bbox 480 4590 627 4661; x_wconf 86' lang='lat' dir='ltr'>solvitur</span> <span class='ocrx_word' id='word_1_302' title='bbox 662 4597 699 4661; x_wconf 91' lang='lat' dir='ltr'>et</span> <span class='ocrx_word' id='word_1_303' title='bbox 726 4593 930 4666; x_wconf 90' lang='lat' dir='ltr'>conducitur</span> <span class='ocrx_word' id='word_1_304' title='bbox 966 4597 1099 4668; x_wconf 90' lang='lat' dir='ltr'>decima</span> <span class='ocrx_word' id='word_1_305' title='bbox 1135 4599 1361 4688; x_wconf 88' lang='lat' dir='ltr'>manipularis</span> <span class='ocrx_word' id='word_1_306' title='bbox 1398 4605 1434 4673; x_wconf 89' lang='lat' dir='ltr'>et</span> <span class='ocrx_word' id='word_1_307' title='bbox 1461 4599 1635 4688; x_wconf 87' lang='lat' dir='ltr'>canapalis</span> <span class='ocrx_word' id='word_1_308' title='bbox 1670 4619 1733 4687; x_wconf 92' lang='lat' dir='ltr'>pro</span> <span class='ocrx_word' id='word_1_309' title='bbox 1770 4596 1972 4685; x_wconf 88' lang='lat' dir='ltr'>praeposito</span> <span class='ocrx_word' id='word_1_310' title='bbox 2001 4596 2035 4664; x_wconf 90' lang='lat' dir='ltr'>iu</span> 
     </span>
    </p>
   </div>
   <div class='ocr_carea' id='block_1_4' title="bbox 423 4710 2067 5533">
    <p class='ocr_par' dir='ltr' id='par_1_9' title="bbox 478 4710 2035 4922">
     <span class='ocr_line' id='line_1_33' title="bbox 479 4710 2035 4808; baseline 0.004 -28"><span class='ocrx_word' id='word_1_311' title='bbox 479 4710 712 4802; x_wconf 87' lang='lat' dir='ltr'>Mnyszek,</span> <span class='ocrx_word' id='word_1_312' title='bbox 740 4715 837 4786; x_wconf 89' lang='lat' dir='ltr'>cuius</span> <span class='ocrx_word' id='word_1_313' title='bbox 864 4717 963 4788; x_wconf 85' lang='lat' dir='ltr'>valor</span> <span class='ocrx_word' id='word_1_314' title='bbox 989 4719 1193 4790; x_wconf 90' lang='lat' dir='ltr'>aestimatur</span> <span class='ocrx_word' id='word_1_315' title='bbox 1221 4720 1264 4790; x_wconf 89' lang='lat' dir='ltr'>ad</span> <span class='ocrx_word' id='word_1_316' title='bbox 1284 4740 1344 4790; x_wconf 88' lang='lat' dir='ltr'>sex</span> <span class='ocrx_word' id='word_1_317' title='bbox 1372 4739 1514 4791; x_wconf 91' lang='lat' dir='ltr'>marcas.</span> <span class='ocrx_word' id='word_1_318' title='bbox 1540 4720 1628 4790; x_wconf 89' lang='lat' dir='ltr'>Item</span> <span class='ocrx_word' id='word_1_319' title='bbox 1655 4719 1705 4790; x_wconf 94' lang='lat' dir='ltr'>ibi</span> <span class='ocrx_word' id='word_1_320' title='bbox 1732 4717 1923 4808; x_wconf 87' lang='lat' dir='ltr'>praedium,</span> <span class='ocrx_word' id='word_1_321' title='bbox 1952 4718 2035 4786; x_wconf 86' lang='lat' dir='ltr'>item</span> 
     </span>
     <span class='ocr_line' id='line_1_34' title="bbox 478 4832 1021 4922; baseline 0.011 -20"><span class='ocrx_word' id='word_1_322' title='bbox 478 4832 654 4922; x_wconf 86' lang='lat' dir='ltr'>tabernae,</span> <span class='ocrx_word' id='word_1_323' title='bbox 681 4834 763 4905; x_wconf 90' lang='lat' dir='ltr'>item</span> <span class='ocrx_word' id='word_1_324' title='bbox 791 4837 1021 4910; x_wconf 89' lang='lat' dir='ltr'>hortulaniae.</span> 
     </span>
    </p>

    <p class='ocr_par' dir='ltr' id='par_1_10' title="bbox 423 4935 2067 5533">
     <span class='ocr_line' id='line_1_35' title="bbox 583 4935 2035 5064; baseline 0.004 -41"><span class='ocrx_word' id='word_1_325' title='bbox 583 4951 837 5047; x_wconf 79' lang='lat' dir='ltr'>Mnouurczn,</span> <span class='ocrx_word' id='word_1_326' title='bbox 871 4959 956 5044; x_wconf 89' lang='lat' dir='ltr'>villa</span> <span class='ocrx_word' id='word_1_327' title='bbox 982 4961 1046 5031; x_wconf 89' lang='lat' dir='ltr'>sub</span> <span class='ocrx_word' id='word_1_328' title='bbox 1073 4961 1239 5064; x_wconf 88' lang='lat' dir='ltr'>parochia</span> <span class='ocrx_word' id='word_1_329' title='bbox 1266 4962 1307 5032; x_wconf 92' lang='lat' dir='ltr'>de</span> <span class='ocrx_word' id='word_1_330' title='bbox 1335 4961 1591 5053; x_wconf 89' lang='lat' dir='ltr'>Mnyschek</span> <span class='ocrx_word' id='word_1_331' title='bbox 1619 4962 1704 5051; x_wconf 88' lang='lat' dir='ltr'>sita,</span> <span class='ocrx_word' id='word_1_332' title='bbox 1736 4959 1835 5042; x_wconf 85' lang='lat' dir='ltr'>¹cuius</span> <span class='ocrx_word' id='word_1_333' title='bbox 1864 4935 2035 5030; x_wconf 85' lang='lat' dir='ltr'>haeredes</span> 
     </span>
     <span class='ocr_line' id='line_1_36' title="bbox 480 5057 2035 5174; baseline 0.005 -32"><span class='ocrx_word' id='word_1_334' title='bbox 480 5069 645 5144; x_wconf 89' lang='lat' dir='ltr'>Nicolaus</span> <span class='ocrx_word' id='word_1_335' title='bbox 681 5073 1018 5171; x_wconf 83' lang='lat' dir='ltr'>Mlodnyczsky</span> <span class='ocrx_word' id='word_1_336' title='bbox 1054 5087 1090 5152; x_wconf 91' lang='lat' dir='ltr'>et</span> <span class='ocrx_word' id='word_1_337' title='bbox 1126 5081 1530 5174; x_wconf 87' lang='lat' dir='ltr'>Szyestrzenyeoz</span> <span class='ocrx_word' id='word_1_338' title='bbox 1566 5081 1804 5170; x_wconf 83' lang='lat' dir='ltr'>Mozgowi,</span> <span class='ocrx_word' id='word_1_339' title='bbox 1850 5057 1955 5150; x_wconf 86' lang='lat' dir='ltr'>ambo</span> <span class='ocrx_word' id='word_1_340' title='bbox 1995 5079 2035 5150; x_wconf 91' lang='lat' dir='ltr'>de</span> 
     </span>
     <span class='ocr_line' id='line_1_37' title="bbox 479 5192 2034 5298; baseline 0.005 -36"><span class='ocrx_word' id='word_1_341' title='bbox 479 5195 585 5298; x_wconf 76' lang='lat' dir='ltr'>armis</span> <span class='ocrx_word' id='word_1_342' title='bbox 612 5192 857 5269; x_wconf 89' lang='lat' dir='ltr'>Polukoza.</span> <span class='ocrx_word' id='word_1_343' title='bbox 884 5199 925 5270; x_wconf 93' lang='lat' dir='ltr'>In</span> <span class='ocrx_word' id='word_1_344' title='bbox 953 5221 1020 5290; x_wconf 91' lang='lat' dir='ltr'>qua</span> <span class='ocrx_word' id='word_1_345' title='bbox 1046 5201 1138 5271; x_wconf 92' lang='lat' dir='ltr'>lanei</span> <span class='ocrx_word' id='word_1_346' title='bbox 1166 5203 1409 5292; x_wconf 84' lang='lat' dir='ltr'>cmetlronalos,</span> <span class='ocrx_word' id='word_1_347' title='bbox 1437 5204 1520 5283; x_wconf 87' lang='lat' dir='ltr'>item</span> <span class='ocrx_word' id='word_1_348' title='bbox 1547 5202 1775 5290; x_wconf 85' lang='lat' dir='ltr'>lrortulaniae,</span> <span class='ocrx_word' id='word_1_349' title='bbox 1804 5202 1887 5271; x_wconf 89' lang='lat' dir='ltr'>item</span> <span class='ocrx_word' id='word_1_350' title='bbox 1916 5201 2034 5270; x_wconf 86' lang='lat' dir='ltr'>taber-</span> 
     </span>
     <span class='ocr_line' id='line_1_38' title="bbox 480 5314 2067 5412; baseline 0.004 -29"><span class='ocrx_word' id='word_1_351' title='bbox 480 5333 556 5404; x_wconf 89' lang='lat' dir='ltr'>nae,</span> <span class='ocrx_word' id='word_1_352' title='bbox 583 5314 626 5384; x_wconf 92' lang='lat' dir='ltr'>de</span> <span class='ocrx_word' id='word_1_353' title='bbox 654 5317 779 5406; x_wconf 89' lang='lat' dir='ltr'>quibus</span> <span class='ocrx_word' id='word_1_354' title='bbox 807 5321 966 5392; x_wconf 92' lang='lat' dir='ltr'>omnibus</span> <span class='ocrx_word' id='word_1_355' title='bbox 994 5322 1143 5393; x_wconf 86' lang='lat' dir='ltr'>solvitur</span> <span class='ocrx_word' id='word_1_356' title='bbox 1159 5328 1206 5392; x_wconf 90' lang='lat' dir='ltr'>·et</span> <span class='ocrx_word' id='word_1_357' title='bbox 1225 5323 1428 5394; x_wconf 87' lang='lat' dir='ltr'>conducitur</span> <span class='ocrx_word' id='word_1_358' title='bbox 1456 5325 1589 5394; x_wconf 89' lang='lat' dir='ltr'>decima</span> <span class='ocrx_word' id='word_1_359' title='bbox 1616 5321 1842 5412; x_wconf 90' lang='lat' dir='ltr'>manipularis</span> <span class='ocrx_word' id='word_1_360' title='bbox 1871 5327 1909 5390; x_wconf 91' lang='lat' dir='ltr'>et</span> <span class='ocrx_word' id='word_1_361' title='bbox 1936 5341 2036 5390; x_wconf 86' lang='lat' dir='ltr'>caua-</span> <span class='ocrx_word' id='word_1_362' title='bbox 2064 5335 2067 5340; x_wconf 87' lang='grc'><strong><em>·</em></strong></span> 
     </span>
     <span class='ocr_line' id='line_1_39' title="bbox 423 5434 2035 5533; baseline 0.005 -31"><span class='ocrx_word' id='word_1_363' title='bbox 423 5481 431 5495; x_wconf 83' lang='grc'><strong>.</strong></span> <span class='ocrx_word' id='word_1_364' title='bbox 480 5434 569 5521; x_wconf 90' lang='lat' dir='ltr'>palis</span> <span class='ocrx_word' id='word_1_365' title='bbox 596 5456 660 5524; x_wconf 90' lang='lat' dir='ltr'>pro</span> <span class='ocrx_word' id='word_1_366' title='bbox 687 5441 931 5529; x_wconf 88' lang='lat' dir='ltr'>praepositura</span> <span class='ocrx_word' id='word_1_367' title='bbox 966 5442 1256 5533; x_wconf 84' lang='lat' dir='ltr'>Sandomiriensi,</span> <span class='ocrx_word' id='word_1_368' title='bbox 1292 5445 1389 5516; x_wconf 91' lang='lat' dir='ltr'>cuius</span> <span class='ocrx_word' id='word_1_369' title='bbox 1425 5446 1524 5516; x_wconf 90' lang='lat' dir='ltr'>valor</span> <span class='ocrx_word' id='word_1_370' title='bbox 1559 5445 1765 5516; x_wconf 85' lang='lat' dir='ltr'>aestimatur</span> <span class='ocrx_word' id='word_1_371' title='bbox 1799 5441 2035 5532; x_wconf 70' lang='lat' dir='ltr'>adonicum</span> 
     </span>
    </p>
   </div>
   <div class='ocr_carea' id='block_1_5' title="bbox 480 5556 2036 5774">
    <p class='ocr_par' dir='ltr' id='par_1_11' title="bbox 480 5556 2036 5774">
     <span class='ocr_line' id='line_1_40' title="bbox 480 5556 2036 5664; baseline 0.006 -42"><span class='ocrx_word' id='word_1_372' title='bbox 480 5574 625 5625; x_wconf 84' lang='lat' dir='ltr'>marcas</span> <span class='ocrx_word' id='word_1_373' title='bbox 652 5556 741 5628; x_wconf 86' lang='lat' dir='ltr'>item</span> <span class='ocrx_word' id='word_1_374' title='bbox 768 5563 947 5648; x_wconf 88' lang='lat' dir='ltr'>praedium</span> <span class='ocrx_word' id='word_1_375' title='bbox 975 5571 1030 5636; x_wconf 88' lang='lat' dir='ltr'>est</span> <span class='ocrx_word' id='word_1_376' title='bbox 1056 5565 1105 5637; x_wconf 95' lang='lat' dir='ltr'>ibi</span> <span class='ocrx_word' id='word_1_377' title='bbox 1132 5565 1293 5664; x_wconf 82' lang='lat' dir='ltr'>militare,</span> <span class='ocrx_word' id='word_1_378' title='bbox 1321 5565 1450 5656; x_wconf 89' lang='lat' dir='ltr'>dequo</span> <span class='ocrx_word' id='word_1_379' title='bbox 1475 5567 1608 5638; x_wconf 89' lang='lat' dir='ltr'>decima</span> <span class='ocrx_word' id='word_1_380' title='bbox 1634 5563 1858 5654; x_wconf 82' lang='lat' dir='ltr'>manipularis</span> <span class='ocrx_word' id='word_1_381' title='bbox 1887 5562 2036 5634; x_wconf 88' lang='lat' dir='ltr'>solvitur</span> 
     </span>
     <span class='ocr_line' id='line_1_41' title="bbox 481 5674 1052 5774; baseline 0.025 -30"><span class='ocrx_word' id='word_1_382' title='bbox 481 5674 647 5748; x_wconf 90' lang='lat' dir='ltr'>ecclesiae</span> <span class='ocrx_word' id='word_1_383' title='bbox 673 5679 710 5750; x_wconf 92' lang='lat' dir='ltr'>in</span> <span class='ocrx_word' id='word_1_384' title='bbox 735 5679 969 5774; x_wconf 85' lang='lat' dir='ltr'>Mnyszck.</span> <span class='ocrx_word' id='word_1_385' title='bbox 1050 5712 1052 5715; x_wconf 93' lang='lat'>·</span> 
     </span>
    </p>
   </div>
   <div class='ocr_carea' id='block_1_6' title="bbox 0 0 2293 6596">
    <p class='ocr_par' dir='ltr' id='par_1_12' title="bbox 0 0 2293 6596">
     <span class='ocr_line' id='line_1_42' title="bbox 0 0 2293 6596; baseline 0 0"><span class='ocrx_word' id='word_1_386' title='bbox 0 0 2293 6596; x_wconf 95' lang='lat' dir='ltr'> </span> 
     </span>
    </p>
   </div>
  </div>
 </body>
</html>
