4550 6600
510 767 583 839 568
614 810 617 817 ·

508 996 584 1049 cnm
619 973 732 1047 medio
769 974 861 1045 lanei
888 974 1141 1065 emethonales‚
1177 974 1372 1066 dequibus
1409 974 1569 1047 omnibus
1605 973 1755 1047 solvitur
1789 982 1826 1046 et
1860 975 2041 1053 conducitur

506 1070 652 1171 decima.
675 1096 900 1187 manipularis
936 1102 973 1168 ct
1008 1097 1203 1188 canapalis,
1244 1118 1308 1187 pro
1343 1096 1556 1168 monasterio
1591 1096 1740 1169 Sanctae
1774 1095 1898 1169 Grncis
1931 1090 2041 1174 Galri

506 1219 697 1309 Montis,
719 1218 816 1291 cuius
835 1218 933 1291 valor
951 1218 1158 1292 aestimatur
1175 1217 1220 1290 ad
1238 1222 1311 1289 tres
1327 1236 1474 1289 marcas.
1499 1218 1588 1290 Item
1606 1218 1775 1290 taberna.
1790 1272 1799 1288 .
1812 1272 1821 1289 .
1834 1273 1863 1311 .‚
1881 1218 1960 1290 item
1974 1221 2042 1295 luor-

506 1341 616 1415 tnlani
644 1394 841 1411 ........

609 1462 802 1551 Luoznnn,
825 1462 912 1541 ¹villa
938 1459 1003 1534 sub
1029 1462 1197 1552 parochia
1222 1460 1265 1534 de
1293 1458 1531 1533 Chothcza
1556 1460 1640 1550 sita,
1667 1461 1764 1533 cuius
1791 1460 1971 1533 haeredes:
1993 1463 2043 1536 Ja-

507 1586 623 1674 cobus,
649 1583 850 1673 Stanislaus‚
878 1588 914 1654 et
930 1582 1093 1654 Nicolaus
1120 1582 1410 1672 Ghotecnscy
1436 1581 1600 1653 dedomo
1627 1581 1791 1654 Nabra.
1832 1582 1875 1653 In
1892 1602 2043 1675 quaqua-

505 1712 586 1779 tuor
600 1706 696 1777 lanei
714 1704 967 1793 amathonales,
990 1705 1034 1775 de
1052 1705 1212 1776 omnibus
1229 1704 1378 1776 solvitur
1396 1709 1433 1775 et
1449 1703 1656 1775 conducitur
1673 1702 1808 1778 decima
1824 1704 2042 1798 manipularis

507 1834 545 1901 et
570 1826 765 1917 canapads,
791 1846 855 1917 pro
882 1826 1093 1897 monasterio
1126 1824 1274 1898 Sanctae
1300 1824 1422 1898 Crucis
1448 1823 1583 1897 calvi
1607 1822 1803 1916 Montis,
1839 1826 1937 1898 cuius
1961 1828 2043 1901 valor

506 1950 551 2023 ad
577 1956 650 2022 tres
677 1968 811 2021 marcas
838 1932 1055 2032 1111111111.Ι

1127 2068 1443 2140 Wnuwnmunczs.

610 2190 784 2285 Oppidum
811 2190 943 2263 habens
978 2190 1014 2261 in
1042 2211 1079 2262 se
1107 2189 1340 2281 parochialem
1366 2190 1547 2262 ecclesiam
1573 2195 1762 2281 muratam,
1796 2189 1928 2263 Sancto
1953 2189 2043 2263 ddal-

506 2316 607 2387 berto
629 2314 793 2403 dicatam,
822 2319 859 2385 et
875 2312 1085 2384 monasterio
1109 2311 1256 2384 Sanctae
1283 2310 1563 2383 (1111101111
1589 2312 1766 2384 Montis
1793 2312 2042 2404 incorporatam

507 2436 604 2507 cuius
631 2435 829 2507 haereditas
847 2434 892 2506 ad
909 2433 1166 2506 serenissimum
1193 2417 1358 2505 Poloniae
1384 2454 1502 2525 regem
1523 2434 1686 2524 pertinet
1725 2434 1767 2505 In
1785 2454 1856 2525 quo
1875 2438 1955 2505 sunt
1968 2434 2043 2505 lanei

507 2556 775 2647 oppidanorum,
803 2556 846 2627 de
873 2555 998 2646 quibus
1025 2555 1184 2627 omnibns
1211 2554 1359 2628 solvitur
1385 2558 1421 2626 et
1446 2554 1651 2627 conducitur
1676 2555 1811 2627 decima
1838 2556 2043 2645 manipulario

507 2683 542 2749 et
573 2678 747 2768 canapalis
782 2698 846 2769 pro
874 2676 1073 2768 praeposito
1110 2674 1265 2749 eiusdem
1299 2676 1466 2749 ecclesiae
1500 2676 1537 2746 in
1561 2675 1932 2767 Wanwelnycza,
1963 2676 2043 2749 cuins

506 2800 605 2871 valor
632 2798 837 2871 aestimatur
864 2798 909 2869 ad
934 2797 1060 2889 uiginti
1086 2817 1230 2869 marcas.
1274 2798 1363 2869 ltem
1390 2797 1560 2888 plebanus
1586 2802 1622 2870 et
1647 2797 1796 2871 ecclesia
1820 2798 1953 2870 habent
1975 2818 2042 2888 pro

504 2922 599 3012 prios
625 2942 729 3013 agros
756 2926 793 2993 et
818 2924 939 3011 prata,
965 2940 1029 3011 pro
1056 2940 1119 2993 sno
1146 2940 1213 2992 usn
1239 2925 1277 2992 et
1302 2920 1524 2993 necessitate.

611 3150 866 3233 Suburbium
903 3162 1022 3254 oppidi
1057 3164 1161 3235 etiam
1189 3162 1340 3254 regium,
1375 3163 1412 3233 in
1438 3182 1507 3253 quo
1533 3162 1757 3253 septuaginta
1782 3162 1936 3253 quinque
1960 3162 2042 3250 lanei,

414 3363 417 3374 ,
505 3287 548 3359 de
576 3286 701 3378 quibus
729 3266 876 3358 solvitur
910 3284 1043 3358 decima
1070 3285 1295 3383 manipularis
1322 3284 1523 3376 praeposito
1550 3284 1752 3386 monasterii
1778 3284 1815 3356 in
1844 3282 2041 3355 Wanuel-

506 3430 662 3500 nycza,
689 3408 787 3480 cuius
808 3407 907 3480 valor
923 3405 968 3480 ad
986 3407 1240 3499 quinquaginta
1257 3427 1393 3479 marcas
1409 3407 1624 3479 aestimatur.
1662 3407 1751 3478 Item
1777 3407 1815 3477 in
1832 3406 1954 3478 eodem
1977 3405 2041 3476 111

505 3531 606 3602 urbio
633 3530 783 3602 habetur
809 3529 954 3602 ecclesia
979 3529 1208 3620 parochialis,
1235 3528 1383 3602 Sanctae
1400 3527 1537 3600 Mariae
1552 3527 1783 3619 Magdalenae
1809 3527 1945 3617 dicata,
1969 3547 2041 3618 quae

505 3655 560 3723 est
586 3651 714 3723 matrix
742 3650 908 3726 ecclesiae
934 3650 970 3721 in
998 3649 1136 3742 oppido.

609 3773 1070 3863 Bnnrnnournuowuczn,
1106 3771 1192 3844 villa
1224 3770 1290 3844 snb
1326 3770 1490 3860 parochia
1524 3770 1568 3842 de
1599 3767 1956 3860 Wanuelnycza
1978 3767 2040 3856 sita

429 3947 431 3950 .
505 3895 601 3966 cuius
628 3893 824 3985 proprietas
851 3891 896 3964 ad
913 3891 1079 3964 Poloniae
1097 3913 1215 3984 regem
1241 3892 1403 3984 pertinet
1433 3891 1475 3962 In
1493 3912 1563 3982 qua
1588 3897 1672 3963 sunt
1696 3890 1790 3962 lanei
1815 3888 2039 3976 cmetlnonalea

502 4015 689 4114 dequibus
715 4014 864 4086 solvitur
891 4013 1023 4086 decima
1040 4013 1267 4104 manipularis
1285 4013 1484 4118 praeposito
1510 4012 1547 4082 in
1565 4011 1932 4102 Wanuelnycza
1955 4009 2036 4082 auu

505 4137 602 4208 valor
630 4136 833 4207 aestimatur
860 4135 905 4206 ad
931 4139 1009 4207 octo
1037 4130 1310 4216 marcas.·,1tem
1336 4133 1386 4205 ibi
1412 4155 1482 4206 non
1508 4137 1563 4204 est
1588 4127 1778 4224 praedium

609 4255 753 4348 Cunna,
780 4256 862 4328 villa
888 4257 953 4330 sub
980 4257 1146 4347 parochia
1172 4255 1216 4329 de
1241 4255 1605 4345 Wanuelnycza-
1619 4253 1702 4345 sita,
1733 4254 1833 4327 cuius
1860 4251 2037 4345 proprietas

504 4377 550 4454 ad
566 4379 823 4451 serenissimum
842 4378 1008 4452 Poloniae
1026 4398 1150 4469 regem
1176 4377 1338 4469 pertinet.
1377 4376 1418 4448 ln
1438 4397 1505 4466 qna
1521 4376 1616 4448 lanei
1641 4376 1893 4466 emethonalea‚
1919 4374 1959 4446 de
1977 4372 2038 4464 qui·

503 4503 568 4574 bus
595 4501 743 4604 solvitur
769 4485 901 4573 decima
919 4501 1145 4592 manipularis
1163 4497 1275 4573 eidem
1292 4500 1493 4591 praeposito
1511 4499 1548 4569 in
1565 4497 1934 4589 Wanwelnycza‚
1958 4496 2038 4568 cuius

503 4623 603 4694 valor
629 4623 834 4694 aestimatur
861 4622 905 4694 ad
932 4643 1067 4694 marcas
1094 4643 1228 4694 novem.
1267 4621 1356 4694 Item
1382 4620 1563 4711 praedium
1589 4619 1640 4692 ibi
1665 4625 1736 4692 non
1762 4625 1825 4692 est.

608 4745 820 4835 Romanoa,
855 4744 939 4816 villa
965 4745 1030 4816 sub
1057 4744 1222 4834 parochia
1248 4742 1291 4816 de
1317 4741 1670 4832 Wanuelnycna
1695 4741 1783 4831 sita,
1810 4741 1910 4813 cuius
1935 4740 2038 4810 haenc

503 4865 681 4939 lohannes
716 4865 760 4938 de
787 4866 892 4938 armis
928 4865 961 4937 N
971 4866 1094 4938 abra.
1134 4865 1176 4938 In
1203 4886 1272 4955 qua
1307 4869 1388 4936 sunt
1423 4863 1515 4935 lanei
1550 4862 1804 4953 emethonales,
1837 4863 1922 4934 item
1950 4877 2037 4930 unum

503 4987 683 5079 praedium
710 4987 880 5078 militare,
916 4988 959 5059 do
988 4987 1112 5078 quibus
1140 4986 1299 5059 omnibus
1325 4985 1474 5058 solvitur
1499 4984 1633 5056 decima
1658 4984 1885 5075 manipularis
1912 4999 2037 5073 praepo

504 5111 570 5182 sito
598 5110 634 5180 in
660 5108 1026 5200 Wanwelnycza‚
1054 5109 1152 5181 cuius
1179 5108 1278 5180 valor
1303 5105 1349 5179 ad
1375 5113 1448 5178 tres
1474 5125 1610 5178 marcas
1637 5105 1851 5178 aestimatur.

548 5257 552 5262 ·
608 5231 911 5322 Gnaunuowrcn,
940 5229 1022 5304 villa
1040 5231 1104 5303 sub
1122 5229 1289 5321 parochia
1315 5228 1358 5300 de
1377 5227 1733 5320 Wanwelnycza
1750 5228 1833 5315 sita,
1860 5225 1955 5297 ouius
1970 5223 2036 5294 tae

502 5353 604 5427 redes
631 5353 792 5426 Andreas
818 5359 855 5427 ct
871 5353 997 5425 Petrus
1025 5352 1068 5424 de
1086 5353 1193 5426 armis
1219 5351 1400 5441 Prusa-y.
1439 5348 1568 5440 unqua
1594 5354 1677 5421 sunt
1701 5348 1794 5419 lanei
1811 5341 2035 5428 cmotnonales,

502 5477 588 5548 item
616 5474 683 5548 duo
710 5474 855 5566 praedia
885 5474 1064 5547 habentia.
1077 5495 1195 5565 agros,
1230 5471 1275 5547 de
1303 5471 1426 5563 quibus
1454 5471 1613 5542 omnibus
1648 5469 1796 5542 solvitur
1830 5462 2034 5558 manipularis

502 5597 636 5669 decima
662 5596 872 5670 monasterio
909 5595 1056 5668 Sanctae
1083 5594 1205 5668 Crucis
1240 5592 1375 5666 Calvi
1400 5591 1598 5682 Montis,
1634 5598 1670 5664 et
1696 5592 1796 5664 valor
1821 5591 1895 5665 eius
1920 5587 1964 5662 ad
1986 5603 2034 5656 sen

503 5737 638 5795 marcas
665 5719 877 5794 aestimatur.
950 5819 956 5824 ι
