4550 6600
703 1049 944 1133 Decanalus
977 1047 1030 1130 de
1064 1044 1359 1157 Ozarnoczyn.

891 1291 1171 1364 Dzrnazsszua

360 1432 464 1524 Villa,
491 1432 625 1506 hahens
652 1432 688 1502 in
715 1451 752 1502 se
779 1431 1011 1521 parochialem
1039 1429 1220 1502 ecclesiam
1248 1427 1395 1502 Sanctae
1416 1428 1551 1503 Mariae
1577 1427 1807 1520 Magdalenae

255 1555 415 1645 dicatam,
443 1553 542 1624 cuius
569 1554 691 1625 haeres
710 1552 891 1642 episcopus
910 1550 1149 1624 cracoviensis
1167 1571 1231 1641 pro
1249 1556 1415 1642 tempore,
1441 1552 1477 1622 in
1496 1572 1565 1643 qua
1582 1558 1664 1623 sunt
1682 1552 1807 1642 viginti

256 1697 348 1747 unus
373 1675 464 1746 lanei
483 1673 722 1763 emethonales‚
749 1673 831 1743 item
850 1673 1017 1744 tabernae
1036 1671 1133 1764 duae,
1160 1673 1331 1744 habentes
1347 1693 1462 1763 agros,
1488 1673 1571 1744 item
1588 1673 1808 1744 hortulaniae

257 1801 341 1886 tres,
367 1796 535 1868 habentes
562 1815 674 1886 agree,
701 1793 744 1864 de
768 1794 891 1885 quibus
910 1794 1068 1864 omnihus
1097 1793 1245 1866 solvitur
1259 1798 1300 1886 et
1318 1794 1523 1866 conducitur
1549 1794 1683 1864 decima
1699 1795 1809 1866 nrani-

257 1915 389 2006 polaris
417 1921 453 1986 et
480 1915 654 2006 cenapolis
689 1935 752 2005 pro
780 1914 925 1986 ecclesia
952 1915 987 1984 in
1014 1913 1320 1986 Dzerzaszna.
1358 1914 1448 1984 Item
1474 1920 1529 1988 est
1554 1915 1604 1986 ibi
1630 1916 1809 2006 praedium

254 2036 452 2126 episcopale
479 2035 639 2126 amplum,
667 2036 799 2106 habens
826 2055 950 2126 agros,
975 2034 1137 2106 videlicet
1164 2040 1297 2125 septem
1323 2035 1453 2126 laneos,
1480 2036 1523 2107 de
1550 2037 1675 2127 quihus
1702 2038 1829 2111 etiam

254 2157 401 2228 solvitur
427 2155 562 2228 decime
588 2156 815 2246 manipularis
842 2177 906 2247 pro
938 2155 1084 2228 ecclesia
1119 2157 1156 2227 in
1190 2156 1507 2247 Dzerzaszna,
1542 2162 1580 2229 et
1606 2157 1705 2230 valor
1731 2158 1807 2230 eius

254 2278 458 2349 aestimatur
485 2277 530 2348 ad
557 2277 705 2368 triginta
730 2298 876 2349 marcas.

355 2397 572 2489 Susczrczn‚
607 2399 691 2470 uilla
717 2399 780 2474 sub
808 2398 974 2490 parochia
1000 2398 1043 2470 de
1069 2398 1404 2490 Dzyerzaszna
1438 2398 1524 2488 sita,
1559 2399 1657 2472 cuins
1683 2399 1808 2471 haeres

254 2517 433 2601 Johanues
470 2518 751 2610 Czyzowsky
786 2519 829 2590 de
856 2521 962 2590 armis
997 2519 1288 2610 Polukozya,
1324 2520 1359 2590 in
1386 2541 1455 2610 qua
1480 2525 1563 2592 suut
1597 2520 1690 2592 lanei
1716 2542 1807 2592 crue·

253 2640 425 2732 thonales,
453 2641 536 2712 item
563 2640 739 2730 tabernae,
766 2640 849 2711 item
876 2640 1062 2731 hortulani,
1091 2639 1134 2710 de
1161 2641 1287 2731 quihus
1313 2641 1473 2712 omnibus
1499 2642 1648 2713 solvitur
1673 2648 1710 2714 et
1727 2664 1809 2714 con-

254 2761 394 2832 ducitur
421 2760 554 2832 decima
578 2761 805 2850 manipularis
824 2766 860 2834 et
878 2761 1055 2852 canapalis
1073 2761 1292 2852 praebendae
1309 2759 1540 2851 Cracoviensi,
1559 2783 1647 2853 quae
1666 2770 1810 2836 vocatur

253 2881 528 2974 Doyasdowska;
555 2882 638 2952 item
657 2887 711 2952 est
730 2882 911 2973 praedium
939 2883 996 2972 ihi,
1024 2881 1067 2952 de
1085 2883 1184 2954 ouius
1210 2882 1305 2972 agris
1331 2883 1479 2954 solvitur
1504 2882 1638 2954 decima
1653 2884 1700 2954 in
1916 2974 1919 2981 Ι

358 3001 548 3093 Mauram,
577 3002 659 3074 villa
678 3003 743 3074 sub
760 3003 926 3094 parochia
943 3002 986 3074 de
1004 3002 1299 3074 Dzerzaszna
1325 3003 1404 3094 sita
1430 3004 1466 3074 iu
1485 3024 1554 3094 qua
1572 3026 1664 3076 nunc
1681 3005 1809 3080 solum-

254 3122 357 3194 modo
383 3123 563 3214 praedium
591 3129 654 3213 est,
682 3124 774 3214 quod
801 3123 1011 3198 decimatio
1031 3177 1173 3194 ......
1561 3179 1569 3198 ,

359 3243 573 3337 tharsenses,
600 3245 684 3319 villa
702 3246 766 3317 suh
784 3245 950 3337 parochia
976 3245 1019 3318 de
1037 3246 1363 3339 Dzyerzaszna
1388 3246 1467 3340 sita,
1493 3247 1592 3320 euius
1610 3248 1811 3322 haereditas
1942 3243 1944 3246 ’

254 3366 299 3438 ad
327 3367 524 3459 episcopum
553 3366 833 3458 Gracouiensem‚
870 3373 906 3439 et
932 3388 997 3459 pro
1024 3368 1093 3440 alia
1119 3374 1221 3459 parte
1256 3368 1301 3441 ad
1327 3369 1564 3460 praepositum
1592 3369 1811 3443 Scarhimiri-

254 3508 381 3575 ensem,
409 3490 444 3560 in
472 3510 541 3580 qua
567 3494 648 3560 sunt
674 3488 742 3559 duo
770 3510 845 3560 cum
871 3488 985 3561 medio
1012 3490 1104 3561 lanei
1131 3490 1366 3561 emethonales
1393 3490 1438 3561 ad
1464 3492 1714 3583 praepositum,
1741 3493 1810 3565 duo

255 3610 300 3681 ad
327 3610 526 3701 episcopum
552 3611 787 3701 pertinentem
823 3611 907 3683 item
941 3611 1109 3683 tabernae
1144 3632 1214 3682 nou
1241 3617 1343 3700 sunt3
1378 3612 1463 3681 item
1489 3613 1710 3684 hortulaniae
1736 3620 1811 3685 tres

253 3731 299 3801 ad
325 3732 576 3822 praepositum,
611 3732 654 3803 de
682 3732 806 3823 quibus
834 3732 994 3803 omnihus
1021 3732 1169 3803 solvitur
1195 3737 1233 3801 et
1259 3731 1464 3801 conducitur
1490 3732 1624 3803 decima
1649 3735 1810 3824 manipu-

253 3852 339 3923 laris
374 3858 411 3924 et
446 3854 621 3944 canapalis
656 3873 721 3944 pro
748 3852 901 3942 capitulo
939 3850 1178 3941 Gracoviensi‚
1213 3856 1249 3923 et
1279 3850 1379 3923 valor
1413 3852 1489 3923 eius
1523 3853 1729 3923 aestimatur
1764 3854 1810 3925 ad

254 3972 373 4045 decem
400 3995 546 4047 marcas.

357 4092 566 4185 Kurawur,
592 4094 676 4167 villa
693 4095 757 4167 sub
777 4094 942 4185 parochia
968 4092 1011 4165 de
1029 4092 1358 4186 Dzyerzaszna
1385 4093 1462 4185 sita
1489 4094 1587 4166 cuius
1613 4096 1811 4187 proprietas

256 4214 301 4287 ad
329 4217 565 4307 praepositum
580 4215 899 4287 Scarhimiriensem
926 4215 1086 4307 pertinet,
1114 4216 1150 4286 in
1169 4236 1238 4306 qua
1255 4220 1338 4287 suut
1363 4220 1512 4307 quatuor
1537 4217 1630 4289 lanei
1658 4219 1812 4289 cmetho-
1896 4258 1900 4264 ·

257 4336 364 4427 nales,
391 4338 475 4409 item
502 4338 721 4409 hortulaniae
748 4337 847 4428 duae,
873 4337 1043 4409 habentes
1070 4358 1184 4429 agros
1211 4338 1397 4429 dequibus
1424 4339 1584 4411 omnihus
1611 4340 1758 4411 solvitur
1775 4345 1813 4411 et

255 4457 461 4529 conducitur
497 4459 630 4530 decima
664 4458 890 4549 manipularis
917 4465 954 4531 et
980 4459 1156 4549 canapalis
1191 4480 1255 4549 pro
1282 4460 1489 4532 scholastria
1523 4459 1812 4550 Scarhimiriensi,

254 4584 290 4649 et
316 4579 415 4651 valor
441 4580 515 4652 eius
543 4580 747 4653 aestimatur
773 4580 817 4652 ad
844 4585 923 4661 octo
956 4600 1110 4670 marcas;
1146 4581 1230 4652 itern
1256 4587 1311 4653 est
1336 4581 1386 4653 ibi
1411 4581 1612 4672 praedium,
1639 4581 1682 4653 de
1710 4583 1811 4655 cuius

255 4701 350 4791 agris
378 4701 569 4774 decimatur
594 4702 869 4794 vicepraeposito
897 4700 1185 4773 Scarhirniriensi.

359 4821 494 4914 Sunon,
521 4823 604 4896 villa
631 4824 695 4896 sub
722 4824 889 4915 parochia
915 4823 958 4895 de
984 4824 1282 4897 chrzaszna
1308 4824 1395 4916 sita,
1430 4824 1528 4897 cuius
1554 4825 1678 4896 haeres
1704 4822 1811 4914 Aegi·

255 4942 334 5015 dius
361 4942 594 5036 Sudolsky
620 4945 664 5017 de
683 4946 789 5017 armis
815 4944 1062 5036 Hahdanlr,
1089 4945 1215 5035 inqua
1236 4950 1318 5017 suut
1343 4945 1437 5017 lanei
1460 4945 1703 5035 emethonales‚
1728 4946 1813 5017 item

254 5064 436 5155 praedium
463 5066 623 5157 militare,
650 5066 693 5139 de
721 5067 845 5159 quibus
873 5066 1032 5139 omnibus
1060 5066 1208 5139 solvitur
1234 5066 1367 5137 decima
1393 5066 1621 5156 manipularis
1648 5072 1684 5137 et
1710 5086 1813 5137 cana-

254 5185 344 5277 palis
379 5208 443 5278 pro
480 5187 626 5261 ecclesia
660 5188 852 5279 parochiali
888 5188 924 5259 iu
955 5188 1269 5278 Dzerzaszna,
1304 5194 1343 5259 et
1376 5186 1475 5259 valor
1509 5188 1584 5258 eius
1615 5187 1661 5257 ad
1695 5186 1815 5260 decern

255 5307 462 5381 aestimatur
488 5330 640 5401 marcas,
666 5314 807 5401 praeter
833 5309 973 5381 tertiam
1000 5313 1135 5399 partam
1163 5308 1315 5400 praedii,
1342 5308 1386 5380 de
1413 5328 1482 5399 qua
1507 5307 1654 5380 soluitur
1680 5308 1815 5381 decima

255 5428 422 5501 ecclesiae
449 5431 485 5501 in
511 5428 779 5524 Xyagnicze
805 5450 914 5521 prope
941 5428 1213 5522 Polanyecz.

363 5551 592 5645 Demersus,
619 5553 702 5625 villa
720 5553 784 5625 sub
802 5551 969 5643 parochia
994 5552 1160 5623 ecclesiae
1177 5551 1221 5623 de
1239 5549 1426 5624 Stradow
1453 5551 1537 5644 sita,
1565 5551 1663 5623 cuius
1688 5552 1814 5625 haeres

255 5670 434 5745 Johanues
447 5674 709 5767 Dambynsky
722 5673 765 5746 de
779 5672 885 5786 armis
899 5671 1109 5766 Habdanlr,
1127 5673 1163 5745 in
1181 5677 1348 5765 quaeunt
1367 5678 1445 5747 octo
1463 5672 1815 5764 laneicmethouales‚

361 5840 409 5883 Lib.
422 5840 519 5882 Benaflc.
532 5840 562 5883 11.
715 5900 720 5912 ι
833 5872 836 5879 ,
1629 5812 1648 5873 9
