4550 6600
514 744 586 821 158

355 954 358 957 ’
510 951 701 1030 decimatur
725 974 790 1045 pro
816 954 962 1029 ccclesia
986 958 1024 1029 et
1048 953 1197 1049 plebano
1223 953 1299 1031 eius
1325 954 1363 1030 in
1389 952 1586 1048 Uscupc,
1612 955 1650 1029 et
1673 951 1773 1030 udor
1798 952 1874 1029 cius
1900 951 2055 1029 cesum

308 1105 312 1112 ·
440 1108 444 1115 ¹
509 1080 570 1151 tur
595 1075 640 1150 ad
667 1128 675 1149 .
701 1129 709 1148 .
737 1128 745 1149 .

1078 1195 1257 1273 ommes
1282 1196 1492 1273 Susannam

509 1320 605 1397 tituli
635 1318 766 1394 Sancti·
788 1319 969 1395 Laurentii
1003 1319 1187 1411 martyris,
1234 1318 1364 1409 lignea,
1408 1318 1452 1391 de
1487 1316 1705 1407 possessione
1739 1315 1907 1405 militari,
1942 1314 2057 1391 dotata

512 1442 556 1513 ab
584 1441 726 1531 antiqua
761 1440 874 1515 tribus
906 1440 1035 1530 laneis,
1062 1440 1196 1514 duobus
1223 1460 1266 1515 ex
1293 1439 1454 1530 opposito
1480 1437 1689 1526 molendini,
1714 1437 1930 1512 habentibus
1956 1458 2057 1511 unum

427 1572 429 1576 '
509 1563 546 1639 in
572 1562 705 1651 postico
732 1582 877 1654 parvum
903 1567 1051 1651 pratum,
1079 1561 1165 1633 alias
1192 1556 1309 1649 aaut,
1336 1559 1502 1631 attentio
1528 1559 1629 1631 laneo
1648 1578 1692 1630 ex
1709 1558 1870 1647 opposito
1888 1556 2054 1633 tabernas

512 1682 615 1757 villae
642 1682 857 1758 Baussow
884 1702 960 1753 cum
986 1687 1089 1773 prato
1117 1682 1222 1755 ctiam
1248 1701 1376 1771 parvo,
1404 1680 1496 1753 dicto
1524 1676 1646 1767 aaut,
1680 1685 1717 1752 ct
1742 1680 1877 1752 babens
1904 1678 1951 1751 ah
1976 1677 2059 1751 anti·
2111 1657 2117 1679 ¹

514 1822 582 1893 pao
609 1802 679 1877 tria
703 1807 808 1893 prata
824 1782 963 1894 magna,
991 1803 1088 1875 iuxta
1106 1802 1240 1893 sylvam
1266 1800 1466 1892 querciuam
1483 1800 1766 1890 haereditariam,
1792 1818 1943 1891 quorum
1960 1818 2060 1872 unum

487 1928 657 1995 uocatur
683 1921 898 2014 Olszyny‚
924 1924 1057 1995 habens
1092 1922 1238 2013 angulos
1264 1921 1424 2012 virgultis
1450 1942 1521 1993 non
1547 1921 1776 2010 extirpatum,
1803 1918 1901 1991 aliud
1927 1922 2060 2009 pratum

514 2042 626 2117 eidem
652 2043 812 2133 vicinum,
839 2042 968 2116 dictum
986 2042 1229 2133 Ouruwlra,
1256 2047 1293 2115 ct
1309 2044 1454 2115 tertium
1480 2041 1547 2117 sibi
1565 2041 1766 2131 contiguum
1790 2040 1828 2111 in
1845 2038 2062 2113 haereditate

513 2164 616 2239 villae
643 2164 875 2239 Banssou:
903 2162 1055 2237 decimae
1073 2163 1176 2260 buius
1195 2163 1348 2254 capellae
1374 2167 1455 2251 post
1480 2160 1648 2236 haeredes
1675 2166 1712 2233 et
1729 2161 1932 2235 emethones
1950 2178 2061 2233 omnes

515 2284 668 2361 eiusdem
695 2284 798 2359 villae
823 2305 887 2374 pro
907 2285 1040 2375 capella
1066 2283 1240 2357 fundatae.
1280 2282 1438 2357 Secunda
1464 2280 1597 2357 decima
1621 2285 1702 2371 post
1721 2300 1839 2355 omues
1866 2278 2062 2354 amathoues

514 2405 618 2479 villae
644 2405 871 2478 Benssou.
915 2403 1035 2479 Tertia
1070 2404 1203 2477 decima
1228 2408 1309 2495 post
1343 2423 1462 2475 omues
1489 2423 1592 2493 agros
1628 2402 1732 2477 uillae
1757 2401 2063 2475 Ilambrouka.

515 2523 648 2614 Quarta
665 2524 797 2601 decima
823 2529 903 2615 post
921 2544 1038 2599 omnes
1056 2545 1159 2616 agros
1177 2524 1279 2615 villae
1306 2524 1627 2614 Bratuczycza
1653 2527 1787 2613 etpost
1812 2522 1949 2596 cumam
1974 2521 2061 2596 simi·

516 2645 608 2719 liter.
648 2643 776 2733 Quinta
802 2644 838 2723 iu
864 2644 948 2718 villa
973 2644 1199 2737 Wrzapya
1224 2649 1305 2735 post
1331 2664 1448 2720 omnes
1474 2644 1610 2719 nobiles
1645 2648 1682 2715 at
1708 2642 1909 2717 emethones
1937 2662 1982 2716 ex
2002 2642 2065 2715 iata

515 2770 617 2857 parte
644 2766 759 2856 stagni
792 2765 1030 2856 demorantes,
1065 2770 1100 2839 at
1126 2767 1163 2839 in
1190 2766 1414 2839 Baczkou
1449 2764 1581 2837 decima
1614 2769 1696 2854 post
1730 2763 1818 2837 duos
1843 2761 2063 2837 hortulanus:

515 2886 636 2985 eadam
663 2885 796 2977 capella
830 2886 960 2976 gaudet
985 2886 1148 2960 libertate
1182 2885 1279 2960 fluvii
1304 2886 1448 2975 Raba,
1485 2885 1578 2957 omni
1605 2904 1734 2981 penore
1760 2882 1942 2974 piscanum
1977 2883 2064 2973 lium
2140 2897 2143 2902 ⁴

518 3008 553 3079 in
581 3007 679 3099 sylva
714 3006 949 3079 haereditaria
983 3011 1064 3079 sunt
1097 3007 1210 3079 libera
1244 3006 1393 3098 plebano
1430 3026 1493 3099 pro
1524 3004 1601 3079 ioco
1636 3009 1673 3077 et
1703 3004 1930 3098 reparatione
1956 3003 2064 3077 doma

518 3127 616 3217 stica,
642 3127 905 3217 siccatorium,
933 3132 970 3199 et
995 3147 1060 3218 pro
1087 3127 1246 3217 septioue
1272 3126 1395 3200 domus
1421 3126 1508 3199 alias
1534 3135 1676 3222 tympora.

1114 3247 1314 3321 Iuocomrn
1340 3266 1469 3319 muron

621 3367 716 3440 Villa
733 3367 865 3440 babens
892 3367 1072 3440 eeclesiam
1098 3369 1333 3461 parochialem
1358 3369 1468 3440 latere
1486 3371 1583 3463 cocto
1602 3370 1773 3440 muratam
1791 3367 1827 3438 in
1845 3387 1894 3458 se,
1922 3366 2063 3440 Sanctae

515 3488 650 3561 Mariae
685 3487 871 3561 Nativituti
907 3489 1072 3581 dicatam,
1111 3491 1208 3562 curius
1242 3489 1411 3574 haeredes
1445 3487 1637 3560 Stanislaus
1672 3494 1710 3559 et
1734 3487 1916 3561 iohannes
1942 3487 2061 3561 fratres

360 3603 362 3606 ’
516 3611 671 3702 germani
706 3609 749 3682 dc
784 3609 1055 3702 Botburzyn
1090 3610 1133 3683 de
1168 3611 1274 3685 armis
1310 3608 1518 3700 uzewya,
1565 3609 1624 3700 qui
1658 3608 1762 3687 etiam
1796 3612 1879 3685 sunt
1914 3607 2061 3683 eiusdem
2159 3691 2160 3696 Ν

447 3771 449 3776 .
517 3731 681 3805 ccclesiae
707 3730 890 3809 collatores
916 3731 1010 3804 unici
1036 3736 1072 3804 et
1097 3732 1247 3824 patroni.
1286 3731 1327 3814 ln
1346 3751 1414 3821 qua
1440 3735 1524 3802 sunt
1548 3729 1672 3822 viginti
1697 3733 1770 3803 tras
1796 3728 1890 3812 lanei
1917 3728 2062 3802 cmetbo

518 3851 632 3942 noles,
660 3853 744 3924 item
772 3871 832 3924 sex
850 3853 1086 3946 hortulaniac,
1114 3855 1196 3928 item
1215 3852 1383 3924 tabernae
1410 3852 1561 3942 quinque
1588 3851 1756 3925 babentes
1783 3870 1907 3941 agros,
1935 3849 1979 3922 de
1997 3849 2064 3940 qui·

517 3971 583 4047 bus
610 3971 769 4044 omnibus
799 3973 946 4046 solvitur
972 3978 1009 4044 et
1027 3973 1232 4058 conducitur
1251 3973 1384 4044 decima
1410 3971 1634 4062 manipularis
1661 3976 1697 4045 ct
1714 3972 1888 4062 canapalis
1907 3970 2065 4045 ecclesiae

518 4097 555 4164 ct
582 4093 656 4162 eius
681 4091 830 4182 plebano
857 4091 893 4162 in
919 4090 1175 4184 igolomyra
1203 4097 1239 4165 et
1265 4092 1363 4164 valor
1389 4093 1463 4164 eius
1490 4092 1694 4166 aestimatur
1720 4091 1764 4165 ad
1782 4092 1907 4183 viginti
1925 4109 2062 4164 marcas

516 4211 605 4288 Item
632 4211 799 4302 plebanus
825 4218 862 4284 et
880 4211 1026 4283 ecclesia
1051 4211 1159 4298 habet
1184 4213 1233 4284 ibi
1258 4213 1420 4304 proprios
1447 4233 1549 4303 agros
1567 4212 1710 4285 liberos·
1723 4217 1759 4285 et
1778 4217 1899 4304 prata,
1925 4233 1992 4303 pro
2008 4231 2065 4284 suo

518 4354 584 4406 usu
610 4336 646 4404 et
671 4331 887 4403 necessitate.
926 4331 1016 4407 Item
1042 4331 1189 4407 ecclesia
1213 4333 1343 4407 ibidem
1369 4333 1476 4416 babet
1502 4337 1651 4424 quatuor
1678 4333 1896 4422 cmetbones,
1922 4332 1962 4404 in
1987 4331 2066 4407 dm

518 4453 584 4528 bus
610 4452 737 4543 lanais,
765 4452 824 4543 qui
851 4451 989 4526 solvunt
1015 4452 1164 4544 plebano
1191 4474 1255 4545 pro
1274 4474 1379 4528 censu
1405 4474 1469 4545 per
1494 4459 1568 4526 tres
1593 4452 1745 4529 fertones
1772 4450 2065 4527 addecimamus

432 4651 436 4660 ,
518 4575 631 4665 agris3
658 4575 742 4655 itam
769 4578 842 4647 tres
867 4574 1072 4649 hortulanus
1099 4574 1214 4664 hahet
1241 4574 1284 4646 de
1302 4575 1428 4666 quibus
1446 4575 1557 4648 solum
1582 4596 1646 4666 per
1663 4595 1770 4649 unum
1788 4574 1882 4646 diam
1907 4574 1946 4645 in
1963 4570 2064 4664 sepil-

517 4715 620 4774 mana
653 4693 761 4775 habet
791 4693 947 4785 labores,
983 4701 1020 4777 at
1047 4695 1193 4786 quilibet
1221 4695 1356 4768 emetha
1392 4695 1530 4769 laborat
1556 4715 1662 4771 unum
1696 4695 1790 4771 mem
1815 4695 1852 4766 in
1878 4675 2067 4788 septimana

518 4817 661 4908 proprio
688 4836 792 4889 curru
818 4815 873 4886 vel
908 4820 1025 4890 aratro
1052 4867 1168 4887 .....
1211 4817 1301 4888 Item
1327 4816 1378 4888 ibi
1403 4815 1472 4888 duo
1498 4816 1643 4906 praedia
1667 4815 1851 4908 militaria,
1877 4815 1921 4889 de
1949 4814 2066 4908 quibus

519 4937 625 5009 ctiam
651 4935 842 5008 decimatur
867 4937 1014 5027 plebano
1040 4936 1170 5008 ibidem
1196 4936 1233 5007 in
1258 4936 1506 5028 Igolomya

622 5056 821 5131 Icoroura
838 5077 975 5148 mon,
1002 5057 1085 5130 uilla
1109 5059 1174 5130 sub
1192 5058 1361 5149 parocbia
1379 5057 1546 5131 ecclesiae
1572 5056 1616 5129 de
1636 5055 1807 5133 maiori
1832 5055 2067 5148 lgolomya

520 5180 606 5269 sita,
633 5177 729 5250 cinus
756 5179 952 5269 proprietas
978 5179 1131 5269 pertinet
1158 5178 1204 5250 ad
1220 5177 1364 5251 fundum
1391 5178 1570 5250 custodiae
1596 5177 1714 5250 Sancti
1730 5177 1887 5252 Floriani
1913 5178 1951 5249 in
1978 5174 2065 5251 Gla·
2145 5241 2148 5246 .

519 5320 638 5391 parz.
677 5299 718 5378 In
746 5319 813 5390 qua
839 5305 921 5370 sunt
947 5298 1129 5373 duodecim
1155 5299 1248 5371 lanei
1274 5299 1527 5388 cmctbonales‚
1553 5299 1639 5370 item
1665 5303 1816 5390 quatuor
1840 5298 2063 5386 hortulaniac,

519 5419 603 5492 item
631 5417 719 5504 duae
736 5420 903 5503 tabernae
929 5419 1097 5495 babentes
1124 5440 1237 5511 agros,
1264 5419 1450 5511 dequibus
1478 5419 1627 5492 solvitur
1652 5424 1691 5495 et
1707 5418 1913 5495 conducitur
1939 5419 2065 5504 decima

429 5589 440 5604 .
519 5538 745 5627 manipularis
772 5545 807 5611 et
824 5541 998 5632 canapalis
1024 5534 1087 5632 pro
1115 5539 1274 5614 custodia
1300 5538 1419 5612 Sancti
1443 5539 1617 5631 Floriana
1643 5539 1740 5615 valor
1765 5540 1841 5619 eius
1867 5541 2065 5629 aestimatur

522 5657 568 5734 ad
585 5657 763 5736 duodecim
781 5681 925 5744 marcas.
963 5661 1053 5738 item
1070 5664 1125 5738 ast
1143 5660 1192 5736 ihi
1209 5660 1390 5755 praedium
1416 5660 1595 5736 custodiae
1617 5661 1751 5736 habens
1767 5667 1871 5753 prata
1890 5666 1927 5735 et
1942 5661 2063 5748 laneos,
