4550 6600
500 1100 743 1182 Decanatus
775 1102 1107 1183 Slawcovlensis
1139 1104 1243 1183 alias
1281 1106 1320 1181 in
1354 1104 1529 1184 Btlbovn.

905 1320 1111 1393 Snawrovv.

333 1442 507 1533 Oppidum
533 1444 633 1513 quta
649 1443 791 1514 fluvium
809 1443 953 1532 Byala
970 1440 1248 1515 Przemscba
1274 1445 1388 1534 sitnm,
1407 1446 1504 1517 cuins
1522 1446 1718 1536 proprietas
1737 1447 1783 1518 ad
1839 1522 1842 1530 ,

234 1566 466 1654 episcopatum
502 1561 765 1635 Oracoviensem
800 1564 971 1653 pertinet,
999 1564 1130 1635 babens
1166 1565 1346 1636 ecclesiam
1380 1566 1632 1656 parochialem,
1658 1567 1785 1639 honori

233 1684 380 1756 Sanctae
408 1683 528 1755 Crucis
555 1684 705 1754 dicatam
732 1689 769 1754 et
794 1705 892 1755 muro
919 1684 1047 1773 partim
1074 1705 1117 1755 ex
1144 1690 1255 1774 petra,
1281 1686 1410 1775 partim
1437 1706 1480 1756 ex
1506 1686 1617 1757 latere
1634 1686 1783 1758 fabrica-

232 1811 320 1893 tam3
348 1805 445 1877 cuius
480 1826 569 1876 unns
605 1809 772 1894 patronus
806 1810 842 1875 et
877 1803 1023 1876 collatdr
1049 1810 1105 1875 est
1131 1810 1254 1876 cantor
1280 1805 1519 1877 Graeoviensis
1545 1807 1693 1897 quilibet
1717 1827 1783 1898 pro
1825 1854 1829 1862 κ
1924 1810 1929 1821 ’

233 1921 408 2016 tempore3
445 1946 488 1996 cx
513 1927 739 2015 proventibus
767 1926 858 1997 enim
885 1926 1051 1997 ecclesiae
1077 1925 1338 1997 Slavcoviensis
1364 1928 1520 1999 cantoria
1546 1927 1784 2000 cracoviensis

233 2045 377 2118 brndata
404 2052 440 2117 et
469 2047 588 2118 dotata
614 2052 677 2136 est,
705 2052 742 2118 et
768 2047 902 2117 cantori
928 2045 1150 2118 Cracoviensi
1177 2047 1343 2118 ecclesiae
1360 2048 1623 2126 SlawcovIensis
1639 2048 1779 2120 collatio

232 2174 283 2239 est
309 2174 499 2238 reservata.
526 2168 565 2237 In
595 2188 661 2257 qno
690 2167 816 2257 oppido
843 2172 925 2238 sunt
951 2168 1097 2257 triginta
1124 2188 1184 2238 sox
1210 2168 1303 2239 lanei
1321 2168 1449 2259 civiles,
1467 2169 1512 2240 de
1530 2170 1655 2259 quibus
1673 2169 1783 2241 omni-
1843 2232 1849 2241 .

188 2290 296 2359 *bus
322 2289 472 2361 solvitur
499 2288 631 2359 decima
657 2289 882 2391 manipularis
911 2290 1047 2361 cantori
1073 2287 1304 2378 Oracoviensi,
1322 2290 1574 2381 qninquaginta
1590 2310 1785 2361 marcarum
1875 2274 1880 2280 ’

230 2410 370 2498 valoris,
396 2414 433 2480 et
459 2409 600 2500 proprio
629 2430 732 2481 curru
759 2414 879 2481 cantor
905 2410 1000 2480 illam
1028 2410 1198 2501 conducit,
1225 2416 1261 2482 et
1285 2411 1419 2483 incolae
1445 2432 1515 2481 non
1533 2410 1673 2481 solvunt
1690 2410 1782 2482 deci-

231 2551 320 2600 mam
348 2531 480 2619 canapi.
516 2530 604 2601 Item
632 2536 685 2601 est
711 2530 760 2600 ibi
786 2530 966 2619 praedium
993 2532 1207 2621 episcopale,
1234 2532 1278 2602 de
1305 2553 1373 2621 qno
1400 2532 1594 2603 decimatur
1620 2530 1786 2602 ecclesiae

230 2652 264 2719 in
290 2650 524 2722 Slawkow.
550 2641 640 2722 Item
667 2656 722 2722 est
748 2651 798 2722 ibi
824 2652 1033 2740 theloneum,
1060 2652 1158 2722 cuins
1184 2652 1381 2741 proprietas
1403 2651 1453 2740 ad
1480 2652 1671 2723 cantoriam
1697 2649 1783 2723 Gra·

230 2772 426 2843 rociensem
453 2772 614 2861 pertinet,
641 2772 738 2842 cuius
765 2770 863 2842 valor
890 2772 935 2842 ad
962 2772 1086 2861 viginti
1103 2792 1240 2843 marcas
1257 2773 1469 2860 aestimatur,
1488 2771 1532 2842 de
1550 2794 1618 2861 quo
1636 2771 1786 2843 ecclesia

232 2890 493 2965 Slawcoviensis
520 2912 583 2982 pro
611 2914 673 2964 suo
701 2894 776 2962 inre
795 2898 873 2963 octo
892 2912 1034 2963 marcas.
1061 2893 1148 2964 Item
1166 2894 1313 2964 ecclesia
1329 2891 1592 2963 Slavrcoviensis
1609 2893 1717 2964 babet
1734 2892 1784 2963 ibi

231 3033 333 3103 agros
360 3014 532 3103 proprios,
560 3012 721 3085 videlicet
747 3034 853 3084 unum
878 3012 1016 3085 laneum
1043 3016 1080 3084 et
1106 3013 1193 3085 duas
1214 3036 1343 3109 opacos,
1360 3014 1444 3084 item
1463 3013 1550 3085 duas
1567 3012 1785 3098 hortulanias

231 3140 265 3205 et
291 3134 380 3206 dnas
408 3134 568 3223 piscinas.
664 3143 668 3151 '

334 3256 654 3328 Sramvuscuvczn
681 3254 830 3344 Maron,
857 3254 941 3326 villa
968 3256 1031 3327 snb
1058 3254 1225 3345 parochiae
1252 3254 1295 3326 de
1321 3253 1544 3326 Slawkow
1569 3255 1656 3344 sita,
1683 3254 1782 3326 cuins

234 3378 434 3467 proprietas
460 3377 504 3472 ad
522 3377 758 3466 episcopatum
777 3373 1041 3446 cracoviensem
1059 3375 1223 3464 pertinet.
1249 3375 1289 3445 In
1317 3380 1494 3464 quaeunt
1520 3374 1669 3445 sedecim
1695 3373 1788 3444 lanei

232 3497 467 3569 emethonales
494 3501 530 3567 et
555 3495 755 3567 hortulanis
781 3515 869 3584 nna,
905 3496 948 3566 de
976 3495 1101 3586 quibus
1138 3496 1296 3567 omnibns
1335 3495 1481 3566 solvitur
1517 3500 1566 3566 et.
1580 3493 1784 3566 conducitur
1862 3578 1865 3586 ,

232 3619 366 3690 decima
392 3618 618 3707 manipularis
645 3638 709 3707 pro
737 3619 939 3707 episcopatu
965 3615 1197 3706 Gracoviensi‚
1225 3622 1261 3686 et
1286 3616 1386 3687 valor
1411 3617 1486 3686 eins
1512 3617 1717 3686 aestimatur
1743 3615 1789 3685 ad

231 3741 352 3812 decern
380 3759 525 3810 marcas.
552 3738 639 3809 Item
658 3742 712 3809 est
739 3738 788 3815 ibi
815 3737 975 3809 scoltetia
992 3738 1125 3809 habens
1152 3737 1282 3825 laneos,
1309 3735 1496 3825 dequibus
1523 3736 1685 3824 epIscopo
1704 3734 1788 3806 (ira-

233 3861 388 3932 eoviensi
416 3860 520 3931 solvit
546 3861 683 3931 ratione
710 3859 872 3947 decimae,
901 3858 987 3929 duos
1014 3857 1167 3928 fertones
1194 3858 1343 3928 latorum
1370 3877 1579 3946 grossorum.

334 3981 656 4053 Sruuvusenvczu
682 3979 830 4070 ΜιΝοῑι,
856 3979 940 4050 villa
967 3978 1031 4049 sub
1058 3979 1225 4069 parochia
1251 3978 1295 4048 de
1325 3976 1548 4048 Slawkov
1576 3977 1661 4066 sita,
1688 3977 1787 4048 cuins
1871 4053 1875 4066 ¹

231 4104 431 4193 proprietas
458 4102 501 4172 ad
528 4101 728 4192 epIscopum
747 4099 1011 4172 Gracoviensem
1037 4101 1200 4190 pertinet.
1226 4099 1267 4169 ln
1287 4119 1356 4189 qua
1373 4105 1455 4169 sunt
1472 4097 1590 4169 decem
1608 4105 1645 4170 ct
1662 4119 1787 4170 novem

230 4223 322 4294 lanei
350 4223 597 4312 emethonales,
626 4222 713 4293 duae
740 4221 976 4310 hortulaniae,
1004 4221 1162 4292 scoltetia
1187 4221 1320 4291 babens
1347 4219 1435 4291 dnos
1461 4220 1580 4291 laneos
1607 4225 1645 4291 et
1671 4221 1789 4291 taber-

230 4367 327 4435 nam,
355 4345 401 4416 de
429 4345 554 4434 quibus
591 4343 750 4414 omnibus
785 4349 857 4414 tam
893 4342 1144 4414 scoltetialibns
1180 4362 1283 4433 quam
1319 4342 1613 4431 emethonalibnS,
1650 4342 1790 4414 solvunt

231 4465 402 4537 decimam
436 4465 687 4554 manipularem
722 4463 916 4554 aequaliter
951 4463 1114 4554 episcopo
1151 4461 1390 4552 Oracoviensi‚
1425 4467 1462 4534 et
1496 4463 1595 4535 valor
1631 4462 1706 4534 eius
1742 4463 1791 4533 ad

230 4562 358 4677 viginti
385 4605 529 4656 marcas.

334 4706 628 4795 Tuuczronusm
668 4707 752 4778 villa
779 4707 843 4778 sub
875 4706 1040 4797 parochia
1067 4705 1110 4777 de
1137 4705 1368 4795 Slavvlrow,
1395 4706 1493 4776 cuius
1519 4705 1717 4796 proprietas
1744 4703 1791 4775 ad
1891 4769 1895 4776 ,
1970 4723 1977 4736 ’

230 4827 497 4900 cracoviensem
524 4828 723 4917 episcopum
750 4827 911 4918 pertinet.
955 4827 996 4898 ln
1024 4847 1094 4918 que
1120 4832 1203 4898 sunt
1228 4826 1396 4898 tredecim
1422 4827 1516 4897 lanei
1542 4825 1780 4897 emethonales

231 4949 427 5040 dequibus
453 4949 644 5039 pecunialis
671 4949 804 5020 decima
830 4969 893 5049 per¹
920 4953 998 5020 octo
1025 4969 1166 5038 grossos
1201 4949 1351 5020 latorum
1385 4947 1613 5038 Pragensium
1641 4937 1795 5019 solvit'ur

230 5091 293 5159 pro
320 5070 486 5160 episcopo
514 5068 743 5142 Gracoviensi.
771 5070 859 5140 Item
877 5075 932 5140 est
949 5070 999 5140 ibi
1018 5069 1188 5158 scoltetia,
1216 5075 1366 5160 quatnor
1387 5069 1507 5140 laneos
1533 5067 1675 5158 babens,
1701 5067 1789 5140 dnos

231 5191 324 5263 solus
354 5189 456 5281 colit,
492 5191 579 5262 duos
606 5191 735 5262 locavit
772 5190 1020 5279 cmetbouibus,
1057 5190 1101 5261 de
1128 5191 1253 5282 quibus
1280 5190 1428 5291 plebano
1456 5189 1700 5261 Slavcoviensi
1725 5207 1790 5279 per

232 5316 309 5382 octo
338 5331 481 5402 grossos
507 5333 572 5400 pro
600 5311 732 5383 decIma
760 5311 895 5383 solvere
921 5316 1071 5385 tenetur.

336 5431 546 5521 Burrovvrvo,
574 5431 657 5502 villa
683 5433 747 5504 snb
775 5432 941 5522 parochia
968 5431 1221 5522 Slavvcovlensi,
1257 5433 1453 5522 proprietas
1479 5432 1635 5524 episcopi
1661 5429 1789 5505 Gracc-

231 5553 372 5624 vieusis.
399 5551 440 5622 In
470 5573 538 5643 qua
564 5552 688 5644 viginti
716 5558 864 5643 quotuor
890 5553 984 5624 lanei
1010 5553 1256 5644 emethonales
1283 5553 1475 5645 dequibus
1501 5553 1694 5626 decimatur
1712 5573 1777 5626 can
1913 5608 1917 5612 .

126 5729 159 5766 ,ι
246 5675 360 5764 poppe
388 5672 609 5766 cracoviensi
633 5675 824 5792 manipulo,
860 5675 956 5764 errius
983 5674 1082 5763 valor
1109 5674 1154 5753 ad
1181 5674 1375 5782 quindecim
1400 5695 1555 5778 marcas,
1589 5675 1632 5750 de
1658 5675 1794 5758 duobus
