<?xml version="1.0" encoding="UTF-8"?>
<!DOCTYPE html PUBLIC "-//W3C//DTD XHTML 1.0 Transitional//EN"
    "http://www.w3.org/TR/xhtml1/DTD/xhtml1-transitional.dtd">
<html xmlns="http://www.w3.org/1999/xhtml" xml:lang="en" lang="en">
 <head>
  <title>
</title>
<meta http-equiv="Content-Type" content="text/html;charset=utf-8" />
  <meta name='ocr-system' content='tesseract 3.04.00' />
  <meta name='ocr-capabilities' content='ocr_page ocr_carea ocr_par ocr_line ocrx_word'/>
</head>
<body>
  <div class='ocr_page' id='page_1' title='image "./operaomnia03paulgoog_0443.png"; bbox 0 0 4550 6600; ppageno 0'>
   <div class='ocr_carea' id='block_1_1' title="bbox 503 760 576 839">
    <p class='ocr_par' dir='ltr' id='par_1_1' title="bbox 503 760 576 839">
     <span class='ocr_line' id='line_1_1' title="bbox 503 760 576 839; baseline 0 0"><span class='ocrx_word' id='word_1_1' title='bbox 503 760 576 839; x_wconf 81' lang='grc'><strong>398</strong></span> 
     </span>
    </p>
   </div>
   <div class='ocr_carea' id='block_1_2' title="bbox 391 968 2056 3498">
    <p class='ocr_par' dir='ltr' id='par_1_2' title="bbox 391 968 2056 3498">
     <span class='ocr_line' id='line_1_2' title="bbox 500 968 2047 1065; baseline -0.001 -18"><span class='ocrx_word' id='word_1_2' title='bbox 500 974 678 1047; x_wconf 91' lang='lat' dir='ltr'><strong>humiliter</strong></span> <span class='ocrx_word' id='word_1_3' title='bbox 703 978 740 1045; x_wconf 91' lang='lat' dir='ltr'><strong>et</strong></span> <span class='ocrx_word' id='word_1_4' title='bbox 766 972 901 1063; x_wconf 88' lang='lat' dir='ltr'><strong>devote,</strong></span> <span class='ocrx_word' id='word_1_5' title='bbox 928 974 1097 1065; x_wconf 87' lang='lat' dir='ltr'><strong>quatenus</strong></span> <span class='ocrx_word' id='word_1_6' title='bbox 1124 968 1297 1063; x_wconf 87' lang='lat' dir='ltr'><strong>quandam</strong></span> <span class='ocrx_word' id='word_1_7' title='bbox 1325 968 1590 1064; x_wconf 73' lang='lat' dir='ltr'>ordinationem,</span> <span class='ocrx_word' id='word_1_8' title='bbox 1616 968 1901 1064; x_wconf 74' lang='lat' dir='ltr'><strong>compositionem</strong></span> <span class='ocrx_word' id='word_1_9' title='bbox 1916 976 1955 1045; x_wconf 91' lang='lat' dir='ltr'><strong>et</strong></span> <span class='ocrx_word' id='word_1_10' title='bbox 1970 992 2047 1045; x_wconf 89' lang='lat' dir='ltr'><strong>con·</strong></span> 
     </span>
     <span class='ocr_line' id='line_1_3' title="bbox 500 1093 2050 1185; baseline -0.001 -18"><span class='ocrx_word' id='word_1_11' title='bbox 500 1096 653 1167; x_wconf 88' lang='lat' dir='ltr'><strong>cordiam</strong></span> <span class='ocrx_word' id='word_1_12' title='bbox 688 1095 781 1167; x_wconf 89' lang='lat' dir='ltr'><strong>inter</strong></span> <span class='ocrx_word' id='word_1_13' title='bbox 816 1114 895 1185; x_wconf 90' lang='lat' dir='ltr'><strong>eos,</strong></span> <span class='ocrx_word' id='word_1_14' title='bbox 930 1114 993 1185; x_wconf 93' lang='lat' dir='ltr'><strong>per</strong></span> <span class='ocrx_word' id='word_1_15' title='bbox 1029 1098 1145 1166; x_wconf 91' lang='lat' dir='ltr'><strong>certos</strong></span> <span class='ocrx_word' id='word_1_16' title='bbox 1181 1093 1352 1184; x_wconf 78' lang='lat' dir='ltr'><strong>arbitros,</strong></span> <span class='ocrx_word' id='word_1_17' title='bbox 1387 1094 1551 1166; x_wconf 89' lang='lat' dir='ltr'><strong>videlicet</strong></span> <span class='ocrx_word' id='word_1_18' title='bbox 1584 1095 1790 1185; x_wconf 84' lang='lat' dir='ltr'><strong>magistrum</strong></span> <span class='ocrx_word' id='word_1_19' title='bbox 1815 1093 1984 1167; x_wconf 87' lang='lat' dir='ltr'><strong>Jacobum</strong></span> <span class='ocrx_word' id='word_1_20' title='bbox 2007 1094 2050 1165; x_wconf 86' lang='lat' dir='ltr'><strong>de</strong></span> 
     </span>
     <span class='ocr_line' id='line_1_4' title="bbox 500 1214 2051 1307; baseline 0 -20"><span class='ocrx_word' id='word_1_21' title='bbox 500 1216 676 1289; x_wconf 84' lang='lat' dir='ltr'><strong>Szadek</strong></span> <span class='ocrx_word' id='word_1_22' title='bbox 712 1215 966 1289; x_wconf 84' lang='lat' dir='ltr'><strong>vicecustodem</strong></span> <span class='ocrx_word' id='word_1_23' title='bbox 1002 1222 1038 1287; x_wconf 93' lang='lat' dir='ltr'><strong>et</strong></span> <span class='ocrx_word' id='word_1_24' title='bbox 1074 1215 1277 1287; x_wconf 89' lang='lat' dir='ltr'><strong>canonicum</strong></span> <span class='ocrx_word' id='word_1_25' title='bbox 1312 1214 1479 1287; x_wconf 88' lang='lat' dir='ltr'><strong>ecclesiae</strong></span> <span class='ocrx_word' id='word_1_26' title='bbox 1514 1215 1716 1307; x_wconf 72' lang='lat' dir='ltr'><strong>collegiatae</strong></span> <span class='ocrx_word' id='word_1_27' title='bbox 1744 1215 1892 1287; x_wconf 88' lang='lat' dir='ltr'><strong>Sanctae</strong></span> <span class='ocrx_word' id='word_1_28' title='bbox 1918 1214 2051 1287; x_wconf 76' lang='lat' dir='ltr'><strong>Mariae</strong></span> 
     </span>
     <span class='ocr_line' id='line_1_5' title="bbox 499 1335 2051 1430; baseline -0.001 -21"><span class='ocrx_word' id='word_1_29' title='bbox 499 1337 799 1428; x_wconf 88' lang='lat' dir='ltr'><strong>Sandomiriensis,</strong></span> <span class='ocrx_word' id='word_1_30' title='bbox 826 1337 1002 1409; x_wconf 83' lang='lat' dir='ltr'><strong>Andrean</strong></span> <span class='ocrx_word' id='word_1_31' title='bbox 1030 1336 1073 1409; x_wconf 89' lang='lat' dir='ltr'><strong>de</strong></span> <span class='ocrx_word' id='word_1_32' title='bbox 1101 1335 1385 1428; x_wconf 84' lang='lat' dir='ltr'><strong>Trzesznya,</strong></span> <span class='ocrx_word' id='word_1_33' title='bbox 1412 1335 1623 1410; x_wconf 85' lang='lat' dir='ltr'><strong>Stanislanm</strong></span> <span class='ocrx_word' id='word_1_34' title='bbox 1649 1337 1693 1410; x_wconf 93' lang='lat' dir='ltr'><strong>de</strong></span> <span class='ocrx_word' id='word_1_35' title='bbox 1719 1336 1919 1430; x_wconf 84' lang='lat' dir='ltr'><strong>Mydlow</strong></span> <span class='ocrx_word' id='word_1_36' title='bbox 1945 1336 2051 1409; x_wconf 81' lang='lat' dir='ltr'><strong>eccle</strong></span> 
     </span>
     <span class='ocr_line' id='line_1_6' title="bbox 499 1456 2051 1562; baseline -0.001 -32"><span class='ocrx_word' id='word_1_37' title='bbox 499 1461 629 1533; x_wconf 89' lang='lat' dir='ltr'><strong>siarum</strong></span> <span class='ocrx_word' id='word_1_38' title='bbox 656 1459 902 1551; x_wconf 82' lang='lat' dir='ltr'><strong>parochialium</strong></span> <span class='ocrx_word' id='word_1_39' title='bbox 921 1458 1087 1551; x_wconf 89' lang='lat' dir='ltr'><strong>plebanos</strong></span> <span class='ocrx_word' id='word_1_40' title='bbox 1105 1463 1144 1530; x_wconf 91' lang='lat' dir='ltr'><strong>et</strong></span> <span class='ocrx_word' id='word_1_41' title='bbox 1160 1457 1341 1531; x_wconf 80' lang='lat' dir='ltr'><strong>Nicolaum</strong></span> <span class='ocrx_word' id='word_1_42' title='bbox 1358 1456 1500 1530; x_wconf 89' lang='lat' dir='ltr'><strong>Odoli</strong></span> <span class='ocrx_word' id='word_1_43' title='bbox 1528 1458 1654 1562; x_wconf 87' lang='lat' dir='ltr'><strong>laicum</strong></span> <span class='ocrx_word' id='word_1_44' title='bbox 1680 1459 1859 1531; x_wconf 90' lang='lat' dir='ltr'><strong>literatum</strong></span> <span class='ocrx_word' id='word_1_45' title='bbox 1886 1458 1931 1530; x_wconf 92' lang='lat' dir='ltr'><strong>de</strong></span> <span class='ocrx_word' id='word_1_46' title='bbox 1959 1456 2051 1529; x_wconf 88' lang='lat' dir='ltr'><strong>San·</strong></span> 
     </span>
     <span class='ocr_line' id='line_1_7' title="bbox 500 1556 2054 1674; baseline -0.003 -19"><span class='ocrx_word' id='word_1_47' title='bbox 500 1582 701 1655; x_wconf 80' lang='lat' dir='ltr'><strong>dominia</strong></span> <span class='ocrx_word' id='word_1_48' title='bbox 736 1582 906 1671; x_wconf 79' lang='lat' dir='ltr'><strong>arbitros,</strong></span> <span class='ocrx_word' id='word_1_49' title='bbox 943 1556 1174 1653; x_wconf 81' lang='lat' dir='ltr'><strong>arbitratores</strong></span> <span class='ocrx_word' id='word_1_50' title='bbox 1209 1584 1247 1651; x_wconf 92' lang='lat' dir='ltr'><strong>et</strong></span> <span class='ocrx_word' id='word_1_51' title='bbox 1281 1580 1481 1654; x_wconf 91' lang='lat' dir='ltr'><strong>amicabiles</strong></span> <span class='ocrx_word' id='word_1_52' title='bbox 1517 1582 1784 1674; x_wconf 86' lang='lat' dir='ltr'><strong>compositores,</strong></span> <span class='ocrx_word' id='word_1_53' title='bbox 1811 1580 1856 1652; x_wconf 90' lang='lat' dir='ltr'><strong>de</strong></span> <span class='ocrx_word' id='word_1_54' title='bbox 1886 1586 1924 1651; x_wconf 90' lang='lat' dir='ltr'><strong>et</strong></span> <span class='ocrx_word' id='word_1_55' title='bbox 1950 1600 2054 1670; x_wconf 89' lang='lat' dir='ltr'><strong>snper</strong></span> 
     </span>
     <span class='ocr_line' id='line_1_8' title="bbox 499 1702 2055 1795; baseline -0.002 -20"><span class='ocrx_word' id='word_1_56' title='bbox 499 1704 641 1775; x_wconf 82' lang='lat' dir='ltr'><strong>decimis</strong></span> <span class='ocrx_word' id='word_1_57' title='bbox 668 1702 942 1795; x_wconf 74' lang='lat' dir='ltr'><strong>manipularibus</strong></span> <span class='ocrx_word' id='word_1_58' title='bbox 968 1706 1004 1773; x_wconf 89' lang='lat' dir='ltr'><strong>et</strong></span> <span class='ocrx_word' id='word_1_59' title='bbox 1030 1702 1281 1793; x_wconf 81' lang='lat' dir='ltr'><strong>campestribus</strong></span> <span class='ocrx_word' id='word_1_60' title='bbox 1307 1703 1463 1776; x_wconf 82' lang='lat' dir='ltr'><strong>universi</strong></span> <span class='ocrx_word' id='word_1_61' title='bbox 1487 1704 1589 1794; x_wconf 81' lang='lat' dir='ltr'><strong>grani</strong></span> <span class='ocrx_word' id='word_1_62' title='bbox 1616 1708 1653 1775; x_wconf 90' lang='lat' dir='ltr'><strong>et</strong></span> <span class='ocrx_word' id='word_1_63' title='bbox 1678 1703 1829 1794; x_wconf 89' lang='lat' dir='ltr'><strong>seminis,</strong></span> <span class='ocrx_word' id='word_1_64' title='bbox 1851 1708 1935 1793; x_wconf 89' lang='lat' dir='ltr'><strong>post</strong></span> <span class='ocrx_word' id='word_1_65' title='bbox 1953 1721 2055 1791; x_wconf 77' lang='lat' dir='ltr'><strong>agros</strong></span> 
     </span>
     <span class='ocr_line' id='line_1_9' title="bbox 391 1822 2056 1916; baseline -0.001 -21"><span class='ocrx_word' id='word_1_66' title='bbox 391 1824 394 1831; x_wconf 83' lang='lat'>&#39;</span> <span class='ocrx_word' id='word_1_67' title='bbox 500 1830 537 1895; x_wconf 87' lang='lat' dir='ltr'><strong>et</strong></span> <span class='ocrx_word' id='word_1_68' title='bbox 563 1830 724 1897; x_wconf 87' lang='lat' dir='ltr'><strong>araturas</strong></span> <span class='ocrx_word' id='word_1_69' title='bbox 760 1824 876 1896; x_wconf 78' lang='lat' dir='ltr'><strong>cunae</strong></span> <span class='ocrx_word' id='word_1_70' title='bbox 911 1828 947 1895; x_wconf 91' lang='lat' dir='ltr'><strong>et</strong></span> <span class='ocrx_word' id='word_1_71' title='bbox 972 1823 1108 1913; x_wconf 90' lang='lat' dir='ltr'><strong>praedii</strong></span> <span class='ocrx_word' id='word_1_72' title='bbox 1135 1823 1170 1894; x_wconf 90' lang='lat' dir='ltr'><strong>in</strong></span> <span class='ocrx_word' id='word_1_73' title='bbox 1197 1822 1403 1897; x_wconf 86' lang='lat' dir='ltr'><strong>Kliszow</strong></span> <span class='ocrx_word' id='word_1_74' title='bbox 1430 1829 1466 1896; x_wconf 88' lang='lat' dir='ltr'><strong>et</strong></span> <span class='ocrx_word' id='word_1_75' title='bbox 1492 1824 1568 1897; x_wconf 92' lang='lat' dir='ltr'><strong>eius</strong></span> <span class='ocrx_word' id='word_1_76' title='bbox 1594 1825 1818 1916; x_wconf 88' lang='lat' dir='ltr'><strong>perceptione</strong></span> <span class='ocrx_word' id='word_1_77' title='bbox 1844 1822 1995 1912; x_wconf 85' lang='lat' dir='ltr'><strong>iactam,</strong></span> <span class='ocrx_word' id='word_1_78' title='bbox 2021 1828 2056 1893; x_wconf 85' lang='lat' dir='ltr'><strong>et</strong></span> 
     </span>
     <span class='ocr_line' id='line_1_10' title="bbox 500 1934 2056 2037; baseline -0.001 -20"><span class='ocrx_word' id='word_1_79' title='bbox 500 1967 563 2037; x_wconf 89' lang='lat' dir='ltr'><strong>per</strong></span> <span class='ocrx_word' id='word_1_80' title='bbox 590 1966 649 2017; x_wconf 90' lang='lat' dir='ltr'><strong>eos</strong></span> <span class='ocrx_word' id='word_1_81' title='bbox 676 1946 902 2037; x_wconf 83' lang='lat' dir='ltr'><strong>emulgatam,</strong></span> <span class='ocrx_word' id='word_1_82' title='bbox 929 1943 1145 2035; x_wconf 87' lang='lat' dir='ltr'><strong>confirmare,</strong></span> <span class='ocrx_word' id='word_1_83' title='bbox 1171 1944 1365 2035; x_wconf 86' lang='lat' dir='ltr'><strong>ratificare,</strong></span> <span class='ocrx_word' id='word_1_84' title='bbox 1391 1951 1429 2019; x_wconf 92' lang='lat' dir='ltr'><strong>et</strong></span> <span class='ocrx_word' id='word_1_85' title='bbox 1455 1946 1651 2037; x_wconf 86' lang='lat' dir='ltr'><strong>approbare</strong></span> <span class='ocrx_word' id='word_1_86' title='bbox 1676 1946 1910 2037; x_wconf 82' lang='lat' dir='ltr'><strong>dignaremur.</strong></span> <span class='ocrx_word' id='word_1_87' title='bbox 1950 1934 2056 2015; x_wconf 84' lang='lat' dir='ltr'><strong>Cuius</strong></span> 
     </span>
     <span class='ocr_line' id='line_1_11' title="bbox 501 2066 2056 2158; baseline -0.002 -19"><span class='ocrx_word' id='word_1_88' title='bbox 501 2068 639 2158; x_wconf 91' lang='lat' dir='ltr'><strong>quidem</strong></span> <span class='ocrx_word' id='word_1_89' title='bbox 667 2068 874 2141; x_wconf 86' lang='lat' dir='ltr'><strong>concordiae</strong></span> <span class='ocrx_word' id='word_1_90' title='bbox 900 2072 937 2139; x_wconf 93' lang='lat' dir='ltr'><strong>et</strong></span> <span class='ocrx_word' id='word_1_91' title='bbox 963 2066 1224 2158; x_wconf 88' lang='lat' dir='ltr'><strong>compositionis</strong></span> <span class='ocrx_word' id='word_1_92' title='bbox 1259 2073 1362 2141; x_wconf 87' lang='lat' dir='ltr'><strong>tenor</strong></span> <span class='ocrx_word' id='word_1_93' title='bbox 1388 2068 1431 2141; x_wconf 91' lang='lat' dir='ltr'><strong>de</strong></span> <span class='ocrx_word' id='word_1_94' title='bbox 1457 2067 1565 2141; x_wconf 82' lang='lat' dir='ltr'><strong>verbo</strong></span> <span class='ocrx_word' id='word_1_95' title='bbox 1592 2067 1638 2140; x_wconf 88' lang='lat' dir='ltr'><strong>ad</strong></span> <span class='ocrx_word' id='word_1_96' title='bbox 1664 2068 1808 2141; x_wconf 83' lang='lat' dir='ltr'><strong>verbum</strong></span> <span class='ocrx_word' id='word_1_97' title='bbox 1834 2067 1996 2158; x_wconf 88' lang='lat' dir='ltr'><strong>sequitur</strong></span> <span class='ocrx_word' id='word_1_98' title='bbox 2020 2070 2056 2137; x_wconf 90' lang='lat' dir='ltr'><strong>et</strong></span> 
     </span>
     <span class='ocr_line' id='line_1_12' title="bbox 500 2188 2055 2281; baseline -0.001 -20"><span class='ocrx_word' id='word_1_99' title='bbox 500 2196 556 2261; x_wconf 93' lang='lat' dir='ltr'><strong>est</strong></span> <span class='ocrx_word' id='word_1_100' title='bbox 581 2190 681 2262; x_wconf 88' lang='lat' dir='ltr'><strong>talis:</strong></span> <span class='ocrx_word' id='word_1_101' title='bbox 717 2189 899 2262; x_wconf 87' lang='lat' dir='ltr'><strong>Universis</strong></span> <span class='ocrx_word' id='word_1_102' title='bbox 931 2194 967 2261; x_wconf 89' lang='lat' dir='ltr'><strong>et</strong></span> <span class='ocrx_word' id='word_1_103' title='bbox 994 2188 1139 2279; x_wconf 81' lang='lat' dir='ltr'><strong>singulis</strong></span> <span class='ocrx_word' id='word_1_104' title='bbox 1166 2193 1239 2260; x_wconf 88' lang='lat' dir='ltr'><strong>tam</strong></span> <span class='ocrx_word' id='word_1_105' title='bbox 1264 2190 1508 2280; x_wconf 88' lang='lat' dir='ltr'><strong>praesentibus</strong></span> <span class='ocrx_word' id='word_1_106' title='bbox 1534 2210 1638 2281; x_wconf 92' lang='lat' dir='ltr'><strong>quam</strong></span> <span class='ocrx_word' id='word_1_107' title='bbox 1663 2188 1791 2263; x_wconf 82' lang='lat' dir='ltr'><strong>futuris</strong></span> <span class='ocrx_word' id='word_1_108' title='bbox 1816 2188 2055 2281; x_wconf 85' lang='lat' dir='ltr'><strong>praesentium</strong></span> 
     </span>
     <span class='ocr_line' id='line_1_13' title="bbox 500 2308 2052 2401; baseline 0 -20"><span class='ocrx_word' id='word_1_109' title='bbox 500 2312 661 2383; x_wconf 91' lang='lat' dir='ltr'><strong>notitiam</strong></span> <span class='ocrx_word' id='word_1_110' title='bbox 692 2309 883 2383; x_wconf 89' lang='lat' dir='ltr'><strong>habituris:</strong></span> <span class='ocrx_word' id='word_1_111' title='bbox 919 2308 992 2382; x_wconf 91' lang='lat' dir='ltr'><strong>Nos</strong></span> <span class='ocrx_word' id='word_1_112' title='bbox 1019 2310 1187 2401; x_wconf 83' lang='lat' dir='ltr'><strong>magister</strong></span> <span class='ocrx_word' id='word_1_113' title='bbox 1212 2309 1365 2384; x_wconf 81' lang='lat' dir='ltr'><strong>lacobus</strong></span> <span class='ocrx_word' id='word_1_114' title='bbox 1391 2313 1585 2385; x_wconf 70' lang='lat' dir='ltr'><strong>vicaneos</strong></span> <span class='ocrx_word' id='word_1_115' title='bbox 1611 2318 1648 2384; x_wconf 92' lang='lat' dir='ltr'><strong>et</strong></span> <span class='ocrx_word' id='word_1_116' title='bbox 1673 2312 1860 2385; x_wconf 89' lang='lat' dir='ltr'><strong>canonicus</strong></span> <span class='ocrx_word' id='word_1_117' title='bbox 1885 2309 2052 2382; x_wconf 87' lang='lat' dir='ltr'><strong>ecclesiae</strong></span> 
     </span>
     <span class='ocr_line' id='line_1_14' title="bbox 501 2430 2055 2526; baseline -0.001 -23"><span class='ocrx_word' id='word_1_118' title='bbox 501 2432 705 2523; x_wconf 84' lang='lat' dir='ltr'><strong>collegiatae</strong></span> <span class='ocrx_word' id='word_1_119' title='bbox 731 2431 1030 2523; x_wconf 89' lang='lat' dir='ltr'><strong>Sandomiriensis,</strong></span> <span class='ocrx_word' id='word_1_120' title='bbox 1057 2431 1219 2504; x_wconf 86' lang='lat' dir='ltr'><strong>Andreas</strong></span> <span class='ocrx_word' id='word_1_121' title='bbox 1240 2433 1284 2503; x_wconf 89' lang='lat' dir='ltr'><strong>de</strong></span> <span class='ocrx_word' id='word_1_122' title='bbox 1302 2432 1576 2526; x_wconf 83' lang='lat' dir='ltr'><strong>Trnesznya,</strong></span> <span class='ocrx_word' id='word_1_123' title='bbox 1593 2433 1790 2507; x_wconf 88' lang='lat' dir='ltr'><strong>Stanislaus</strong></span> <span class='ocrx_word' id='word_1_124' title='bbox 1807 2432 1852 2505; x_wconf 90' lang='lat' dir='ltr'><strong>de</strong></span> <span class='ocrx_word' id='word_1_125' title='bbox 1870 2430 2055 2523; x_wconf 81' lang='lat' dir='ltr'><strong>Mydlor</strong></span> 
     </span>
     <span class='ocr_line' id='line_1_15' title="bbox 501 2552 2055 2645; baseline -0.001 -22"><span class='ocrx_word' id='word_1_126' title='bbox 501 2554 641 2644; x_wconf 89' lang='lat' dir='ltr'><strong>plebani</strong></span> <span class='ocrx_word' id='word_1_127' title='bbox 678 2554 918 2645; x_wconf 89' lang='lat' dir='ltr'><strong>ecclesiarum,</strong></span> <span class='ocrx_word' id='word_1_128' title='bbox 945 2559 981 2625; x_wconf 91' lang='lat' dir='ltr'><strong>ct</strong></span> <span class='ocrx_word' id='word_1_129' title='bbox 1007 2552 1173 2627; x_wconf 88' lang='lat' dir='ltr'><strong>Nicolans</strong></span> <span class='ocrx_word' id='word_1_130' title='bbox 1200 2552 1341 2626; x_wconf 89' lang='lat' dir='ltr'><strong>Odolf</strong></span> <span class='ocrx_word' id='word_1_131' title='bbox 1362 2555 1471 2628; x_wconf 88' lang='lat' dir='ltr'><strong>laicus</strong></span> <span class='ocrx_word' id='word_1_132' title='bbox 1497 2557 1657 2629; x_wconf 88' lang='lat' dir='ltr'><strong>literatus</strong></span> <span class='ocrx_word' id='word_1_133' title='bbox 1684 2556 1728 2628; x_wconf 93' lang='lat' dir='ltr'><strong>de</strong></span> <span class='ocrx_word' id='word_1_134' title='bbox 1754 2554 2055 2627; x_wconf 80' lang='lat' dir='ltr'><strong>Sandomiria</strong></span> 
     </span>
     <span class='ocr_line' id='line_1_16' title="bbox 501 2674 2053 2769; baseline 0.001 -24"><span class='ocrx_word' id='word_1_135' title='bbox 501 2676 627 2747; x_wconf 86' lang='lat' dir='ltr'><strong>arbitri</strong></span> <span class='ocrx_word' id='word_1_136' title='bbox 653 2676 882 2747; x_wconf 89' lang='lat' dir='ltr'><strong>arbitratores</strong></span> <span class='ocrx_word' id='word_1_137' title='bbox 909 2674 1116 2766; x_wconf 89' lang='lat' dir='ltr'><strong>amicabiles,</strong></span> <span class='ocrx_word' id='word_1_138' title='bbox 1144 2677 1392 2766; x_wconf 88' lang='lat' dir='ltr'><strong>compositores</strong></span> <span class='ocrx_word' id='word_1_139' title='bbox 1419 2677 1621 2769; x_wconf 87' lang='lat' dir='ltr'><strong>iudicesque</strong></span> <span class='ocrx_word' id='word_1_140' title='bbox 1647 2678 1734 2751; x_wconf 86' lang='lat' dir='ltr'><strong>iuris</strong></span> <span class='ocrx_word' id='word_1_141' title='bbox 1760 2698 1825 2768; x_wconf 89' lang='lat' dir='ltr'><strong>per</strong></span> <span class='ocrx_word' id='word_1_142' title='bbox 1850 2680 2053 2767; x_wconf 83' lang='lat' dir='ltr'><strong>praesentes</strong></span> 
     </span>
     <span class='ocr_line' id='line_1_17' title="bbox 500 2794 2053 2889; baseline 0.001 -22"><span class='ocrx_word' id='word_1_143' title='bbox 500 2794 739 2888; x_wconf 76' lang='lat' dir='ltr'><strong>infrascriptos</strong></span> <span class='ocrx_word' id='word_1_144' title='bbox 774 2797 877 2869; x_wconf 90' lang='lat' dir='ltr'><strong>electi</strong></span> <span class='ocrx_word' id='word_1_145' title='bbox 904 2801 939 2868; x_wconf 90' lang='lat' dir='ltr'><strong>et</strong></span> <span class='ocrx_word' id='word_1_146' title='bbox 965 2796 1133 2888; x_wconf 83' lang='lat' dir='ltr'><strong>deputati.</strong></span> <span class='ocrx_word' id='word_1_147' title='bbox 1174 2796 1232 2869; x_wconf 82' lang='lat' dir='ltr'><strong>Ad</strong></span> <span class='ocrx_word' id='word_1_148' title='bbox 1258 2806 1462 2889; x_wconf 89' lang='lat' dir='ltr'><strong>perpetuam</strong></span> <span class='ocrx_word' id='word_1_149' title='bbox 1488 2800 1541 2872; x_wconf 90' lang='lat' dir='ltr'><strong>rei</strong></span> <span class='ocrx_word' id='word_1_150' title='bbox 1567 2801 1770 2873; x_wconf 87' lang='lat' dir='ltr'><strong>memoriam</strong></span> <span class='ocrx_word' id='word_1_151' title='bbox 1796 2798 1956 2889; x_wconf 89' lang='lat' dir='ltr'><strong>cupimus</strong></span> <span class='ocrx_word' id='word_1_152' title='bbox 1980 2795 2053 2869; x_wconf 88' lang='lat' dir='ltr'><strong>lore</strong></span> 
     </span>
     <span class='ocr_line' id='line_1_18' title="bbox 501 2916 2052 3011; baseline -0.001 -22"><span class='ocrx_word' id='word_1_153' title='bbox 501 2924 640 3009; x_wconf 91' lang='lat' dir='ltr'><strong>notum,</strong></span> <span class='ocrx_word' id='word_1_154' title='bbox 667 2917 838 3011; x_wconf 89' lang='lat' dir='ltr'><strong>quomodo</strong></span> <span class='ocrx_word' id='word_1_155' title='bbox 874 2917 1095 2989; x_wconf 87' lang='lat' dir='ltr'><strong>honorabiles</strong></span> <span class='ocrx_word' id='word_1_156' title='bbox 1125 2916 1258 2991; x_wconf 91' lang='lat' dir='ltr'><strong>domini</strong></span> <span class='ocrx_word' id='word_1_157' title='bbox 1289 2918 1455 2993; x_wconf 89' lang='lat' dir='ltr'><strong>Nicolans</strong></span> <span class='ocrx_word' id='word_1_158' title='bbox 1481 2920 1525 2993; x_wconf 91' lang='lat' dir='ltr'><strong>de</strong></span> <span class='ocrx_word' id='word_1_159' title='bbox 1551 2918 1986 3011; x_wconf 79' lang='lat' dir='ltr'><strong>Gauluschowycze</strong></span> <span class='ocrx_word' id='word_1_160' title='bbox 2010 2938 2052 2988; x_wconf 88' lang='lat' dir='ltr'><strong>e1</strong></span> 
     </span>
     <span class='ocr_line' id='line_1_19' title="bbox 500 3038 2052 3135; baseline -0.001 -24"><span class='ocrx_word' id='word_1_161' title='bbox 500 3061 580 3130; x_wconf 89' lang='lat' dir='ltr'><strong>una,</strong></span> <span class='ocrx_word' id='word_1_162' title='bbox 607 3044 643 3111; x_wconf 90' lang='lat' dir='ltr'><strong>et</strong></span> <span class='ocrx_word' id='word_1_163' title='bbox 668 3038 847 3112; x_wconf 75' lang='lat' dir='ltr'><strong>lohannes</strong></span> <span class='ocrx_word' id='word_1_164' title='bbox 874 3039 910 3111; x_wconf 91' lang='lat' dir='ltr'><strong>in</strong></span> <span class='ocrx_word' id='word_1_165' title='bbox 937 3038 1279 3131; x_wconf 85' lang='lat' dir='ltr'><strong>Wyelyawyesz</strong></span> <span class='ocrx_word' id='word_1_166' title='bbox 1304 3041 1465 3132; x_wconf 71' lang='lat' dir='ltr'><strong>panibus</strong></span> <span class='ocrx_word' id='word_1_167' title='bbox 1490 3043 1536 3116; x_wconf 91' lang='lat' dir='ltr'><strong>ab</strong></span> <span class='ocrx_word' id='word_1_168' title='bbox 1562 3042 1683 3135; x_wconf 83' lang='lat' dir='ltr'><strong>altera,</strong></span> <span class='ocrx_word' id='word_1_169' title='bbox 1700 3042 1928 3117; x_wconf 85' lang='lat' dir='ltr'><strong>ecclesiarum</strong></span> <span class='ocrx_word' id='word_1_170' title='bbox 1944 3044 2052 3111; x_wconf 79' lang='lat' dir='ltr'><strong>recto</strong></span> 
     </span>
     <span class='ocr_line' id='line_1_20' title="bbox 500 3160 2049 3257; baseline 0.003 -26"><span class='ocrx_word' id='word_1_171' title='bbox 500 3182 568 3251; x_wconf 90' lang='lat' dir='ltr'><strong>res,</strong></span> <span class='ocrx_word' id='word_1_172' title='bbox 595 3162 638 3231; x_wconf 90' lang='lat' dir='ltr'><strong>de</strong></span> <span class='ocrx_word' id='word_1_173' title='bbox 665 3165 701 3234; x_wconf 89' lang='lat' dir='ltr'><strong>et</strong></span> <span class='ocrx_word' id='word_1_174' title='bbox 727 3182 832 3252; x_wconf 88' lang='lat' dir='ltr'><strong>super</strong></span> <span class='ocrx_word' id='word_1_175' title='bbox 858 3160 999 3233; x_wconf 91' lang='lat' dir='ltr'><strong>decimis</strong></span> <span class='ocrx_word' id='word_1_176' title='bbox 1025 3161 1299 3253; x_wconf 89' lang='lat' dir='ltr'><strong>manipularibus</strong></span> <span class='ocrx_word' id='word_1_177' title='bbox 1325 3169 1363 3237; x_wconf 91' lang='lat' dir='ltr'><strong>et</strong></span> <span class='ocrx_word' id='word_1_178' title='bbox 1388 3166 1650 3257; x_wconf 82' lang='lat' dir='ltr'><strong>campestribus,</strong></span> <span class='ocrx_word' id='word_1_179' title='bbox 1669 3186 1714 3237; x_wconf 86' lang='lat' dir='ltr'><strong>ex</strong></span> <span class='ocrx_word' id='word_1_180' title='bbox 1731 3164 1886 3239; x_wconf 88' lang='lat' dir='ltr'><strong>araturis</strong></span> <span class='ocrx_word' id='word_1_181' title='bbox 1914 3160 2049 3254; x_wconf 79' lang='lat' dir='ltr'><strong>praedi·</strong></span> 
     </span>
     <span class='ocr_line' id='line_1_21' title="bbox 502 3281 2051 3383; baseline -0.001 -29"><span class='ocrx_word' id='word_1_182' title='bbox 502 3282 614 3354; x_wconf 91' lang='lat' dir='ltr'><strong>alihus</strong></span> <span class='ocrx_word' id='word_1_183' title='bbox 640 3282 801 3374; x_wconf 81' lang='lat' dir='ltr'><strong>generosi</strong></span> <span class='ocrx_word' id='word_1_184' title='bbox 827 3282 962 3356; x_wconf 89' lang='lat' dir='ltr'><strong>Nicolai</strong></span> <span class='ocrx_word' id='word_1_185' title='bbox 988 3281 1309 3378; x_wconf 83' lang='lat' dir='ltr'><strong>Kliszowszky</strong></span> <span class='ocrx_word' id='word_1_186' title='bbox 1336 3286 1496 3360; x_wconf 88' lang='lat' dir='ltr'><strong>haeredis</strong></span> <span class='ocrx_word' id='word_1_187' title='bbox 1514 3288 1550 3359; x_wconf 93' lang='lat' dir='ltr'><strong>in</strong></span> <span class='ocrx_word' id='word_1_188' title='bbox 1576 3286 1792 3383; x_wconf 79' lang='lat' dir='ltr'><strong>Klyszow</strong></span> <span class='ocrx_word' id='word_1_189' title='bbox 1819 3282 2051 3378; x_wconf 86' lang='lat' dir='ltr'><strong>provenienti-</strong></span> 
     </span>
     <span class='ocr_line' id='line_1_22' title="bbox 502 3404 2051 3498; baseline 0 -23"><span class='ocrx_word' id='word_1_190' title='bbox 502 3405 586 3494; x_wconf 92' lang='lat' dir='ltr'><strong>bus,</strong></span> <span class='ocrx_word' id='word_1_191' title='bbox 612 3425 677 3494; x_wconf 88' lang='lat' dir='ltr'><strong>pro</strong></span> <span class='ocrx_word' id='word_1_192' title='bbox 714 3404 837 3495; x_wconf 89' lang='lat' dir='ltr'><strong>quibus</strong></span> <span class='ocrx_word' id='word_1_193' title='bbox 873 3405 917 3476; x_wconf 92' lang='lat' dir='ltr'><strong>lis</strong></span> <span class='ocrx_word' id='word_1_194' title='bbox 952 3410 988 3476; x_wconf 91' lang='lat' dir='ltr'><strong>et</strong></span> <span class='ocrx_word' id='word_1_195' title='bbox 1023 3406 1172 3478; x_wconf 88' lang='lat' dir='ltr'><strong>materia</strong></span> <span class='ocrx_word' id='word_1_196' title='bbox 1197 3408 1412 3498; x_wconf 84' lang='lat' dir='ltr'><strong>quaestionis</strong></span> <span class='ocrx_word' id='word_1_197' title='bbox 1447 3429 1563 3482; x_wconf 89' lang='lat' dir='ltr'><strong>coram</strong></span> <span class='ocrx_word' id='word_1_198' title='bbox 1591 3409 1783 3484; x_wconf 84' lang='lat' dir='ltr'><strong>venerabili</strong></span> <span class='ocrx_word' id='word_1_199' title='bbox 1809 3409 1889 3480; x_wconf 83' lang='lat' dir='ltr'><strong>viro</strong></span> <span class='ocrx_word' id='word_1_200' title='bbox 1916 3404 2051 3480; x_wconf 90' lang='lat' dir='ltr'><strong>domino</strong></span> 
     </span>
    </p>
   </div>
   <div class='ocr_carea' id='block_1_3' title="bbox 375 3515 2051 3622">
    <p class='ocr_par' dir='ltr' id='par_1_3' title="bbox 375 3515 2051 3622">
     <span class='ocr_line' id='line_1_23' title="bbox 375 3515 2051 3622; baseline 0.004 -31"><span class='ocrx_word' id='word_1_201' title='bbox 375 3583 379 3591; x_wconf 92' lang='grc'><em>,</em></span> <span class='ocrx_word' id='word_1_202' title='bbox 494 3525 666 3597; x_wconf 83' lang='lat' dir='ltr'><strong>canonico</strong></span> <span class='ocrx_word' id='word_1_203' title='bbox 693 3515 730 3598; x_wconf 85' lang='lat' dir='ltr'><strong>et&#39;</strong></span> <span class='ocrx_word' id='word_1_204' title='bbox 756 3525 895 3598; x_wconf 89' lang='lat' dir='ltr'><strong>officiali</strong></span> <span class='ocrx_word' id='word_1_205' title='bbox 921 3525 1203 3620; x_wconf 90' lang='lat' dir='ltr'><strong>Sandomiriensi,</strong></span> <span class='ocrx_word' id='word_1_206' title='bbox 1228 3529 1320 3602; x_wconf 84' lang='lat' dir='ltr'><strong>inter</strong></span> <span class='ocrx_word' id='word_1_207' title='bbox 1345 3530 1440 3621; x_wconf 89' lang='lat' dir='ltr'><strong>ipsos</strong></span> <span class='ocrx_word' id='word_1_208' title='bbox 1458 3539 1661 3622; x_wconf 86' lang='lat' dir='ltr'><strong>praesentes</strong></span> <span class='ocrx_word' id='word_1_209' title='bbox 1678 3530 1893 3620; x_wconf 83' lang='lat' dir='ltr'><strong>vertebatur,</strong></span> <span class='ocrx_word' id='word_1_210' title='bbox 1911 3534 1950 3600; x_wconf 89' lang='lat' dir='ltr'><strong>et</strong></span> <span class='ocrx_word' id='word_1_211' title='bbox 1966 3545 2051 3598; x_wconf 82' lang='lat' dir='ltr'><strong>nunc</strong></span> 
     </span>
    </p>
   </div>
   <div class='ocr_carea' id='block_1_4' title="bbox 500 3648 2051 4234">
    <p class='ocr_par' dir='ltr' id='par_1_4' title="bbox 500 3648 2051 4234">
     <span class='ocr_line' id='line_1_24' title="bbox 502 3648 2051 3742; baseline 0 -22"><span class='ocrx_word' id='word_1_212' title='bbox 502 3667 617 3720; x_wconf 88' lang='lat' dir='ltr'><strong>coram</strong></span> <span class='ocrx_word' id='word_1_213' title='bbox 645 3648 834 3721; x_wconf 84' lang='lat' dir='ltr'><strong>venerabili</strong></span> <span class='ocrx_word' id='word_1_214' title='bbox 861 3648 999 3722; x_wconf 93' lang='lat' dir='ltr'><strong>domino</strong></span> <span class='ocrx_word' id='word_1_215' title='bbox 1026 3648 1261 3742; x_wconf 88' lang='lat' dir='ltr'><strong>Raphaele</strong></span> <span class='ocrx_word' id='word_1_216' title='bbox 1287 3653 1453 3725; x_wconf 92' lang='lat' dir='ltr'><strong>canonico</strong></span> <span class='ocrx_word' id='word_1_217' title='bbox 1483 3658 1521 3725; x_wconf 91' lang='lat' dir='ltr'><strong>et</strong></span> <span class='ocrx_word' id='word_1_218' title='bbox 1546 3652 1685 3726; x_wconf 86' lang='lat' dir='ltr'><strong>officiali</strong></span> <span class='ocrx_word' id='word_1_219' title='bbox 1710 3651 1936 3726; x_wconf 83' lang='lat' dir='ltr'><strong>Gracoriensi</strong></span> <span class='ocrx_word' id='word_1_220' title='bbox 1952 3669 2051 3741; x_wconf 76' lang='lat' dir='ltr'><strong>gene</strong></span> 
     </span>
     <span class='ocr_line' id='line_1_25' title="bbox 501 3769 2051 3864; baseline 0.001 -24"><span class='ocrx_word' id='word_1_221' title='bbox 501 3769 584 3860; x_wconf 90' lang='lat' dir='ltr'><strong>rali,</strong></span> <span class='ocrx_word' id='word_1_222' title='bbox 610 3770 700 3842; x_wconf 82' lang='lat' dir='ltr'><strong>uerti</strong></span> <span class='ocrx_word' id='word_1_223' title='bbox 736 3775 896 3861; x_wconf 87' lang='lat' dir='ltr'><strong>speratur</strong></span> <span class='ocrx_word' id='word_1_224' title='bbox 923 3777 960 3842; x_wconf 90' lang='lat' dir='ltr'><strong>et</strong></span> <span class='ocrx_word' id='word_1_225' title='bbox 986 3772 1216 3863; x_wconf 88' lang='lat' dir='ltr'><strong>pervertitur,</strong></span> <span class='ocrx_word' id='word_1_226' title='bbox 1244 3777 1425 3846; x_wconf 88' lang='lat' dir='ltr'><strong>eteorum</strong></span> <span class='ocrx_word' id='word_1_227' title='bbox 1451 3775 1631 3847; x_wconf 90' lang='lat' dir='ltr'><strong>occasione</strong></span> <span class='ocrx_word' id='word_1_228' title='bbox 1656 3774 1885 3864; x_wconf 88' lang='lat' dir='ltr'><strong>omnibusque</strong></span> <span class='ocrx_word' id='word_1_229' title='bbox 1911 3771 2051 3863; x_wconf 81' lang='lat' dir='ltr'><strong>amplia·</strong></span> 
     </span>
     <span class='ocr_line' id='line_1_26' title="bbox 500 3891 2051 3988; baseline 0.003 -26"><span class='ocrx_word' id='word_1_230' title='bbox 500 3891 663 3985; x_wconf 85' lang='lat' dir='ltr'><strong>tionibus,</strong></span> <span class='ocrx_word' id='word_1_231' title='bbox 678 3893 924 3966; x_wconf 90' lang='lat' dir='ltr'><strong>controversiis</strong></span> <span class='ocrx_word' id='word_1_232' title='bbox 942 3897 979 3966; x_wconf 87' lang='lat' dir='ltr'><strong>et</strong></span> <span class='ocrx_word' id='word_1_233' title='bbox 996 3893 1236 3985; x_wconf 88' lang='lat' dir='ltr'><strong>displicentiis,</strong></span> <span class='ocrx_word' id='word_1_234' title='bbox 1255 3895 1551 3988; x_wconf 89' lang='lat' dir='ltr'><strong>qualitercumque</strong></span> <span class='ocrx_word' id='word_1_235' title='bbox 1568 3897 1662 3970; x_wconf 86' lang='lat' dir='ltr'><strong>inter</strong></span> <span class='ocrx_word' id='word_1_236' title='bbox 1678 3896 1917 3988; x_wconf 87' lang='lat' dir='ltr'><strong>praescriptas</strong></span> <span class='ocrx_word' id='word_1_237' title='bbox 1935 3898 2051 3986; x_wconf 83' lang='lat' dir='ltr'><strong>partes</strong></span> 
     </span>
     <span class='ocr_line' id='line_1_27' title="bbox 500 4015 2051 4110; baseline 0.001 -24"><span class='ocrx_word' id='word_1_238' title='bbox 500 4015 626 4086; x_wconf 81' lang='lat' dir='ltr'><strong>exinde</strong></span> <span class='ocrx_word' id='word_1_239' title='bbox 653 4015 829 4087; x_wconf 88' lang='lat' dir='ltr'><strong>suscitatis</strong></span> <span class='ocrx_word' id='word_1_240' title='bbox 856 4021 893 4088; x_wconf 94' lang='lat' dir='ltr'><strong>et</strong></span> <span class='ocrx_word' id='word_1_241' title='bbox 919 4015 1178 4108; x_wconf 88' lang='lat' dir='ltr'><strong>quomodolibet</strong></span> <span class='ocrx_word' id='word_1_242' title='bbox 1203 4017 1399 4110; x_wconf 87' lang='lat' dir='ltr'><strong>movendis,</strong></span> <span class='ocrx_word' id='word_1_243' title='bbox 1425 4038 1503 4090; x_wconf 91' lang='lat' dir='ltr'><strong>cum</strong></span> <span class='ocrx_word' id='word_1_244' title='bbox 1530 4019 1688 4092; x_wconf 88' lang='lat' dir='ltr'><strong>omnibns</strong></span> <span class='ocrx_word' id='word_1_245' title='bbox 1714 4017 1944 4108; x_wconf 80' lang='lat' dir='ltr'><strong>emergeneiis</strong></span> <span class='ocrx_word' id='word_1_246' title='bbox 1970 4015 2051 4088; x_wconf 89' lang='lat' dir='ltr'><strong>inci·</strong></span> 
     </span>
     <span class='ocr_line' id='line_1_28' title="bbox 500 4135 2050 4234; baseline 0.001 -26"><span class='ocrx_word' id='word_1_247' title='bbox 500 4135 628 4208; x_wconf 91' lang='lat' dir='ltr'><strong>deutiis</strong></span> <span class='ocrx_word' id='word_1_248' title='bbox 655 4143 692 4208; x_wconf 93' lang='lat' dir='ltr'><strong>et</strong></span> <span class='ocrx_word' id='word_1_249' title='bbox 718 4139 891 4229; x_wconf 86' lang='lat' dir='ltr'><strong>connexis,</strong></span> <span class='ocrx_word' id='word_1_250' title='bbox 918 4159 988 4212; x_wconf 92' lang='lat' dir='ltr'><strong>non</strong></span> <span class='ocrx_word' id='word_1_251' title='bbox 1015 4139 1183 4230; x_wconf 90' lang='lat' dir='ltr'><strong>compulsi</strong></span> <span class='ocrx_word' id='word_1_252' title='bbox 1209 4159 1274 4212; x_wconf 90' lang='lat' dir='ltr'><strong>nec</strong></span> <span class='ocrx_word' id='word_1_253' title='bbox 1299 4140 1419 4232; x_wconf 90' lang='lat' dir='ltr'><strong>coacti,</strong></span> <span class='ocrx_word' id='word_1_254' title='bbox 1446 4140 1509 4234; x_wconf 82' lang='lat' dir='ltr'><strong>sed</strong></span> <span class='ocrx_word' id='word_1_255' title='bbox 1534 4141 1646 4214; x_wconf 89' lang='lat' dir='ltr'><strong>libera</strong></span> <span class='ocrx_word' id='word_1_256' title='bbox 1666 4147 1703 4214; x_wconf 91' lang='lat' dir='ltr'><strong>et</strong></span> <span class='ocrx_word' id='word_1_257' title='bbox 1722 4146 1916 4232; x_wconf 89' lang='lat' dir='ltr'><strong>spontanea</strong></span> <span class='ocrx_word' id='word_1_258' title='bbox 1932 4138 2050 4212; x_wconf 82' lang='lat' dir='ltr'><strong>nolun-</strong></span> 
     </span>
    </p>
   </div>
   <div class='ocr_carea' id='block_1_5' title="bbox 500 4257 2155 4353">
    <p class='ocr_par' dir='ltr' id='par_1_5' title="bbox 500 4257 2155 4353">
     <span class='ocr_line' id='line_1_29' title="bbox 500 4257 2155 4353; baseline 0.002 -24"><span class='ocrx_word' id='word_1_259' title='bbox 500 4261 574 4330; x_wconf 88' lang='lat' dir='ltr'><strong>tate</strong></span> <span class='ocrx_word' id='word_1_260' title='bbox 600 4257 739 4350; x_wconf 89' lang='lat' dir='ltr'><strong>utendo,</strong></span> <span class='ocrx_word' id='word_1_261' title='bbox 757 4260 793 4330; x_wconf 92' lang='lat' dir='ltr'><strong>in</strong></span> <span class='ocrx_word' id='word_1_262' title='bbox 820 4281 883 4334; x_wconf 91' lang='lat' dir='ltr'><strong>nos</strong></span> <span class='ocrx_word' id='word_1_263' title='bbox 910 4261 1107 4352; x_wconf 90' lang='lat' dir='ltr'><strong>praedictos</strong></span> <span class='ocrx_word' id='word_1_264' title='bbox 1133 4261 1295 4353; x_wconf 73' lang='lat' dir='ltr'><strong>arbitros,</strong></span> <span class='ocrx_word' id='word_1_265' title='bbox 1322 4263 1552 4336; x_wconf 89' lang='lat' dir='ltr'><strong>arbitratores</strong></span> <span class='ocrx_word' id='word_1_266' title='bbox 1577 4270 1615 4336; x_wconf 91' lang='lat' dir='ltr'><strong>et</strong></span> <span class='ocrx_word' id='word_1_267' title='bbox 1631 4263 1763 4336; x_wconf 88' lang='lat' dir='ltr'><strong>indices</strong></span> <span class='ocrx_word' id='word_1_268' title='bbox 1780 4263 1878 4353; x_wconf 89' lang='lat' dir='ltr'><strong>iuris,</strong></span> <span class='ocrx_word' id='word_1_269' title='bbox 1895 4261 2050 4334; x_wconf 81' lang='lat' dir='ltr'><strong>nolentes</strong></span> <span class='ocrx_word' id='word_1_270' title='bbox 2154 4300 2155 4303; x_wconf 16' lang='grc' dir='ltr'><strong><em>κ</em></strong></span> 
     </span>
    </p>
   </div>
   <div class='ocr_carea' id='block_1_6' title="bbox 502 4380 2050 4476">
    <p class='ocr_par' dir='ltr' id='par_1_6' title="bbox 502 4380 2050 4476">
     <span class='ocr_line' id='line_1_30' title="bbox 502 4380 2050 4476; baseline 0.001 -24"><span class='ocrx_word' id='word_1_271' title='bbox 502 4380 649 4472; x_wconf 89' lang='lat' dir='ltr'><strong>amplius</strong></span> <span class='ocrx_word' id='word_1_272' title='bbox 683 4399 747 4473; x_wconf 90' lang='lat' dir='ltr'><strong>per</strong></span> <span class='ocrx_word' id='word_1_273' title='bbox 782 4380 949 4456; x_wconf 89' lang='lat' dir='ltr'><strong>infractus</strong></span> <span class='ocrx_word' id='word_1_274' title='bbox 989 4383 1101 4458; x_wconf 88' lang='lat' dir='ltr'><strong>litium</strong></span> <span class='ocrx_word' id='word_1_275' title='bbox 1136 4384 1173 4456; x_wconf 94' lang='lat' dir='ltr'><strong>in</strong></span> <span class='ocrx_word' id='word_1_276' title='bbox 1208 4403 1315 4456; x_wconf 75' lang='lat' dir='ltr'><strong>musa</strong></span> <span class='ocrx_word' id='word_1_277' title='bbox 1343 4385 1541 4458; x_wconf 87' lang='lat' dir='ltr'><strong>huiusmodi</strong></span> <span class='ocrx_word' id='word_1_278' title='bbox 1567 4385 1778 4458; x_wconf 88' lang='lat' dir='ltr'><strong>decimarum</strong></span> <span class='ocrx_word' id='word_1_279' title='bbox 1803 4383 1967 4476; x_wconf 81' lang='lat' dir='ltr'><strong>fatigari,</strong></span> <span class='ocrx_word' id='word_1_280' title='bbox 1992 4380 2050 4454; x_wconf 87' lang='lat' dir='ltr'><strong>sed</strong></span> 
     </span>
    </p>
   </div>
   <div class='ocr_carea' id='block_1_7' title="bbox 408 4495 2049 5087">
    <p class='ocr_par' dir='ltr' id='par_1_7' title="bbox 408 4495 2049 5087">
     <span class='ocr_line' id='line_1_31' title="bbox 501 4495 2049 4598; baseline 0.001 -22"><span class='ocrx_word' id='word_1_281' title='bbox 501 4504 617 4594; x_wconf 89' lang='lat' dir='ltr'><strong>potius</strong></span> <span class='ocrx_word' id='word_1_282' title='bbox 649 4503 822 4595; x_wconf 89' lang='lat' dir='ltr'><strong>parcendo</strong></span> <span class='ocrx_word' id='word_1_283' title='bbox 857 4505 1035 4579; x_wconf 88' lang='lat' dir='ltr'><strong>laboribus</strong></span> <span class='ocrx_word' id='word_1_284' title='bbox 1060 4495 1179 4596; x_wconf 83' lang='lat' dir='ltr'><strong>latigis</strong></span> <span class='ocrx_word' id='word_1_285' title='bbox 1205 4511 1242 4577; x_wconf 93' lang='lat' dir='ltr'><strong>et</strong></span> <span class='ocrx_word' id='word_1_286' title='bbox 1266 4506 1428 4598; x_wconf 83' lang='lat' dir='ltr'><strong>expensis</strong></span> <span class='ocrx_word' id='word_1_287' title='bbox 1455 4507 1501 4579; x_wconf 92' lang='lat' dir='ltr'><strong>ad</strong></span> <span class='ocrx_word' id='word_1_288' title='bbox 1526 4507 1753 4580; x_wconf 86' lang='lat' dir='ltr'><strong>amicabilem</strong></span> <span class='ocrx_word' id='word_1_289' title='bbox 1768 4507 1932 4579; x_wconf 89' lang='lat' dir='ltr'><strong>unionem</strong></span> <span class='ocrx_word' id='word_1_290' title='bbox 1959 4504 2049 4596; x_wconf 83' lang='lat' dir='ltr'><strong>pacis</strong></span> 
     </span>
     <span class='ocr_line' id='line_1_32' title="bbox 501 4627 2047 4720; baseline 0 -22"><span class='ocrx_word' id='word_1_291' title='bbox 501 4632 539 4698; x_wconf 91' lang='lat' dir='ltr'><strong>et</strong></span> <span class='ocrx_word' id='word_1_292' title='bbox 564 4627 767 4700; x_wconf 89' lang='lat' dir='ltr'><strong>concordiae</strong></span> <span class='ocrx_word' id='word_1_293' title='bbox 793 4627 947 4700; x_wconf 89' lang='lat' dir='ltr'><strong>volentes</strong></span> <span class='ocrx_word' id='word_1_294' title='bbox 973 4647 1195 4720; x_wconf 86' lang='lat' dir='ltr'><strong>praeparare,</strong></span> <span class='ocrx_word' id='word_1_295' title='bbox 1220 4647 1339 4701; x_wconf 88' lang='lat' dir='ltr'><strong>coram</strong></span> <span class='ocrx_word' id='word_1_296' title='bbox 1364 4635 1461 4702; x_wconf 90' lang='lat' dir='ltr'><strong>certo</strong></span> <span class='ocrx_word' id='word_1_297' title='bbox 1487 4629 1626 4702; x_wconf 87' lang='lat' dir='ltr'><strong>notario</strong></span> <span class='ocrx_word' id='word_1_298' title='bbox 1652 4627 1876 4720; x_wconf 85' lang='lat' dir='ltr'><strong>infrascripto</strong></span> <span class='ocrx_word' id='word_1_299' title='bbox 1894 4647 2047 4718; x_wconf 84' lang='lat' dir='ltr'><strong>compro</strong></span> 
     </span>
     <span class='ocr_line' id='line_1_33' title="bbox 408 4747 2045 4843; baseline -0.001 -21"><span class='ocrx_word' id='word_1_300' title='bbox 408 4803 412 4810; x_wconf 83' lang='grc'>-</span> <span class='ocrx_word' id='word_1_301' title='bbox 500 4749 676 4843; x_wconf 81' lang='lat' dir='ltr'><strong>miserunt,</strong></span> <span class='ocrx_word' id='word_1_302' title='bbox 703 4754 739 4822; x_wconf 93' lang='lat' dir='ltr'><strong>et</strong></span> <span class='ocrx_word' id='word_1_303' title='bbox 763 4771 826 4823; x_wconf 92' lang='lat' dir='ltr'><strong>nos</strong></span> <span class='ocrx_word' id='word_1_304' title='bbox 853 4748 1074 4824; x_wconf 82' lang='lat' dir='ltr'><strong>conformiter</strong></span> <span class='ocrx_word' id='word_1_305' title='bbox 1100 4756 1137 4822; x_wconf 90' lang='lat' dir='ltr'><strong>et</strong></span> <span class='ocrx_word' id='word_1_306' title='bbox 1163 4751 1374 4822; x_wconf 88' lang='lat' dir='ltr'><strong>unanimiter</strong></span> <span class='ocrx_word' id='word_1_307' title='bbox 1399 4751 1436 4822; x_wconf 93' lang='lat' dir='ltr'><strong>in</strong></span> <span class='ocrx_word' id='word_1_308' title='bbox 1463 4752 1615 4824; x_wconf 89' lang='lat' dir='ltr'><strong>arbitros</strong></span> <span class='ocrx_word' id='word_1_309' title='bbox 1641 4757 1677 4823; x_wconf 93' lang='lat' dir='ltr'><strong>et</strong></span> <span class='ocrx_word' id='word_1_310' title='bbox 1701 4752 1833 4824; x_wconf 90' lang='lat' dir='ltr'><strong>indices</strong></span> <span class='ocrx_word' id='word_1_311' title='bbox 1850 4747 2045 4824; x_wconf 88' lang='lat' dir='ltr'><strong>huiusmodi</strong></span> 
     </span>
     <span class='ocr_line' id='line_1_34' title="bbox 502 4869 2047 4966; baseline -0.003 -22"><span class='ocrx_word' id='word_1_312' title='bbox 502 4873 775 4965; x_wconf 83' lang='lat' dir='ltr'><strong>nominaverunt,</strong></span> <span class='ocrx_word' id='word_1_313' title='bbox 802 4873 1065 4965; x_wconf 88' lang='lat' dir='ltr'><strong>deputaverunt,</strong></span> <span class='ocrx_word' id='word_1_314' title='bbox 1093 4894 1134 4945; x_wconf 91' lang='lat' dir='ltr'><strong>ac</strong></span> <span class='ocrx_word' id='word_1_315' title='bbox 1160 4873 1204 4945; x_wconf 89' lang='lat' dir='ltr'><strong>de</strong></span> <span class='ocrx_word' id='word_1_316' title='bbox 1231 4873 1304 4946; x_wconf 91' lang='lat' dir='ltr'><strong>alto</strong></span> <span class='ocrx_word' id='word_1_317' title='bbox 1329 4879 1367 4945; x_wconf 87' lang='lat' dir='ltr'><strong>et</strong></span> <span class='ocrx_word' id='word_1_318' title='bbox 1392 4873 1495 4946; x_wconf 90' lang='lat' dir='ltr'><strong>basso</strong></span> <span class='ocrx_word' id='word_1_319' title='bbox 1521 4873 1712 4965; x_wconf 78' lang='lat' dir='ltr'><strong>eligerunt,</strong></span> <span class='ocrx_word' id='word_1_320' title='bbox 1740 4874 1896 4966; x_wconf 88' lang='lat' dir='ltr'><strong>dictique</strong></span> <span class='ocrx_word' id='word_1_321' title='bbox 1923 4869 2047 4945; x_wconf 91' lang='lat' dir='ltr'><strong>domini</strong></span> 
     </span>
     <span class='ocr_line' id='line_1_35' title="bbox 502 4993 2048 5087; baseline -0.001 -19"><span class='ocrx_word' id='word_1_322' title='bbox 502 4995 807 5087; x_wconf 89' lang='lat' dir='ltr'><strong>compromitentes</strong></span> <span class='ocrx_word' id='word_1_323' title='bbox 833 4996 934 5068; x_wconf 92' lang='lat' dir='ltr'><strong>nohis</strong></span> <span class='ocrx_word' id='word_1_324' title='bbox 962 4994 1121 5069; x_wconf 91' lang='lat' dir='ltr'><strong>omnibus</strong></span> <span class='ocrx_word' id='word_1_325' title='bbox 1148 4995 1184 5066; x_wconf 91' lang='lat' dir='ltr'><strong>in</strong></span> <span class='ocrx_word' id='word_1_326' title='bbox 1210 4995 1358 5069; x_wconf 89' lang='lat' dir='ltr'><strong>solidum</strong></span> <span class='ocrx_word' id='word_1_327' title='bbox 1386 5001 1449 5068; x_wconf 90' lang='lat' dir='ltr'><strong>aut</strong></span> <span class='ocrx_word' id='word_1_328' title='bbox 1473 4995 1609 5068; x_wconf 87' lang='lat' dir='ltr'><strong>duobus</strong></span> <span class='ocrx_word' id='word_1_329' title='bbox 1636 4995 1691 5068; x_wconf 85' lang='lat' dir='ltr'><strong>vel</strong></span> <span class='ocrx_word' id='word_1_330' title='bbox 1708 4995 1768 5066; x_wconf 91' lang='lat' dir='ltr'><strong>uni</strong></span> <span class='ocrx_word' id='word_1_331' title='bbox 1793 5002 1965 5085; x_wconf 84' lang='lat' dir='ltr'><strong>nostrum,</strong></span> <span class='ocrx_word' id='word_1_332' title='bbox 1982 4993 2048 5085; x_wconf 78' lang='lat' dir='ltr'><strong>ple</strong></span> 
     </span>
    </p>
   </div>
   <div class='ocr_carea' id='block_1_8' title="bbox 502 5117 2049 5821">
    <p class='ocr_par' dir='ltr' id='par_1_8' title="bbox 502 5117 2049 5821">
     <span class='ocr_line' id='line_1_36' title="bbox 503 5117 2049 5209; baseline -0.002 -20"><span class='ocrx_word' id='word_1_333' title='bbox 503 5135 592 5209; x_wconf 89' lang='lat' dir='ltr'><strong>nam,</strong></span> <span class='ocrx_word' id='word_1_334' title='bbox 618 5118 763 5192; x_wconf 89' lang='lat' dir='ltr'><strong>liberam</strong></span> <span class='ocrx_word' id='word_1_335' title='bbox 791 5117 1088 5208; x_wconf 89' lang='lat' dir='ltr'><strong>omnimodamque</strong></span> <span class='ocrx_word' id='word_1_336' title='bbox 1115 5121 1342 5208; x_wconf 68' lang='lat' dir='ltr'><strong>pomorana„</strong></span> <span class='ocrx_word' id='word_1_337' title='bbox 1369 5117 1413 5190; x_wconf 92' lang='lat' dir='ltr'><strong>de</strong></span> <span class='ocrx_word' id='word_1_338' title='bbox 1438 5123 1605 5209; x_wconf 88' lang='lat' dir='ltr'><strong>etsnper</strong></span> <span class='ocrx_word' id='word_1_339' title='bbox 1630 5117 1734 5191; x_wconf 75' lang='lat' dir='ltr'><strong>dicha</strong></span> <span class='ocrx_word' id='word_1_340' title='bbox 1760 5117 1924 5208; x_wconf 89' lang='lat' dir='ltr'><strong>decimis,</strong></span> <span class='ocrx_word' id='word_1_341' title='bbox 1949 5124 2049 5207; x_wconf 86' lang='lat' dir='ltr'><strong>atque</strong></span> 
     </span>
     <span class='ocr_line' id='line_1_37' title="bbox 502 5237 2049 5340; baseline 0 -29"><span class='ocrx_word' id='word_1_342' title='bbox 502 5241 648 5332; x_wconf 78' lang='lat' dir='ltr'><strong>singulis</strong></span> <span class='ocrx_word' id='word_1_343' title='bbox 674 5247 711 5314; x_wconf 93' lang='lat' dir='ltr'><strong>et</strong></span> <span class='ocrx_word' id='word_1_344' title='bbox 736 5241 940 5331; x_wconf 88' lang='lat' dir='ltr'><strong>subscriptis</strong></span> <span class='ocrx_word' id='word_1_345' title='bbox 966 5239 1128 5331; x_wconf 90' lang='lat' dir='ltr'><strong>capitulis</strong></span> <span class='ocrx_word' id='word_1_346' title='bbox 1156 5246 1192 5312; x_wconf 90' lang='lat' dir='ltr'><strong>et</strong></span> <span class='ocrx_word' id='word_1_347' title='bbox 1218 5240 1375 5313; x_wconf 86' lang='lat' dir='ltr'><strong>articulis</strong></span> <span class='ocrx_word' id='word_1_348' title='bbox 1401 5239 1598 5312; x_wconf 89' lang='lat' dir='ltr'><strong>huiusmodi</strong></span> <span class='ocrx_word' id='word_1_349' title='bbox 1623 5239 1799 5331; x_wconf 80' lang='lat' dir='ltr'><strong>negotium</strong></span> <span class='ocrx_word' id='word_1_350' title='bbox 1818 5237 2049 5340; x_wconf 77' lang='lat' dir='ltr'><strong>tangentibus,</strong></span> 
     </span>
     <span class='ocr_line' id='line_1_38' title="bbox 502 5360 2047 5462; baseline -0.001 -28"><span class='ocrx_word' id='word_1_351' title='bbox 502 5369 540 5434; x_wconf 89' lang='lat' dir='ltr'><strong>et</strong></span> <span class='ocrx_word' id='word_1_352' title='bbox 569 5383 657 5454; x_wconf 86' lang='lat' dir='ltr'><strong>quae</strong></span> <span class='ocrx_word' id='word_1_353' title='bbox 691 5365 960 5456; x_wconf 89' lang='lat' dir='ltr'><strong>praemissorum</strong></span> <span class='ocrx_word' id='word_1_354' title='bbox 996 5362 1176 5436; x_wconf 90' lang='lat' dir='ltr'><strong>occasione</strong></span> <span class='ocrx_word' id='word_1_355' title='bbox 1211 5382 1426 5454; x_wconf 89' lang='lat' dir='ltr'><strong>quocumque</strong></span> <span class='ocrx_word' id='word_1_356' title='bbox 1452 5368 1489 5434; x_wconf 93' lang='lat' dir='ltr'><strong>et</strong></span> <span class='ocrx_word' id='word_1_357' title='bbox 1513 5361 1808 5462; x_wconf 82' lang='lat' dir='ltr'><strong>qualitercumque</strong></span> <span class='ocrx_word' id='word_1_358' title='bbox 1834 5362 1872 5433; x_wconf 92' lang='lat' dir='ltr'><strong>in</strong></span> <span class='ocrx_word' id='word_1_359' title='bbox 1897 5360 2047 5434; x_wconf 83' lang='lat' dir='ltr'><strong>futurum</strong></span> 
     </span>
     <span class='ocr_line' id='line_1_39' title="bbox 505 5481 2048 5576; baseline -0.001 -22"><span class='ocrx_word' id='word_1_360' title='bbox 505 5485 556 5555; x_wconf 90' lang='lat' dir='ltr'><strong>nti</strong></span> <span class='ocrx_word' id='word_1_361' title='bbox 591 5491 751 5576; x_wconf 90' lang='lat' dir='ltr'><strong>possent,</strong></span> <span class='ocrx_word' id='word_1_362' title='bbox 778 5485 962 5558; x_wconf 88' lang='lat' dir='ltr'><strong>summarie</strong></span> <span class='ocrx_word' id='word_1_363' title='bbox 997 5489 1034 5556; x_wconf 92' lang='lat' dir='ltr'><strong>et</strong></span> <span class='ocrx_word' id='word_1_364' title='bbox 1060 5485 1103 5556; x_wconf 89' lang='lat' dir='ltr'><strong>de</strong></span> <span class='ocrx_word' id='word_1_365' title='bbox 1130 5485 1234 5575; x_wconf 92' lang='lat' dir='ltr'><strong>plano</strong></span> <span class='ocrx_word' id='word_1_366' title='bbox 1261 5487 1337 5556; x_wconf 91' lang='lat' dir='ltr'><strong>sine</strong></span> <span class='ocrx_word' id='word_1_367' title='bbox 1362 5485 1511 5576; x_wconf 90' lang='lat' dir='ltr'><strong>strepitu</strong></span> <span class='ocrx_word' id='word_1_368' title='bbox 1537 5489 1574 5556; x_wconf 92' lang='lat' dir='ltr'><strong>et</strong></span> <span class='ocrx_word' id='word_1_369' title='bbox 1598 5484 1711 5575; x_wconf 79' lang='lat' dir='ltr'><strong>figure</strong></span> <span class='ocrx_word' id='word_1_370' title='bbox 1735 5483 1855 5556; x_wconf 84' lang='lat' dir='ltr'><strong>iudicii</strong></span> <span class='ocrx_word' id='word_1_371' title='bbox 1882 5481 2048 5570; x_wconf 85' lang='lat' dir='ltr'><strong>audiendi,</strong></span> 
     </span>
     <span class='ocr_line' id='line_1_40' title="bbox 504 5603 2047 5698; baseline -0.001 -22"><span class='ocrx_word' id='word_1_372' title='bbox 504 5607 723 5679; x_wconf 84' lang='lat' dir='ltr'><strong>examinandi</strong></span> <span class='ocrx_word' id='word_1_373' title='bbox 749 5605 987 5697; x_wconf 82' lang='lat' dir='ltr'><strong>cognoscendi,</strong></span> <span class='ocrx_word' id='word_1_374' title='bbox 1014 5611 1121 5693; x_wconf 79' lang='lat' dir='ltr'><strong>testes</strong></span> <span class='ocrx_word' id='word_1_375' title='bbox 1148 5607 1356 5698; x_wconf 90' lang='lat' dir='ltr'><strong>recipiendi,</strong></span> <span class='ocrx_word' id='word_1_376' title='bbox 1383 5605 1653 5698; x_wconf 86' lang='lat' dir='ltr'><strong>pronunciandi,</strong></span> <span class='ocrx_word' id='word_1_377' title='bbox 1678 5605 1859 5696; x_wconf 87' lang='lat' dir='ltr'><strong>laudandi,</strong></span> <span class='ocrx_word' id='word_1_378' title='bbox 1887 5603 2047 5677; x_wconf 87' lang='lat' dir='ltr'><strong>sententi-</strong></span> 
     </span>
     <span class='ocr_line' id='line_1_41' title="bbox 506 5723 2047 5821; baseline -0.001 -23"><span class='ocrx_word' id='word_1_379' title='bbox 506 5725 597 5817; x_wconf 89' lang='lat' dir='ltr'><strong>andi,</strong></span> <span class='ocrx_word' id='word_1_380' title='bbox 625 5727 824 5817; x_wconf 87' lang='lat' dir='ltr'><strong>diltiniendi,</strong></span> <span class='ocrx_word' id='word_1_381' title='bbox 851 5727 1104 5802; x_wconf 87' lang='lat' dir='ltr'><strong>determinandi</strong></span> <span class='ocrx_word' id='word_1_382' title='bbox 1131 5736 1168 5802; x_wconf 91' lang='lat' dir='ltr'><strong>et</strong></span> <span class='ocrx_word' id='word_1_383' title='bbox 1194 5728 1402 5821; x_wconf 89' lang='lat' dir='ltr'><strong>declarandi,</strong></span> <span class='ocrx_word' id='word_1_384' title='bbox 1425 5729 1540 5802; x_wconf 86' lang='lat' dir='ltr'><strong>verbo&#39;</strong></span> <span class='ocrx_word' id='word_1_385' title='bbox 1561 5728 1615 5802; x_wconf 88' lang='lat' dir='ltr'><strong>vel</strong></span> <span class='ocrx_word' id='word_1_386' title='bbox 1631 5729 1667 5800; x_wconf 94' lang='lat' dir='ltr'><strong>in</strong></span> <span class='ocrx_word' id='word_1_387' title='bbox 1686 5728 1835 5818; x_wconf 88' lang='lat' dir='ltr'><strong>scriptis,</strong></span> <span class='ocrx_word' id='word_1_388' title='bbox 1853 5725 1980 5800; x_wconf 89' lang='lat' dir='ltr'><strong>stando</strong></span> <span class='ocrx_word' id='word_1_389' title='bbox 1998 5723 2047 5798; x_wconf 84' lang='lat' dir='ltr'><strong>rel</strong></span> 
     </span>
    </p>
   </div>
   <div class='ocr_carea' id='block_1_9' title="bbox 0 0 2280 6597">
    <p class='ocr_par' dir='ltr' id='par_1_9' title="bbox 0 0 2280 6597">
     <span class='ocr_line' id='line_1_42' title="bbox 0 0 2280 6597; baseline 0 0"><span class='ocrx_word' id='word_1_390' title='bbox 0 0 2280 6597; x_wconf 95' lang='lat' dir='ltr'><strong> </strong></span> 
     </span>
    </p>
   </div>
  </div>
 </body>
</html>
