4550 6600
526 738 596 813 118

623 946 922 1036 Vrnrnourozu²
950 946 1033 1017 villa
1060 948 1123 1018 suh
1150 950 1315 1040 parochia
1341 950 1384 1021 de
1411 951 1445 1021 N
1452 970 1725 1043 yegowyecz
1752 954 1821 1023 sita
1855 954 1954 1025 cuius
1980 955 2065 1025 hae-

519 1086 575 1135 res
593 1118 706 1135 .....

623 1185 879 1279 Szwrnownn,
906 1188 989 1259 ville
1007 1191 1070 1261 suh
1089 1191 1254 1281 parochia
1272 1192 1436 1263 ecclesiae
1454 1192 1498 1263 de
1524 1191 1836 1285 Nyegowyecz
1863 1194 1932 1266 sita
1968 1194 2065 1265 cuius

518 1305 640 1377 haeres
660 1360 774 1380 .....
791 1321 794 1325 ’

1231 1433 1358 1506 Goow.

622 1552 716 1621 Villa
763 1552 895 1623 hahens
931 1554 967 1623 in
994 1574 1032 1623 se
1059 1555 1293 1642 parochialem
1329 1555 1508 1626 ecclesiam
1535 1563 1725 1646 muratam,
1753 1546 1900 1628 Sanctae
1927 1557 2066 1628 Mariae

520 1670 705 1742 Nativitati
724 1672 880 1763 dicatam,
909 1674 1005 1763 cuius
1023 1674 1147 1745 haeres
1166 1674 1358 1746 Stamslaus
1384 1675 1719 1768 Wyelopolshy
1746 1677 1789 1748 de
1817 1678 1919 1749 domo
1946 1677 2069 1749 Anti-

520 1810 708 1878 quarum
736 1793 975 1882 Equorum.
1002 1795 1043 1864 In
1070 1816 1139 1884 qua
1165 1801 1246 1866 sunt
1272 1796 1364 1867 lanei
1391 1781 1642 1886 cmethon'aleS,
1678 1799 1762 1869 item
1788 1801 1958 1870 tabernae
1984 1806 2068 1887 tres,

519 1909 603 1979 item
630 1911 866 2005 hortulaniae,
903 1915 946 1985 de
974 1915 1097 2005 quibus
1133 1916 1280 1986 solvitur
1306 1922 1342 1987 et
1369 1917 1574 1988 conducitur
1593 1918 1742 1989 ‘decima
1776 1920 2005 2009 manipularis
2033 1926 2069 1990 et

520 2032 693 2121 canapalis
729 2054 792 2124 pro
830 2036 974 2107 ecclesia
1005 2041 1041 2106 et
1067 2036 1215 2124 plebano
1250 2038 1286 2107 in
1323 2035 1478 2127 Gelon,
1514 2039 1611 2109 cuius
1647 2040 1752 2129 valor
1765 2041 1988 2111 ‘aestimatur
2025 2040 2070 2111 ad

519 2151 644 2241 viginti
672 2158 708 2223 et
734 2154 828 2225 ultra
854 2176 998 2226 marcas.
1025 2156 1112 2226 Item
1141 2163 1195 2227 est
1220 2158 1270 2228 ibi
1296 2158 1476 2248 praedIum
1503 2159 1662 2248 militare,
1689 2159 1732 2230 de
1752 2160 1848 2230 ouius
1876 2160 1972 2249 agris
2000 2160 2071 2231 sol-

518 2272 613 2342 uiIur
640 2273 773 2345 decima
799 2276 1022 2365 manipularis
1050 2276 1216 2349 ecclesiae
1243 2280 1278 2349 in
1306 2276 1458 2369 Gdow,
1494 2281 1629 2351 eteius
1661 2280 1759 2351 valor
1793 2282 2001 2351 aestimatur
2028 2280 2072 2351 ad

519 2394 592 2461 tres
619 2414 762 2465 marcas.
789 2395 876 2466 Item
903 2397 1048 2468 ecclesia
1074 2402 1111 2468 et
1137 2399 1305 2487 plebanus
1339 2399 1447 2471 habet
1471 2402 1522 2472 ihi
1556 2401 1717 2491 proprios
1744 2420 1847 2491 agros
1874 2402 2005 2473 liberos
2035 2409 2072 2474 et

519 2517 631 2603 prata,
658 2535 721 2603 pro
750 2536 812 2587 suo
839 2537 914 2606 usu,
941 2518 1084 2607 praedio
1112 2523 1148 2588 et
1173 2520 1388 2591 necessitate.

623 2632 846 2726 Srnournr,
882 2637 965 2708 villa
991 2640 1055 2710 sub
1082 2641 1249 2729 parochia
1276 2642 1318 2712 de
1345 2639 1482 2713 Gdou
1509 2641 1593 2730 sita,
1630 2643 1728 2712 cuius
1754 2642 1924 2713 haeredes
1952 2640 2072 2713 Steni-

519 2752 611 2825 slaus
640 2760 675 2825 et
700 2754 877 2829 Iohannes
914 2758 956 2829 de
983 2760 1089 2830 armIs
1115 2760 1368 2851 Druszyna.
1411 2762 1453 2832 In
1485 2782 1554 2851 qua
1580 2768 1662 2832 sunt
1696 2762 1789 2833 lanei
1824 2763 2073 2852 emethonales,

518 2876 603 2946 item
629 2896 699 2947 una
724 2879 871 2950 taberna
898 2884 934 2949 et
960 2880 1159 2951 hortulanis
1185 2882 1353 2953 hahentes
1381 2902 1503 2972 agros,
1530 2882 1574 2953 de
1602 2883 1725 2973 quihus
1752 2883 1901 2954 solvitur
1930 2882 2074 2977 {decima

519 2996 657 3067 vicariis
685 2998 850 3070 ecclesiae
878 2998 1125 3071 Gracoviensis.
1152 3002 1240 3071 Item
1267 3007 1320 3073 est
1347 3003 1396 3073 ibi
1423 3002 1604 3092 praedium
1630 3024 1745 3092 unum,
1772 3002 1817 3073 de
1846 3004 1944 3075 cuius
1973 3005 2070 3093 agris

517 3115 710 3188 decimatur
736 3118 883 3209 plebano
912 3124 947 3191 et
973 3120 1137 3192 ecclesiae
1165 3122 1201 3192 in
1228 3118 1382 3212 (idon,
1409 3124 1506 3194 cuius
1534 3122 1633 3194 valor
1659 3123 1817 3195 extendit
1844 3144 1882 3194 se
1909 3122 1955 3194 ad
1982 3124 2072 3195 duas

519 3256 663 3311 marcas.
805 3292 808 3300 ,

621 3359 918 3451 Pnacnowroza,
945 3363 1028 3433 villa
1054 3365 1118 3435 suh
1137 3365 1303 3454 parochIa
1329 3363 1372 3435 de
1399 3363 1536 3436 Gdow
1561 3366 1639 3455 sita,
1657 3365 1755 3436 cuins
1772 3365 1942 3436 haeredes
1962 3364 2069 3437 Nico-

518 3481 593 3552 laus
620 3480 797 3552 Iohannes
825 3488 861 3554 et
887 3482 1080 3554 Stanislaus
1108 3486 1151 3556 de
1178 3487 1283 3556 armis
1309 3486 1556 3577 Druszyna
1600 3487 1641 3557 In
1669 3507 1737 3576 qua
1763 3491 1846 3557 sunt
1872 3493 1950 3557 octo
1977 3487 2074 3557 lanei

520 3601 763 3692 cmethonales,
790 3603 833 3674 de
861 3605 985 3694 quibus
1012 3607 1161 3678 solvitur
1187 3607 1319 3677 decima
1345 3628 1408 3696 pro
1434 3607 1658 3678 monasterio·
1674 3607 1707 3677 S.
1734 3607 1885 3697 Sphitus
1911 3608 1948 3676 in
1968 3607 2073 3679 Gra-

519 3723 666 3812 ecula,
693 3743 756 3814 per
783 3724 863 3795 olim
891 3725 1076 3816 Sbigneum
1104 3728 1147 3799 de
1174 3728 1267 3798 dIcta
1293 3727 1629 3818 Phallrowycze
1655 3727 1815 3817 nobilem,
1843 3728 1997 3798 alienata
2025 3729 2071 3799 ab

518 3844 662 3915 ecclesia
688 3847 724 3916 in
752 3843 895 3918 Gdow.
939 3848 1027 3919 Item
1056 3855 1110 3920 est
1135 3850 1185 3920 ibi
1211 3870 1318 3920 unum
1348 3849 1547 3939 praedium,
1584 3848 1627 3918 de
1654 3849 1751 3918 cuius
1787 3848 1881 3938 agris
1918 3848 2069 3919 solvitur

518 3963 651 4034 decima
686 3967 911 4057 manipularis
948 3970 1111 4041 ecclesiae
1138 3971 1175 4040 in
1202 3969 1354 4059 (idom,
1391 3971 1489 4041 cuius
1515 3969 1616 4040 valor
1653 3968 1810 4040 extendit
1844 3989 1882 4039 se
1908 3969 1954 4039 ad
1981 3969 2070 4041 duas

520 4103 596 4153 cum
623 4085 736 4154 media
762 4107 905 4158 marcas.
1076 4169 1079 4174 ,

621 4199 853 4296 Gazuoown,
880 4209 964 4278 villa
991 4211 1054 4282 sub
1081 4211 1247 4304 parochia
1274 4210 1317 4280 de
1344 4207 1478 4281 Gdow
1496 4211 1573 4300 sita,
1600 4211 1696 4280 cuius
1722 4211 1846 4281 haeres
1873 4209 2072 4281 Stanislaus

496 4322 854 4416 'Wyelopolshy
882 4328 924 4398 de
952 4329 1051 4401 domo
1087 4331 1398 4420 Antiquarum
1432 4331 1672 4421 Equorum.
1707 4331 1749 4401 In
1775 4351 1844 4421 qua
1870 4337 1953 4402 sunt
1979 4333 2072 4402 lanei

517 4445 769 4536 cnrethonales,
807 4447 999 4537 dequibus
1027 4452 1174 4522 solvitur
1210 4451 1342 4522 declina
1361 4507 1475 4523 .....
1509 4453 1598 4523 Item
1625 4458 1680 4523 est
1705 4453 1755 4524 ibi
1781 4473 1887 4523 unum
1914 4453 2068 4523 militare

517 4567 715 4657 praedium,
743 4567 786 4638 de
814 4589 881 4658 quo
901 4569 1091 4643 decimatur
1117 4557 1282 4644 ecclesiae
1309 4574 1345 4646 in
1373 4569 1516 4663 Gcow,
1543 4575 1640 4645 ouius
1659 4573 1765 4653 *valor
1791 4574 1997 4645 aestimatur
2026 4573 2071 4643 ad

517 4707 621 4759 unam
647 4695 807 4759 marcam.

620 4808 903 4883 Szazanczrczu
929 4833 1067 4904 iuniore,
1095 4814 1179 4885 villa
1204 4816 1268 4887 suh
1294 4816 1460 4906 parochia
1486 4815 1530 4887 de
1558 4813 1693 4886 Gdow
1720 4817 1798 4905 sita,
1826 4815 1923 4886 ouius
1942 4815 2068 4886 haeres

516 4929 694 5003 Iohannes
721 4930 931 5004 Skarbek
959 4934 1001 5005 de
1029 4936 1135 5006 armIs
1162 4935 1422 5028 Druszyna,
1459 4937 1495 5005 in
1522 4957 1591 5026 qua
1617 4943 1699 5008 sunt
1725 4937 1833 5025 lanei,
1870 4936 1914 5006 de
1941 4936 2068 5026 quibus

517 5053 664 5124 solvitur
690 5052 823 5124 decima
849 5055 1074 5146 manipularIs
1101 5057 1265 5128 ecclesiae
1291 5058 1327 5127 in
1355 5055 1502 5148 (idom,
1529 5057 1626 5128 cuius
1652 5056 1752 5128 valor
1778 5056 1935 5127 extendit
1961 5077 1999 5127 se
2025 5055 2071 5126 ad

516 5175 666 5267 quinque
692 5173 852 5246 fertones.
1872 5277 1877 5282 .
2034 5258 2038 5266 q

620 5294 902 5369 Sznznnczrczu
928 5319 1065 5389 orrnon,
1092 5299 1178 5370 villa
1197 5299 1260 5371 suh
1280 5299 1510 5392 parochiade
1529 5296 1652 5371 Gdow
1670 5301 1754 5387 sita,
1782 5299 1879 5370 cuius
1898 5296 2067 5370 haeredes

514 5415 632 5505 plures
669 5417 802 5489 nobiles
829 5418 872 5489 dc
899 5421 1005 5491 variis
1032 5421 1147 5490 armis.
1183 5421 1224 5490 In
1250 5442 1320 5511 qua
1346 5427 1428 5492 sunt
1453 5420 1544 5491 lanei
1580 5419 1832 5510 emethonales,
1868 5419 1912 5490 de
1939 5421 2064 5510 quihus

515 5535 661 5606 solvitur
689 5537 820 5609 decima
854 5541 1080 5632 manipularis
1115 5548 1196 5632 post
1222 5562 1340 5614 omnes
1376 5563 1479 5632 agros
1515 5542 1701 5634 militares,
1736 5542 1901 5614 ecclesiae
1930 5542 2065 5612 eteius

516 5656 663 5757 plebano
690 5658 726 5728 in
754 5657 894 5732 Gdow.
