4550 6600
1660 729 1933 829 '471

277 959 526 1054 amathonales,
553 959 639 1035 item
665 959 850 1052 tabernae,
876 939 960 1034 item
988 959 1222 1054 hortulaniae,
1251 961 1438 1055 dequibus
1466 962 1613 1038 solvitur
1639 971 1676 1036 et
1702 966 1831 1037 condu-

277 1083 368 1155 citur
394 1085 527 1156 decima
553 1085 779 1174 manipularis
807 1090 843 1154 et
871 1085 1045 1174 canapalis
1072 1085 1237 1156 ecclesiae
1265 1092 1300 1156 et
1326 1087 1474 1176 plebano
1501 1088 1537 1157 in
1564 1087 1721 1177 Plolry.

922 1202 1194 1276 Pnczonrnow.
1218 1201 1224 1212 '

382 1323 485 1415 Villa,
512 1325 646 1396 babens
672 1327 709 1396 in
729 1346 765 1396 se
783 1325 1018 1415 parochialem
1036 1326 1217 1397 ecclesiam
1242 1327 1401 1418 ligneam,
1429 1327 1533 1400 Sanct
1560 1381 1648 1398 ....
1674 1329 1831 1419 dicatam,

278 1445 376 1516 cuius
402 1447 527 1517 haeres
554 1446 729 1518 Johannes
764 1445 1121 1537 Paczoltowslry
1148 1448 1191 1518 de
1218 1448 1319 1518 domo
1345 1449 1671 1539 Bippenuium,
1698 1450 1734 1520 in
1763 1471 1831 1539 qua

279 1573 360 1637 sunt
386 1567 479 1637 lanei
507 1568 758 1657 cmethonaleS,
795 1568 879 1637 item
906 1568 1090 1657 tabemae‚
1118 1569 1201 1639 item
1216 1570 1423 1658 hortulani,
1451 1570 1494 1642 de
1522 1572 1646 1660 quibus
1673 1571 1832 1642 omnibus

281 1687 429 1758 solvitur
462 1693 498 1757 et
524 1687 727 1758 conducitur
754 1685 887 1758 decima
913 1689 1141 1776 manipularis
1169 1695 1205 1760 et
1232 1690 1407 1779 canapalis
1433 1712 1498 1781 pro
1526 1745 1639 1760 .....
1664 1692 1754 1762 Item
1780 1697 1834 1762 est

279 1808 328 1878 ibi
355 1807 532 1896 praedium
561 1829 665 1878 unum
693 1808 853 1898 militare,
882 1808 924 1879 de
944 1809 1040 1879 cuius
1067 1810 1162 1898 agris
1180 1809 1328 1880 solvitur
1354 1810 1487 1880 decima
1512 1811 1740 1900 manipularis
1766 1832 1830 1899 pro

277 1927 421 1997 ecclesia
449 1933 484 1997 et
509 1927 657 2017 plebano
684 1929 758 2000 eius
785 1929 821 1999 in
847 1928 1163 2020 Paczolthow,
1190 1930 1288 2002 cuius
1315 1931 1414 2002 valor
1441 1933 1649 2003 aestimatur
1675 1933 1720 2002 ad
1747 1954 1832 2022 qua·

275 2051 358 2118 tuor
385 2067 527 2119 marcas.
898 2126 901 2132 ,

673 2239 676 2245 .
914 2170 1195 2241 Mrnnzwrnnz.

321 2365 322 2368 ,
379 2289 488 2380 Villa,
516 2290 648 2361 habens
676 2291 854 2362 ecclesiam
882 2291 1113 2381 parochialem
1143 2292 1179 2362 in
1205 2313 1242 2363 sa
1260 2292 1425 2382 ligneam,
1452 2293 1559 2366 Sanct
1576 2347 1690 2366 .....
1699 2352 1708 2386 ,
1739 2296 1852 2368 dica-¹

275 2413 376 2500 tam,
394 2411 491 2481 cuius
518 2411 687 2482 haeredes
715 2411 917 2482 Stantha
944 2466 1084 2483 ......
1095 2469 1103 2503 ,
1131 2413 1255 2503 inqua
1283 2418 1364 2483 sunt
1390 2413 1481 2484 lanei
1508 2416 1759 2505 emethonales,
1788 2416 1830 2486 de

277 2532 401 2621 quibus
439 2532 596 2604 omuibus
633 2533 780 2604 solvitur
807 2587 921 2603 .....
952 2533 1040 2604 Item
1077 2534 1225 2604 ecclesia
1257 2532 1417 2623 praefata
1451 2535 1558 2606 habet
1593 2536 1643 2606 ibi
1669 2537 1829 2626 proprios

277 2673 381 2742 agros
407 2653 538 2724 liberos
567 2659 602 2726 et
628 2659 731 2744 prata
757 2676 820 2744 pro
848 2675 911 2725 suo
938 2675 1004 2724 usu
1035 2658 1069 2724 et
1095 2654 1313 2724 necessitate.

380 2775 711 2866 Seznranowrczn,
748 2775 831 2846 villa
863 2777 927 2846 sub
954 2776 1120 2864 parochia
1147 2775 1312 2846 ecclesiae
1339 2775 1382 2846 de
1405 2775 1438 2845 N
1446 2776 1725 2865 yedzwyedz
1753 2778 1830 2866 sita,

278 2895 373 2966 cuius
409 2895 533 2966 haeres
568 2895 746 2967 „lohannes
781 2896 891 2966 Amor
928 2895 1244 2985 Tharuowsky
1270 2895 1313 2966 de
1340 2895 1441 2966 domo
1468 2895 1672 2986 Lelywa,
1698 2898 1735 2967 in
1762 2919 1831 2986 qua

278 3021 358 3088 sunt
386 3021 464 3088 octo
499 3016 591 3086 lanei
629 3017 880 3105 emethonaleS,
916 3016 1000 3086 item
1028 3016 1195 3088 tabernae
1231 3015 1320 3086 dnae
1349 3020 1385 3086 et
1412 3020 1485 3086 tres
1521 3017 1759 3106 hortulaniae,
1787 3017 1830 3088 de

279 3139 402 3228 quibus
439 3137 597 3209 omnibus
633 3138 780 3208 solvitur
816 3137 948 3208 decima
974 3136 1201 3226 manipularis
1237 3158 1300 3225 pro
1328 3137 1432 3207 altari
1466 3135 1615 3208 Sanctae
1648 3137 1830 3226 Marthae;

268 3259 477 3362 canapalem
504 3280 588 3331 vero
616 3257 755 3331 solvunt
780 3279 843 3348 per
871 3263 1020 3348 quatuor
1047 3259 1187 3349 ierugas
1214 3258 1354 3348 canapi,
1381 3263 1417 3329 et
1444 3258 1542 3330 valor
1569 3258 1642 3329 eius
1669 3259 1831 3330 aestima-

276 3386 333 3451 tur
361 3381 405 3451 ad
424 3380 541 3451 decem
569 3400 712 3452 marcas.
756 3380 844 3449 Item
863 3385 917 3451 est
935 3380 984 3450 ibi
1002 3380 1183 3468 praedium
1201 3378 1362 3468 militare,
1390 3379 1434 3449 de
1452 3380 1549 3451 cuius
1567 3380 1662 3469 agris
1681 3381 1830 3453 soluitur

278 3502 410 3573 decima
435 3502 660 3591 manipularis
688 3501 842 3589 diverse3
869 3522 949 3571 uam
976 3521 1040 3589 pro
1059 3500 1183 3571 maiori
1209 3506 1309 3590 parte
1336 3506 1373 3570 et
1390 3498 1462 3570 lere
1489 3500 1532 3571 de
1551 3502 1710 3571 omnibus
1737 3522 1829 3571 cam-

276 3624 330 3713 pis
358 3623 505 3694 solvitur
531 3623 635 3693 altari
654 3622 911 3711 Assumptionis
938 3620 1072 3691 Mariae
1099 3622 1135 3691 in
1154 3621 1301 3691 ecclesia
1318 3621 1443 3691 maiori
1470 3619 1710 3710 Cracoviensi,
1738 3622 1828 3711 quod

222 3820 223 3823 ,
279 3744 468 3817 Gasimirus
503 3742 680 3814 Secundus
708 3742 873 3813 Poloniae
899 3763 984 3831 rex,
1021 3742 1117 3811 cuius
1144 3747 1228 3811 tunc
1254 3748 1331 3811 erat
1357 3741 1458 3828 villa,
1490 3740 1633 3829 fundat3
1659 3740 1703 3810 dc
1729 3747 1849 3831 parte¹
1916 3772 1925 3785 ·

277 3887 360 3939 vero
387 3865 523 3937 modica
548 3864 697 3939 solvitur
724 3863 901 3934 cantoriae
929 3861 1181 3933 Tharnoviensi
1206 3881 1270 3950 per
1296 3861 1576 3931 abstractionem.

950 3982 1158 4054 Zansoszn.

380 4106 492 4197 Villa,
519 4108 650 4179 habens
677 4107 712 4177 in
741 4126 778 4176 se
806 4104 983 4175 ecclesiam
1011 4103 1246 4193 parochialem
1272 4103 1441 4192 ligneam,
1468 4100 1614 4174 Sanctae
1641 4154 1810 4173 .......
1821 4156 1830 4193 ,

278 4230 375 4301 cuius
406 4229 602 4319 proprietas
630 4228 674 4299 ad
700 4226 948 4299 monasterium
984 4225 1296 4295 sanctimonialium
1332 4222 1449 4294 Sancti
1477 4223 1638 4295 Andreae
1664 4224 1700 4294 in
1728 4223 1830 4294 Gra·
1945 4292 1950 4302 ,

278 4352 411 4421 coria
437 4350 606 4440 pertinet,
634 4350 670 4419 in
698 4368 766 4439 qua
801 4352 882 4419 sunt
922 4346 1039 4417 decem
1067 4350 1102 4417 et
1128 4351 1205 4417 octo
1231 4345 1325 4416 lanei
1361 4345 1613 4436 cmetbonalos,
1648 4346 1733 4415 item
1751 4366 1828 4415 una

278 4472 441 4561 taberna,
468 4470 600 4541 habens
627 4490 748 4559 agros,
776 4468 962 4558 dequibus
990 4468 1135 4538 soluitur
1159 4473 1195 4537 et
1213 4466 1419 4538 conducitur
1445 4466 1578 4536 decima
1604 4464 1830 4554 manipularis

278 4598 315 4663 et
341 4592 514 4681 canapalis
541 4612 605 4681 pro
631 4591 841 4661 monasterio
869 4589 1180 4659 sanctimonialium
1218 4587 1335 4658 Sancti
1361 4586 1541 4677 Arndreae,
1569 4592 1604 4657 et
1631 4585 1730 4656 valor
1756 4586 1830 4656 eius

223 4750 226 4755 Α
279 4714 482 4785 aestimatur
517 4712 561 4782 ad
589 4712 783 4801 quindecim
817 4730 960 4799 marcas.
1004 4710 1093 4781 Item
1124 4709 1305 4799 praedium
1336 4708 1534 4779 coenobiale
1561 4706 1678 4777 estin
1706 4706 1827 4775 eadem

278 4835 378 4925 uilla,
414 4834 457 4905 de
484 4834 581 4905 cuius
608 4834 702 4923 agris
729 4832 815 4903 nulli
842 4832 989 4903 solvitur
1025 4831 1167 4921 decima,
1210 4830 1272 4901 sed
1306 4829 1553 4899 monasterium
1580 4827 1674 4897 illam
1700 4848 1764 4915 pro
1792 4847 1829 4897 se
1935 4867 1937 4870 -

278 4956 372 5027 tollit
398 4960 435 5025 et
462 4956 497 5025 in
523 4955 686 5025 horreum
713 4976 811 5025 suum
839 4953 988 5041 inducit;
1024 4953 1107 5023 item
1134 4951 1302 5041 plebanus
1330 4950 1379 5020 ibi
1406 4950 1513 5019 habet
1539 4969 1642 5037 agros
1669 4948 1830 5037 proprios

228 5102 232 5113 ·
279 5076 443 5167 speciales
471 5082 507 5147 et
533 5081 636 5166 prata
662 5096 725 5165 pro
753 5095 815 5146 suo
842 5072 1005 5165 praedic,
1040 5094 1105 5143 usu
1133 5077 1170 5142 et
1196 5070 1418 5158 necessitate;
1452 5070 1537 5140 item
1563 5068 1647 5140 villa
1672 5067 1831 5157 praefata

279 5198 383 5269 solvit
408 5197 695 5269 columbationem
714 5202 749 5267 et
767 5196 947 5265 denarium
966 5194 997 5263 S.
1016 5193 1114 5263 Petri
1133 5187 1298 5262 ecclesiae
1319 5190 1354 5259 in
1377 5189 1603 5277 Zadrosze;
1630 5190 1715 5259 item
1741 5188 1829 5259 scol-

280 5320 368 5389 tetia
394 5340 462 5391 non
490 5320 604 5389 estin
631 5318 751 5389 eadem
778 5316 872 5405 villa,
899 5334 1010 5403 neque
1037 5312 1257 5383 hortulaniae
1284 5315 1373 5381 sunt.

381 5440 641 5527 Wrnnnrosm,
668 5438 751 5509 villa
779 5437 842 5507 sub
869 5434 1035 5524 parochia
1062 5434 1104 5504 de
1130 5432 1364 5503 Zadrosze
1393 5432 1479 5521 sita,
1507 5431 1604 5503 cuius
1631 5430 1828 5522 proprietas

279 5561 377 5632 iuxta
402 5582 521 5633 veram
557 5560 725 5630 iustitiam
761 5557 804 5627 ad
831 5555 1078 5626 monasterium
1115 5552 1427 5624 sanctimonialium
1455 5552 1498 5622 de
1526 5552 1651 5623 Sancto
1687 5553 1829 5624 Andrea

280 5682 317 5755 iu
344 5681 695 5774 macomariam
722 5679 815 5749 illam
844 5676 1242 5748 Schaflrancones
1269 5674 1426 5764 pervim
1454 5679 1640 5766 occupent,
1667 5674 1829 5766 pertinet,
