4550 6600
495 748 570 835 362

497 956 701 1028 aestimatur
727 952 772 1025 ad
791 1008 797 1021 .
816 1008 824 1023 .
931 952 1020 1025 Item
1047 956 1102 1023 esi
1127 951 1177 1023 ibi
1203 972 1310 1026 unum
1337 951 1517 1042 praedium
1543 952 1775 1043 mihicrede
1801 974 1869 1044 quo
1895 908 2074 1027 mcima’

497 1084 556 1149 tur
582 1076 746 1147 ecclesiae
773 1077 809 1149 in
836 1074 1167 1169 Zalyescluani,
1194 1074 1291 1147 cuius
1318 1074 1422 1151 palor¹
1442 1073 1488 1145 ad
1513 1074 1663 1151 median
1689 1094 1853 1148 marcam.

600 1196 835 1291 Sznrnrozr,
872 1200 956 1271 uilla
982 1198 1046 1271 sub
1073 1196 1238 1288 parochia
1264 1196 1307 1268 de
1333 1195 1650 1287 Zalyeschani
1674 1196 1761 1286 situ,
1798 1198 1895 1271 cuins
1920 1197 2049 1271 haeres

497 1315 657 1391 Andreas
684 1318 728 1391 de
754 1320 962 1393 Sohonno
989 1319 1032 1391 de
1060 1318 1161 1390 domo
1188 1317 1398 1389 Dambno.
1424 1317 1466 1387 In
1484 1338 1553 1408 qua
1580 1323 1662 1395 suni
1683 1318 1776 1421 lanei
1803 1318 2051 1407 cmeihonuules,

497 1441 582 1513 ilem
608 1440 784 1531 tabernae,
811 1442 895 1513 item
913 1440 1142 1530 hortulaniae,
1168 1441 1253 1513 icem
1269 1438 1461 1530 praedium,
1487 1439 1532 1510 de
1558 1440 1684 1529 quibus
1712 1441 1873 1513 omnibus
1900 1440 2052 1513 soluitur

498 1566 535 1633 et
553 1560 757 1633 conducitur
774 1561 907 1634 decima
924 1562 1151 1652 manipularis
1170 1565 1206 1633 et
1224 1561 1400 1650 canapalis
1426 1581 1491 1651 pro
1504 1561 1652 1634 ecclesia
1668 1562 1705 1634 in
1723 1560 1804 1635 Zal
1813 1561 2052 1657 poschani,

498 1687 534 1754 et
560 1683 658 1759 valor
685 1683 759 1754 eius
787 1684 990 1755 aestimatur
1018 1683 1192 1755 adunam
1218 1702 1378 1753 marcam.

605 1803 860 1897 Sznronrnw,
880 1804 964 1877 villa
990 1805 1054 1877 sub
1079 1802 1246 1894 parochia
1272 1802 1315 1874 de
1341 1802 1655 1893 Zalyesohani
1686 1804 1773 1893 situ,
1800 1805 1897 1880 cuius
1922 1805 2053 1881 haeres

499 1924 740 1998 serenissimus
776 1925 921 2016 quilibet
947 1925 1115 1999 Pelopiae
1140 1945 1212 1997 rex.
1255 1924 1393 2016 Inque
1427 1929 1508 1995 sunt
1542 1925 1635 1997 lanei
1670 1925 1924 2012 cmeilronales,
1965 1926 2052 1997 ilem

499 2046 677 2137 tabernae,
704 2048 788 2119 item
815 2048 1045 2160 horurlaniae,
1071 2048 1156 2119 item
1181 2046 1371 2136 praedium,
1396 2045 1588 2136 dequibus
1615 2046 1763 2126 soluitur
1789 2046 1921 2122 decima
1937 2046 2053 2119 mani-

499 2168 631 2259 pularis
658 2173 694 2241 et
720 2169 904 2261 canapalis,
933 2169 993 2242 sed
1011 2170 1117 2258 varie;
1144 2189 1225 2242 narn
1240 2168 1477 2258 ,dealiquilrus
1494 2169 1626 2258 campis
1642 2168 1793 2258 percipie
1809 2189 1885 2247 eum
1902 2168 2054 2242 aedcaiu

440 2362 443 2371 ,
499 2290 536 2361 in
564 2288 805 2381 Gorzicze,
832 2290 875 2364 de
902 2291 1075 2382 aliquibus
1103 2310 1186 2363 vero
1213 2290 1360 2373 ecclesia
1384 2290 1422 2361 in
1447 2288 1777 2379 Zalyaschaui,
1804 2289 2055 2365 ardencius

500 2413 705 2485 aestirnaiur
731 2412 775 2483 ad
802 2414 953 2504 quinque
980 2412 1195 2501 marcas3de
1222 2412 1316 2502 agris
1342 2431 1425 2483 varo
1453 2412 1673 2491 emethouum
1700 2432 1822 2491 versus
1849 2410 2054 2501 Tethye,

420 2547 423 2553 ’
500 2528 688 2625 asepibus
709 2554 777 2626 ‚per
805 2535 871 2607 dno
900 2536 1031 2626 stadia,
1067 2535 1151 2607 item
1187 2539 1267 2625 post
1296 2554 1401 2616 unum
1437 2533 1653 2613 emethoncm
1678 2532 1809 2606 dictum
1844 2532 2056 2622 Babuek,
2154 2612 2156 2617 ,

353 2653 358 2660 ’
499 2660 579 2747 post
604 2637 744 2727 fluvium
771 2657 966 2746 Brzoza,
1001 2672 1109 2747 nsque
1137 2654 1182 2726 ad
1209 2656 1339 2746 sylvam
1366 2650 1644 2743 Korzonek,
1671 2674 1715 2725 ex
1741 2653 1811 2724 alia
1837 2674 1919 2728 vero
1949 2657 2054 2744 parde

503 2798 591 2871 qnae
618 2776 715 2849 vadit
741 2776 784 2849 dc
811 2777 1021 2867 Sbignew
1061 2777 1097 2847 in
1125 2776 1302 2867 Wolya,
1342 2775 1627 2850 cedit-ecclesiae
1653 2776 1690 2849 in
1716 2774 2055 2867 Zalyesclrani3

405 2990 409 2996 Ι
503 2899 571 2974 alia
597 2919 680 2972 vcro
708 2900 893 2971 residuitas
920 2899 1149 2980 ecclosiuain
1175 2896 1411 2971 Gornicze.

602 3020 717 3093 Villae
736 3020 961 3111 parochiales:
989 3020 1321 3111 Zalyesclrani,
1346 3008 1581 3093 Mornrcze
1607 3020 1773 3109 minor,
1800 3017 2053 3109 Grayczouru

500 3124 1022 3233 Wolya,.Skowyeruin,
1049 3140 1456 3231 Szkowyerninek,
1485 3140 1729 3232 Suyekozi,
1754 3139 2013 3232 Sbignpupw.

1078 3443 1083 3448 .
1134 3385 1428 3458 Rnornnwrczn.
2018 3433 2022 3439 ,

606 3505 701 3578 Villa
734 3505 865 3580 habens
892 3506 929 3580 in
956 3526 993 3578 se
1020 3506 1199 3594 ecclesiam
1234 3506 1467 3598 parochialem
1502 3508 1672 3598 ligneam,
1713 3506 1841 3586 Soneio
1877 3507 2054 3582 suumne

351 3650 357 3664 ¹
499 3628 647 3720 martyri
674 3627 833 3718 dicatam,
862 3629 959 3716 cuius
986 3627 1154 3709 haeredes
1181 3627 1375 3716 Spumeus
1393 3683 1534 3699 ......
1571 3628 1612 3712 lu
1635 3649 1707 3720 -qua
1734 3634 1817 3706 suut
1841 3628 1933 3704 lanei
1961 3649 2054 3701 rme·

321 3792 326 3804 1
456 3841 462 3852 ,
499 3750 668 3840 thonalcs,
694 3750 778 3822 item
805 3751 971 3822 tabernae
999 3756 1082 3840 tres,
1108 3750 1192 3822 iiam
1219 3749 1447 3840 hortulaniae
1475 3749 1658 3840 dequibus
1685 3751 1846 3830 omnihus
1872 3749 2053 3853 perceptio

499 3871 651 3944 decimae
678 3871 853 3961 variatum
893 3893 972 3944 nam
999 3876 1080 3962 posi
1106 3891 1210 3961 agros
1237 3871 1461 3951 tabernarum
1491 3870 1757 3955 Mirraniha
1789 3876 1830 3942 et
1852 3870 2054 3962 Rachel,

498 3993 583 4064 ilem
609 3987 691 4083 post
717 3993 804 4064 duos
831 3993 950 4066 laneos
977 3993 1148 4066 videlicet:
1175 3990 1266 4065 labri
1293 3997 1329 4064 ot
1355 3990 1582 4082 Pancnek,
1609 3992 1694 4076 item
1719 3997 1801 4083 post,
1817 4013 1920 4083 agros
1946 3994 2054 4070 nnius

474 4113 736 4202 'hortulaniae,
765 4113 909 4187 solvitur
937 4118 973 4186 ei
997 4113 1200 4186 conducitur
1226 4111 1360 4198 decima
1385 4113 1611 4204 manipularis
1639 4119 1676 4185 et
1702 4114 1878 4206 ouuapmlis
1904 4114 2054 4204 integre,

498 4255 563 4326 pro
591 4231 736 4312 ccclesia
773 4239 809 4304 et
835 4233 983 4326 plebano
1020 4235 1056 4306 in
1091 4231 1427 4324 Raczlauicz‘e3
1466 4240 1608 4326 praeter
1644 4255 1751 4309 unum
1784 4255 1944 4326 rumpam
1980 4236 2054 4314 sive

499 4375 621 4427 arvum
645 4353 754 4449 fabri,
780 4355 849 4448 ¹qui
876 4355 966 4426 iacet
992 4361 1071 4446 post
1098 4337 1263 4431 allodium
1290 4377 1407 4446 suum,
1438 4354 1482 4428 de
1509 4356 1798 4461 quo‘daciuuaurr
1821 4356 1990 4438 ecclesiae
2017 4358 2053 4429 in

499 4475 696 4569 Byelini.
723 4475 810 4549 Post
837 4465 941 4567 agros
968 4498 1050 4552 vero
1077 4476 1100 4549 J
1110 4479 1220 4569 aylco
1246 4484 1283 4550 ot
1308 4477 1475 4578 Stauislui
1501 4479 1774 4569 tabernariorum,
1801 4477 1975 4562 aaudiat&
1992 4477 2053 4550 de-

499 4598 607 4670 cimae
631 4589 859 4688 manipularis
878 4597 970 4669 cedit
988 4598 1152 4692 ecclesiae
1171 4600 1207 4670 in
1225 4599 1455 4673 Raczlawi
1466 4621 1553 4689 cze;
1571 4605 1608 4674 et
1628 4600 1740 4685 ultera
1757 4599 1926 4682 necatas
1942 4600 2054 4682 aare·

500 4720 574 4792 siae
601 4719 637 4792 in
663 4719 863 4812 Byelini.
890 4719 977 4797 item
1006 4725 1086 4791 sunt
1104 4719 1154 4792 ibi
1180 4721 1323 4810 praedia
1348 4721 1523 4812 militaria,
1551 4721 1595 4794 do
1622 4721 1747 4812 quibus
1773 4721 1931 4806 omnihus
1959 4721 2054 4802 doci

498 4847 614 4915 matur
642 4841 805 4914 ecclesiae
833 4842 869 4912 in
893 4841 1216 4914 Raczlawicze.
1243 4841 1333 4914 luem
1356 4842 1464 4915 habet
1490 4843 1636 4925 ecclesia
1662 4849 1698 4914 et
1723 4843 1892 4934 plebanus
1918 4843 2050 4920 einsin
2153 4877 2156 4886 ·

499 4961 814 5034 Raozlawicze
841 4983 943 5054 agros
971 4963 1191 5052 sufficientes,
1218 4984 1281 5056 pro
1308 4962 1450 5054 praedio
1478 4984 1539 5038 suo
1567 4963 1712 5054 liberos,
1738 4964 1838 5047 ouius
1863 4965 2051 5044 modernus

499 5084 669 5176 plebanus
698 5089 752 5156 est
783 5082 1102 5175 Prnibi'slauS,
1143 5105 1223 5157 nam
1258 5084 1364 5158 habet
1399 5106 1505 5160 unum
1540 5085 1678 5174 laneum
1714 5086 1806 5161 inter
1844 5087 2051 5176 creetuonos

499 5227 600 5297 quem
627 5207 693 5278 etsi
721 5205 914 5278 Scamslaus
941 5207 1065 5279 haeres
1092 5206 1207 5280 diotae
1234 5207 1337 5297 uillae
1363 5206 1557 5297 abstuleril,
1585 5207 1622 5278 in
1648 5227 1908 5298 recompensam
1933 5215 2051 5290 tamen

432 5340 437 5346 ’
498 5327 601 5418 illius,
629 5327 725 5400 dedit
752 5326 819 5414 sibi
845 5326 996 5400 medium
1022 5327 1168 5417 laneum,
1196 5327 1301 5402 situm
1328 5329 1427 5404 iuxta
1453 5329 1590 5401 laneum
1615 5330 1799 5421 andquum
1825 5329 2053 5420 plebanalena

499 5447 586 5519 leem
612 5449 718 5522 habet
745 5448 850 5520 alium
878 5469 999 5540 agrum
1027 5448 1156 5520 dictum
1182 5448 1559 5542 Poszwyathnye3
1595 5452 1679 5524 iiam
1707 5451 1806 5535 iuxta
1832 5452 2050 5542 praedictum

499 5587 621 5656 agrum
647 5569 1008 5666 Poenuyathnye
1035 5571 1142 5644 habet
1168 5571 1274 5645 alium
1300 5591 1461 5661 agrum...;
1487 5573 1570 5644 item
1597 5573 1704 5645 habet
1730 5579 1767 5649 et
1794 5567 1902 5646 alium
1928 5595 2049 5665 agrum

500 5685 628 5759 dictum
655 5686 959 5780 Wangrzinow,
999 5692 1097 5762 iuxta
1123 5691 1266 5771 fluvium
1294 5691 1405 5763 Szan
1441 5696 1477 5762 et
1503 5694 1638 5785 rippam
1665 5715 1762 5782 snam
1789 5696 1981 5787 iacentem,
2007 5695 2050 5768 -in
