4550 6600
755 1165 759 1179 .
898 1124 1280 1188 ARCHIDIACONATUS
1302 1124 1704 1191 ZAWYOHOSTHENSIS.

638 1317 679 1387 In
707 1316 851 1387 ecclesia
877 1316 1098 1389 Cracoviensi
1125 1320 1223 1410 sitne,
1252 1325 1287 1391 et
1315 1320 1350 1389 in
1377 1338 1420 1391 ea
1445 1319 1577 1391 habens
1604 1321 1743 1392 titulum
1771 1318 1808 1391 e't
1835 1308 1987 1411 stallum,
2018 1328 2063 1413 qui

535 1424 599 1511 sub
627 1460 664 1510 se
688 1446 727 1510 et
752 1440 787 1509 in
816 1460 880 1510 sua
906 1460 997 1530 cura
1025 1441 1062 1510 in
1089 1460 1219 1532 suaque
1241 1434 1451 1532 visitatione,
1479 1441 1720 1533 infrascriptos
1739 1443 1956 1534 parochiales
1980 1443 2065 1516 hahet

424 1559 429 1571 '
535 1562 710 1652 ecclesias

1176 1682 1448 1757 anroaosrn.

637 1801 810 1893 Oppidum
837 1804 874 1873 in
902 1824 968 1893 qno
996 1802 1143 1875 ecclesia
1168 1804 1293 1895 lignea,
1321 1804 1448 1877 Sancto
1476 1804 1644 1877 Mauritio
1672 1806 1804 1896 dicata,
1833 1806 1876 1877 de
1904 1806 2064 1880 collatione

530 1934 572 2001 et
597 1925 880 2014 iurepatronatus
908 1924 1105 1995 scholastici
1131 1922 1431 2016 Sandomiriensis,
1459 1927 1556 1999 cuius
1575 1927 1693 2017 oppidi
1711 1927 1909 2017 proprietas
1939 1928 1980 1999 ad
2003 1950 2064 2000 san·

535 2024 751 2118 otimoniales
786 2044 904 2117 Sancti
940 2045 1102 2117 Andreae
1138 2048 1174 2117 in
1201 2046 1431 2119 Cracovia
1457 2048 1632 2138 pertinet3
1664 2047 1707 2119 de
1733 2049 1962 2138 proventibus
1994 2050 2063 2121 enin

533 2167 712 2259 praelat-ae
740 2167 906 2238 ecclesiae
933 2166 1050 2237 Sancti
1076 2166 1236 2238 Mauritii
1251 2167 1574 2260 Zawichosthensis,
1602 2168 1810 2241 scholastria
1829 2168 2062 2241 Sandomirien-

534 2289 583 2359 sis
610 2275 674 2378 pro
702 2288 825 2359 maiori
852 2293 953 2378 parte
979 2287 1102 2358 dotata
1128 2294 1190 2359 est.
1218 2288 1314 2359 Haec
1341 2289 1502 2380 ecclesia,
1536 2291 1697 2379 quoniam
1723 2289 1893 2381 parochia
1918 2290 1987 2362 eius
2010 2292 2063 2361 sita

535 2416 613 2479 erat
637 2410 731 2479 nltra
757 2406 1014 2498 Vislam,'in
1041 2408 1200 2480 Burow
1227 2408 1342 2481 villam
1363 2410 1684 2501 sanctimonialium,
1712 2411 1757 2482 ad
1784 2412 1984 2483 instantiam
2007 2430 2063 2482 na-

533 2530 635 2619 gistri
653 2529 800 2601 Martini
827 2529 871 2599 de
897 2528 1106 2619 Odolino,
1133 2530 1198 2601 suh
1216 2530 1421 2620 pontificatu
1439 2530 1610 2603 Johannis
1636 2530 1860 2603 Lnthlron
1874 2533 1911 2602 is
1937 2532 2065 2621 episcopi

534 2650 772 2721 cracoviensis
798 2650 973 2721 translata
999 2656 1062 2739 est,
1089 2656 1125 2722 et
1153 2672 1243 2723 nova
1270 2652 1319 2723 ibi
1338 2650 1484 2723 ecclesia
1509 2652 1654 2724 lundata
1668 2659 1740 2743 est,
1767 2652 1962 2743 Sanctoque
1987 2650 2062 2741 Apo-

418 2861 425 2869 ‚
534 2770 624 2843 stolo
652 2772 766 2842 dicata
792 2770 972 2863 Andreae,
1005 2773 1106 2856 ,curius
1133 2772 1333 2862 parochiam
1360 2772 1522 2864 inferius,
1557 2780 1740 2864 postquam
1768 2776 1813 2845 ad
1841 2774 2011 2845 eeclesiam
2034 2774 2061 2843 in

533 2893 693 2964 Borow
720 2893 972 2986 proveniendo,
1000 2892 1244 2965 describemus.

831 3154 1021 3237 Ecclesia
1057 3156 1212 3236 Baetae
1247 3152 1407 3237 Mariae
1442 3158 1481 3235 in
1514 3154 1801 3237 Zawloluoath.

633 3377 687 3449 Dc
722 3378 903 3450 collatione
938 3378 1156 3476 praebendae
1195 3379 1352 3450 canonici
1385 3377 1673 3451 Sandomiriensis
1709 3397 1796 3469 quae
1831 3381 1975 3450 vocator
2003 3375 2058 3446 Kc

535 3501 718 3591 nyeczsha‚
745 3499 842 3571 cuius
861 3500 1017 3572 canonici
1038 3499 1164 3571 fundus
1183 3501 1219 3570 in
1245 3497 1460 3591 llunycze
1488 3505 1524 3570 et
1550 3499 1725 3590 Popov3
1753 3519 1840 3590 quae
1856 3500 1955 3570 -duae
1979 3498 2060 3568 villae

535 3627 636 3692 erant
663 3621 834 3712 quondam
862 3620 989 3693 fundus
1017 3621 1182 3693 ecclesiae
1201 3619 1348 3693 Sanctae
1367 3619 1512 3712 Mariae,
1540 3621 1601 3692 sed
1621 3621 1805 3710 collegiata
1831 3621 1976 3692 ecclesia
1991 3617 2061 3710 apud

534 3743 872 3814 Sandomiriam
898 3742 1062 3833 modam,
1084 3743 1192 3813 >datae
1219 3741 1363 3814 suntin
1391 3742 1508 3814 dotem
1535 3742 1752 3832 praebendae
1784 3741 2061 3828 Sandomiriensis,

534 3885 623 3955 quae
650 3869 794 3936 vocator
819 3863 1037 3955 Kunyczslra,
1065 3864 1163 3935 cuius
1189 3882 1252 3954 pro
1280 3869 1437 3953 tempore
1465 3863 1585 3934 unicus
1613 3863 1760 3936 collator
1786 3869 1822 3934 et
1847 3869 2008 3954 patronus
2022 3866 2062 3931 ost

535 3987 720 4056 canonicos
747 3987 892 4077 quilibet
918 3985 1223 4074 Sandomiriensis,
1252 3986 1310 4075 qui
1337 3985 1568 4074 praehendam
1595 3984 1802 4076 Kunyczska
1829 3985 1970 4056 obtinet.
1993 3983 2061 4053 lten

533 4109 569 4177 in
597 4108 724 4197 oppido
752 4107 927 4197 praefato,
963 4111 1045 4178 sont
1070 4105 1304 4198 qnadraginta
1331 4113 1480 4197 quatuor
1506 4106 1597 4177 lanei
1626 4107 1899 4199 oppidanorum,
1935 4106 1987 4196 qni
2009 4103 2061 4174 sol·

533 4233 621 4299 runt
646 4228 812 4300 decimam
839 4229 1106 4320 manipularem,
1143 4227 1204 4299 sed
1244 4227 1356 4317 varie;
1392 4249 1471 4299 nam
1509 4235 1589 4320 post
1624 4229 1750 4318 viginti
1790 4229 1910 4300 laneos
1941 4225 2062 4318 percipit

534 4354 610 4421 eam
637 4351 782 4421 ecclesia
809 4349 957 4422 Sanctae
980 4347 1163 4420 Trinitatis
1190 4349 1226 4418 in
1252 4349 1568 4439 Zawiohosth,
1595 4355 1675 4440 post
1692 4351 1817 4442 viginti
1835 4369 1921 4421 vero
1939 4351 2061 4439 quatum

533 4471 660 4562 laneos,
687 4473 835 4562 percipit
860 4489 937 4542 eam
955 4470 1114 4542 custodia
1131 4469 1249 4542 Sancti
1267 4471 1423 4542 Floriani
1450 4474 1551 4542 extra
1575 4489 1694 4542 muros
1712 4469 1966 4542 Oracovlenses.
1989 4467 2058 4537 lten

533 4591 640 4664 hahet
676 4593 822 4664 ecclesia
858 4591 1004 4664 Sanctae
1039 4591 1176 4663 Mariae
1203 4593 1364 4682 proprios
1401 4592 1471 4664 illic
1498 4613 1601 4683 agros
1628 4597 1664 4664 et
1690 4597 1810 4684 prata,
1847 4613 1923 4663 cum
1959 4587 2057 4681 quibu

534 4733 630 4784 suam
657 4717 829 4784 sustentat
855 4714 1108 4784 necessitatem.
1152 4711 1240 4784 Item
1267 4711 1334 4782 mit
1359 4713 1395 4782 in
1423 4711 1580 4802 praelato
1618 4713 1745 4804 oppido
1773 4714 1946 4804 quondam
1978 4709 2060 4781 advo-

533 4835 624 4904 catia
650 4835 823 4924 notabilis,
850 4835 982 4905 hahens
1008 4832 1100 4904 inira
1125 4835 1292 4904 terminos
1319 4833 1438 4923 oppidi
1464 4834 1625 4924 proprios
1651 4833 1770 4906 laneos
1788 4841 1824 4906 et
1841 4855 1953 4926 agros
1977 4849 2057 4921 quau

534 4953 792 5027 Oaaimirns
827 4955 1004 5026 Secundus
1029 4954 1195 5026 Poloniae
1232 4976 1294 5026 rex
1322 4955 1464 5045 coemit,
1492 4961 1528 5026 et
1555 4955 1720 5027 decimam
1757 4955 1998 5047 manipularem
2027 4969 2057 5020 eu

533 5075 629 5164 agris
656 5075 858 5147 advocatiae
871 5075 1155 5166 provenientem,
1183 5095 1271 5166 quae
1299 5075 1465 5147 ecclesiae
1491 5073 1639 5148 Sanctae
1657 5075 1792 5148 Mariae
1810 5069 2059 5148 Zawichosteosi

534 5197 743 5287 solvebatur,
771 5197 945 5269 sacerdoti
972 5196 1139 5287 capellam
1167 5197 1273 5267 castri
1291 5195 1581 5276 Zaivichostensis
1608 5195 1774 5268 officianti
1798 5195 1987 5289 applicavit
2009 5191 2058 5262 liat

534 5323 649 5388 autem
676 5317 821 5389 ecclesia
846 5317 1005 5408 praefata
1030 5337 1074 5388 ex
1099 5315 1216 5406 lapide
1244 5315 1376 5407 quadro
1403 5317 1493 5408 albu,
1519 5338 1616 5390 more
1643 5321 1791 5408 vetusto,
1819 5319 1855 5388 in
1883 5317 1988 5390 crocis
2003 5332 2057 5384 mo·

534 5439 615 5509 dum
642 5446 796 5530 murata,
832 5460 895 5530 per
920 5439 1094 5530 principes
1120 5437 1287 5510 Polmriae
1323 5439 1493 5528 antiquos.
1537 5439 1626 5510 Item
1652 5439 1689 5509 in
1725 5438 1844 5510 eodem
1875 5437 1993 5528 oppido
2017 5435 2056 5504 at

534 5559 780 5629 monasterium
806 5557 954 5630 fratrum
979 5559 1162 5649 minorum,
1190 5557 1330 5650 Sancto
1345 5557 1495 5630 dicatum
1521 5558 1717 5652 Francisoo,
1743 5559 1855 5632 lutere
1881 5565 1982 5646 cocto,
2006 5572 2055 5624 ona

534 5697 611 5777 curn
639 5679 882 5769 ecclesiaper
909 5679 1177 5751 Bolcslaum
1205 5677 1463 5751 Pudicam...
