4550 6600
485 720 558 803 201

482 946 661 1019 tabernam
688 952 724 1019 et
749 946 960 1040 hortulanus,
989 951 1031 1022 de
1059 952 1183 1042 quibus
1210 952 1368 1023 omnibus
1394 951 1498 1022 datur
1524 949 1657 1021 decima
1674 927 1899 1041 manipularis
1916 948 2037 1023 eccle-

484 1069 555 1141 siae
582 1068 617 1141 in
643 1068 682 1141 M
691 1067 933 1163 yslowice,
961 1068 1057 1144 cuius
1085 1069 1183 1145 valor
1209 1070 1254 1145 ad
1281 1093 1341 1145 sex
1368 1058 1538 1146 marcass

584 1192 856 1285 stonowrcu,
884 1195 968 1267 villa
994 1196 1058 1267 sub
1085 1194 1205 1266 eadem
1232 1197 1397 1286 parochia
1423 1196 1742 1288 Luborzycza,
1777 1196 1874 1268 cuius
1900 1196 2036 1267 baares

483 1311 639 1402 praelata
666 1314 804 1385 domina
831 1314 1007 1406 Hedvigis.
1033 1316 1074 1386 ln
1093 1339 1162 1407 qua
1180 1322 1297 1389 sunt...
1315 1319 1417 1408 lanei,
1445 1317 1488 1389 de
1507 1319 1631 1409 quibus
1650 1317 1755 1388 datur
1771 1314 1905 1388 decima
1920 1313 2041 1387 mani·

485 1434 664 1522 pularis....;
691 1435 774 1506 item
802 1437 981 1527 praedium
1009 1439 1197 1528 egregium,
1225 1439 1316 1528 quod
1334 1439 1441 1511 habet
1459 1460 1561 1529 agros
1578 1440 1762 1528 notabiles,
1788 1439 1973 1510 tabernam
2001 1438 2042 1506 et

482 1554 693 1645 hortulanos,
720 1557 763 1627 da
791 1558 924 1649 quibus,
952 1580 993 1630 ac
1010 1560 1114 1631 certis
1141 1561 1234 1650 agris
1253 1560 1399 1632 desertis
1426 1561 1579 1633 eiusdem
1606 1560 1748 1651 praedii,
1776 1560 1880 1632 datur
1898 1558 2041 1630 decima

482 1676 706 1765 manipularis
734 1678 778 1749 ad
804 1676 844 1747 M
852 1680 1088 1771 yslowico,
1116 1680 1213 1753 euius
1239 1682 1339 1753 valor
1364 1680 1410 1751 ad
1436 1703 1498 1754 1111
1524 1702 1658 1753 marcas
1677 1735 1791 1751 .....
1818 1679 1925 1751 Cuius
1953 1680 2040 1769 qui-

482 1795 559 1867 dem
587 1797 751 1869 ecelesiae
786 1800 996 1889 paroehialis
1032 1803 1067 1871 in
1094 1802 1354 1877 Mislouic'a
1391 1808 1472 1875 sunt
1508 1803 1663 1894 patroni,
1700 1802 1859 1875 dominus
1886 1800 2040 1872 Alexius

482 1916 647 2009 Turzo,
683 1921 867 1994 modernus
903 1922 1027 1995 haeres
1063 1924 1288 2015 Pczynensis,
1325 1925 1457 2016 primus
1493 1924 1639 1995 collator
1665 1924 1709 1994 de
1734 1924 1775 1994 M
1783 1922 2042 2015 yslowice,

482 2037 889 2135 dominusJaroczky
917 2044 959 2116 de
987 2043 1483 2137 Sziedlecz‚Pogonya
1510 2051 1546 2117 at
1572 2043 2042 2136 Glymunthowsecun·

482 2158 557 2249 dua,
583 2163 709 2232 tertius
737 2165 894 2236 dominus
921 2142 1160 2260 Zagorsky
1192 2167 1235 2239 de
1261 2167 1486 2259 Z'agorze,
1525 2171 1669 2257 quartus
1696 2141 1836 2237 domina
1861 2162 2041 2251 Hedvigis

481 2277 750 2371 Opalanska
777 2284 820 2357 de
848 2282 1070 2358 Gossicze
1098 2292 1133 2357 et
1159 2287 1509 2379 Rauolowicze,
1550 2293 1586 2359 et
1612 2288 1753 2378 quintus
1780 2285 1939 2358 dominus
1968 2281 2040 2353 Ja-

484 2404 624 2476 nussius
650 2404 1034 2499 Koszmyrowsky
1062 2408 1104 2479 de
1131 2401 2042 2499 011111111111111111111111111111111111-

482 2525 535 2595 sia
561 2525 596 2595 in
624 2525 878 2599 Mislowice
905 2534 941 2600 11
967 2530 1075 2619 ipsius
1102 2536 1227 2620 rector,
1254 2531 1361 2602 habet
1378 2536 1451 2602 tres
1467 2530 1587 2601 laneos
1613 2550 1674 2601 seu
1701 2549 1839 2600 mansos
1865 2546 2041 2617 agrorum

395 2632 401 2641 ’
481 2652 517 2717 11
544 2647 611 2717 duo
639 2653 756 2739 prata,
785 2636 897 2721 vunum
925 2652 1017 2722 circa
1042 2651 1180 2742 laneos,
1216 2657 1253 2731 11
1279 2652 1374 2724 aliud
1401 2673 1563 2743 magnum
1597 2672 1704 2742 panes
1738 2650 1901 2721 maricam
1926 2669 2037 2719 suam

480 2769 665 2860 propriam.
705 2770 793 2843 Itam
819 2770 925 2844 habat
951 2772 1091 2845 fluvium
1118 2772 1409 2863 Przemscha,
1447 2794 1524 2845 cum
1549 2777 1698 2863 utraque
1724 2772 1802 2861 ripa
1827 2790 1889 2860 per
1914 2774 2040 2840 totam

480 2888 733 2963 haereditatem
760 2893 863 2964 villae
890 2894 1139 2984 Snyedleez
1171 2900 1207 2965 et
1234 2895 1352 2987 oppidi
1379 2895 1667 2985 Myslouiee;
1703 2894 1789 2963 item
1815 2892 1899 2963 duas
1924 2889 2039 2981 pisci·

479 3032 544 3085 nas
571 3014 739 3104 egregias:
766 3016 909 3106 insuper
934 3016 1042 3087 habet
1069 3022 1217 3107 quatuor
1243 3018 1366 3088 hortos
1394 3018 1479 3088 satis
1507 3016 1649 3107 amplos.

582 3133 790 3206 Praebenda
815 3136 851 3205 in
887 3136 1147 3208 Mislowica
1182 3139 1218 3209 in
1245 3139 1412 3209 honorem
1447 3138 1634 3208 Beatorum
1661 3136 1815 3227 Philippi
1847 3140 1882 3207 et
1906 3134 2040 3207 Jacobi

480 3252 737 3346 Apostolorum,
764 3277 827 3351 per
853 3257 1036 3330 haeredem
1056 3264 1092 3330 et
1110 3260 1295 3350 plebanum
1314 3259 1356 3331 de
1374 3258 1646 3351 Myslowice
1671 3257 1823 3348 lundata,
1850 3278 1912 3348 pro
1930 3256 2038 3330 cuius

479 3377 681 3449 fundatione
709 3377 868 3450 dominus
894 3379 1061 3470 plebanus
1088 3381 1185 3452 dedit
1211 3388 1247 3453 et
1273 3381 1416 3453 donavit
1449 3381 1684 3454 hortulaniam
1718 3401 1817 3452 suam
1843 3380 2037 3470 propriam,

479 3498 515 3570 iu
544 3520 612 3590 qua
638 3499 820 3573 aedificata
847 3505 901 3573 est
927 3501 1048 3573 domus
1074 3503 1329 3593 praebendarii,
1357 3508 1525 3574 alunnum
1551 3503 1688 3574 laneum
1715 3501 1793 3592 agri
1819 3522 1897 3573 cum
1925 3506 2036 3590 prato

454 3625 516 3690 ‘et
542 3621 655 3712 tribus
683 3622 842 3711 piscinis:
878 3628 923 3694 11
950 3623 1108 3696 domiuus
1144 3625 1268 3695 haeres
1304 3625 1347 3696 de
1381 3624 1651 3715 Myslowice
1685 3622 1783 3694 dedit
1817 3627 1853 3694 et
1887 3621 2037 3694 donavit

480 3741 640 3813 similiter
675 3765 780 3814 unum
815 3745 952 3816 laneum
988 3766 1049 3816 seu
1075 3766 1233 3816 mansum
1260 3746 1354 3835 agri,
1390 3751 1426 3816 et
1452 3750 1525 3817 tres
1560 3745 1719 3835 piscinas.
1764 3745 1912 3834 Insuper
1936 3743 2034 3814 idem

377 3849 381 3858 ’
481 3863 639 3936 dominus
666 3865 958 3958 Mislousky,
992 3865 1103 3938 eidem
1131 3866 1383 3955 praebendario
1418 3888 1482 3956 pro
1509 3872 1665 3956 tempore
1700 3866 1883 3954 existenti,
1917 3865 2035 3936 locum

478 3985 682 4056 aedificandi
709 3987 941 4058 molendinum
968 4009 1032 4077 pro
1060 4009 1123 4060 sua
1149 3987 1322 4076 utilitate,
1348 3988 1385 4058 in
1411 3988 1546 4077 piscina
1571 4008 1698 4077 magna
1722 3987 1760 4056 in
1786 3986 1870 4056 villa
1895 3985 2034 4058 Rosa·

480 4105 625 4195 dzyen
653 4107 729 4177 sita.
757 4107 823 4195 Qui
851 4107 988 4197 quidem
1015 4107 1286 4198 praebendarius
1313 4113 1452 4180 tenetur
1475 4109 1620 4199 singulis
1648 4107 1851 4198 septimanis
1868 4107 1905 4178 in
1923 4107 2033 4178 eccle-

479 4227 532 4297 sia
557 4225 715 4317 praelata
737 4228 777 4298 in
805 4228 1092 4301 Mislowicze
1121 4229 1207 4300 duas
1234 4231 1358 4302 missas
1377 4285 1490 4300 .....
1535 4229 1684 4320 Insuper
1709 4233 1849 4300 tenetur
1876 4229 2034 4318 quolibet

478 4347 567 4419 fe'sto
595 4349 740 4439 celebri,
778 4370 855 4422 esse
882 4351 916 4420 in
945 4350 1089 4422 ecclesia
1116 4356 1152 4422 et
1179 4353 1348 4423 interesse
1374 4351 1684 4442 turificationibus,
1720 4371 1761 4454 ac
1787 4371 1864 4420 cum
1892 4349 2031 4421 domino

479 4470 627 4559 plebano
655 4475 795 4541 cantare
822 4471 1047 4560 psalmodiam
1074 4473 1110 4556 iu
1137 4470 1292 4564 vesperis
1320 4478 1356 4544 11
1381 4473 1579 4561 matutinis,
1608 4473 1673 4544 sub
1688 4471 1906 4562 ‚privatione
1931 4469 2032 4559 panis

479 4597 516 4662 11
543 4591 614 4662 1111
642 4592 686 4664 ab
713 4592 859 4664 ecclesia
885 4592 1070 4682 praedicta.
1098 4593 1205 4667 Cuius
1232 4595 1453 4686 praebendae
1479 4595 1664 4666 collatores
1691 4599 1728 4664 et
1745 4592 1895 4683 patroni,
1922 4590 2030 4662 domi-

480 4733 544 4783 nus
571 4714 739 4804 plebanus
766 4735 830 4806 pro
857 4719 1014 4808 tempore
1041 4717 1214 4809 existens,
1241 4722 1277 4789 et
1303 4717 1463 4790 dominus
1490 4715 1763 4814 Mislowslry
1799 4719 1882 4788 suat
1907 4718 1944 4784 et
1968 4710 2027 4782 de-

479 4833 563 4907 bent
590 4855 675 4908 1111.

751 5203 994 5292 Decanatua
1026 5211 1080 5293 da
1111 5213 1297 5296 lrzandz
1331 5234 1441 5295 nune
1469 5209 1523 5290 da
1558 5207 1740 5289 talaria.

1177 5450 1352 5528 11111111.
1382 5473 1387 5485 ’

582 5559 676 5632 Villa
701 5565 832 5638 habens
859 5571 1039 5644 ecclesiam
1067 5578 1301 5665 parochialem
1327 5575 1364 5644 in
1392 5591 1430 5642 11
1456 5572 1637 5659 muratam,
1664 5568 1770 5665 Sanct
1793 5623 1908 5638 .....
1934 5569 2022 5640 dica-
2148 5584 2149 5597 ¹

478 5683 567 5770 tam,
593 5701 656 5784 per
694 5681 1185 5782 Szwanthopeleonem
1220 5699 1264 5778 de
1291 5696 1393 5777 d0m0
1430 5688 1670 5793 Vulpium,
1706 5691 1804 5775 111113
1830 5691 2020 5790 1101111111
