4550 6600
1707 756 1783 835 tat

231 979 336 1053 agros
362 962 459 1033 iuxta
485 960 665 1033 ecelesiam
691 960 728 1031 16
754 963 890 1051 monte,
924 958 1033 1033 habet
1059 964 1096 1033 et
1121 964 1224 1051 prata
1249 982 1314 1054 pro
1341 982 1404 1037 suo
1431 962 1575 1055 praedio
1602 970 1784 1040 6166666-

230 1092 342 1163 sitate.
368 1073 542 1162 Plehauus
569 1094 686 1162 autem
712 1090 787 1163 eius
814 1090 979 1161 ecclesiae
1001 1090 1188 1163 modernus
1206 1091 1261 1157 est
1279 1083 1471 1177 Gregorius
1497 1084 1541 1157 de
1568 1086 1782 1182 Oszwyan-

231 1212 364 1283 66166
380 1210 475 1283 ¹llilla
502 1216 617 1281 autem
645 1210 804 1303 praelata
830 1216 907 1283 erat
933 1212 1106 1303 quondam
1133 1211 1177 1284 de
1203 1207 1418 1303 proprietate
1444 1208 1666 1299 episcopatus
1697 1208 1783 1283 Ora·

229 1332 410 1420 coviensis;
437 1332 628 1404 cambicrat
654 1333 746 1403 enim
772 1352 849 1404 eam
868 1331 1107 1407 Gracovieusis
1126 1333 1308 1423 episcopus
1334 1329 1396 1401 lvo
1423 1333 1460 1401 61
1485 1327 1632 1400 alteram
1663 1330 1782 1402 villam

228 1453 252 1527 J
261 1435 477 1525 akszicz'e
502 1472 611 1544 prope
638 1452 815 1525 Vislcm
842 1454 955 1544 sitam,
982 1455 1027 1527 ab
1054 1454 1192 1544 abbate,
1218 1473 1289 1524 una
1315 1472 1393 1523 cum
1420 1449 1563 1527 decimis
1590 1450 1783 1542 manipula·

228 1575 326 1647 ribus
353 1574 390 1644 in
417 1577 564 1665 utraque
599 1574 683 1647 villa
719 1575 1006 1666 consistentibus,
1043 1579 1079 1645 61
1104 1573 1317 1647 6666616616
1353 1570 1701 1664 Syeczyechoviensi,
1728 1574 1784 1645 cni

228 1714 292 1788 per
317 1694 341 1767 J
351 1715 479 1771 axam
514 1696 716 1767 monasterii
743 1695 1022 1787 Myechoviensis
1052 1694 1271 1768 fundatorem
1298 1693 1342 1766 dc
1369 1692 1476 1764 armis
1512 1689 1621 1763 Grii
1625 1690 1642 1763 1
1648 1712 1782 1764 onum

229 1816 379 1889 donatae
406 1822 519 1907 erant,
546 1816 661 1889 dando
688 1816 800 1889 eidem
826 1818 1038 1889 monasterio
1056 1815 1385 1908 Syeczyechoviensi
1411 1813 1498 1885 duas
1516 1813 1617 1885 611166
1642 1832 1783 1885 mensae

229 1938 447 2029 episcopalis,
474 1958 551 2011 cum
570 1956 690 2010 earnm
709 1936 861 2029 decimis,
878 1939 915 2009 iu
933 1938 1026 2011 611116
1049 1936 1204 2011 (larua
1229 1942 1266 2009 et
1290 1935 1647 2009 Schawlowicze
1672 1954 1783 2027 prope

229 2052 567 2152 sye'ezyeohow
594 2062 840 2133 monasterium
867 2060 955 2131 sitis.
990 2058 1127 2151 Expost
1153 2078 1238 2131 6666
1264 2076 1444 2130 666666666
1470 2076 1552 2128 suus
1578 2054 1783 2127 Prandotha
1900 2107 1904 2115 .

229 2180 470 2254 cracoviensis
497 2182 697 2273 episcopor,
733 2181 897 2254 cambivit
932 2180 1062 2253 dictam
1096 2179 1216 2253 villam
1250 2177 1500 2268 Lendzini,
1536 2175 1650 2251 dando
1685 2151 1782 2247 illam
1837 2222 1843 2231 ·

228 2303 441 2375 monasterio
468 2303 505 2373 in
532 2301 820 2395 Staniathlry
855 2324 932 2375 una·
953 2323 1031 2375 cum
1057 2301 1205 2392 decima,
1231 2307 1269 2373 et
1293 2297 1493 2390 recipiendo
1519 2318 1542 2369 a
1567 2297 1781 2369 monasterio
1884 2297 1900 2309 ”

229 2424 329 2496 villas
356 2416 646 2515 Lipowyecz',
673 2423 988 2513 1661661666,
1019 2423 1225 2514 Zagorze
1251 2421 1521 2493 61Β611666.

332 2545 498 2638 Buranun,
526 2544 698 2636 oppidum,
726 2546 823 2617 cuius
844 2546 1043 2637 proprietas
1069 2550 1106 2617 et
1133 2544 1322 2616 dominium
1348 2542 1502 2633 pertinet
1527 2540 1573 2611 ad
1599 2537 1782 2610 Nicolaum

229 2667 351 2741 ducem
379 2652 667 2739 Rotihoriensem.
693 2667 735 2738 In
754 2687 821 2757 quo
840 2672 895 2739 661
912 2666 1058 2739 ecclesia
1083 2666 1209 2756 lignea,
1223 2664 1354 2737 Sancto
1367 2662 1634 2734 Bartholomaeo
1653 2659 1778 2748 dicata,

228 2788 299 2860 lilia
325 2787 494 2861 ecclesiae
519 2786 675 2859 matricis
703 2788 746 2859 de
759 2786 1002 2860 'Lendzini
1029 2806 1132 2877 quam
1159 2786 1382 2857 administrat
1406 2783 1575 2874 plebanus
1602 2780 1646 2851 de
1671 2779 1782 2850 Len-

230 2908 368 2982 dzini.
394 2908 435 2981 In
463 2930 530 2999 quo
558 2913 640 2982 snut
666 2900 758 2981 lanei
785 2907 1055 3000 oppidanorum,
1075 2906 1135 2979 ‘de
1162 2906 1288 2997 quibus
1314 2925 1385 2976 nou
1416 2903 1564 2976 solvitur
1589 2906 1626 2972 et
1652 2897 1782 2971 condu-

230 3032 318 3103 61166
344 3028 481 3105 decima
497 3028 726 3121 manipularis
750 3034 786 3103 et
803 3024 989 3119 canapalis,
1016 3027 1078 3101 sed
1096 3028 1173 3100 loco
1191 3026 1301 3118 ipsius
1318 3023 1583 3097 frumentarium
1608 3020 1782 3124 tributum

229 3151 313 3223 61166
339 3170 424 3246 agap
451 3150 555 3223 datur
580 3150 728 3242 plebano
754 3150 791 3221 16
818 3150 1016 3242 Β66666,
1044 3149 1129 3222 alias
1155 3149 1193 3220 iu
1215 3144 1491 3239 Lyeudzini3
1518 3142 1664 3214 ecclesia
1688 3139 1783 3211 enim

229 3273 264 3344 16
289 3272 479 3364 Β66666
514 3273 652 3346 6661166
678 3276 732 3345 661
758 3276 892 3363 666616,
919 3276 956 3343 61
981 3274 1036 3344 661
1061 3270 1135 3343 iilia
1160 3262 1326 3342 ecclesiae
1360 3266 1398 3340 in
1428 3262 1710 3357 Lyendzini,
1745 3261 1783 3334 et

229 3395 398 3485 plebanus
435 3394 478 3466 de
513 3393 742 3482 Lendzini
777 3394 897 3466 ambas
937 3392 1101 3464 ecclesias
1136 3390 1377 3477 administrum
1417 3386 1564 3480 quilibet
1590 3382 1782 3474 oppidanus
1873 3425 1882 3434 κ

231 3515 272 3588 16
298 3535 363 3587 666
389 3515 487 3606 pecie
514 3535 677 3606 agrorum
702 3519 775 3586 tres
802 3515 927 3586 choros
955 3513 1103 3604 siliginis
1129 3515 1167 3584 et
1193 3501 1254 3584 sex
1280 3529 1412 3583 666666
1430 3559 1545 3579 .....
1900 3544 1905 3551 -

332 3637 566 3726 Βο666666,
602 3635 686 3708 villa
720 3636 784 3708 sub
810 3635 979 3727 parochia
1013 3634 1056 3708 de
1082 3633 1114 3706 L
1121 3622 1366 3725 66616666
1403 3630 1491 3718 sita,
1528 3625 1627 3698 euius
1658 3624 1783 3696 haeres

232 3759 273 3830 N.
298 3757 529 3832 Piroszch
555 3757 902 3849 Boyschowshy
937 3755 980 3827 de
1007 3754 1112 3826 armis
1132 3805 1274 3824 ......
1300 3752 1342 3822 16
1369 3770 1439 3841 qua
1465 3752 1547 3820 6661
1571 3745 1665 3816 16661
1692 3763 1783 3816 cme·

231 3880 398 3970 thomice,
425 3881 510 3952 item
536 3884 591 3953 est
617 3879 667 3951 ihi
693 3897 763 3951 666
787 3879 937 3950 taberna
961 3877 1094 3948 habens
1121 3893 1236 3965 agros,
1261 3873 1346 3944 item
1371 3866 1606 3955 hortulaniac,
1634 3864 1678 3935 de
1704 3863 1782 3954 qui·

232 4002 294 4074 bus
321 4000 482 4074 omnibus
508 4001 656 4074 ’66161166
683 3999 817 4072 decima
842 3997 1069 4090 manipularis
1097 3977 1335 4085 6166666616
1366 3989 1533 4063 ecclesiae
1551 4040 1559 4056 .
1577 4039 1586 4056 .
1606 4040 1613 4055 .
1692 3983 1782 4056 Item

235 4123 380 4216 quilibet
407 4123 542 4196 emetho
561 4122 722 4195 1616666
749 4126 890 4194 tenetur
917 4118 1053 4193 6616666
1079 4137 1160 4214 apep
1187 4113 1353 4188 ecclesiae
1378 4106 1693 4197 1616616166,
1719 4124 1783 4196 per

233 4249 302 4318 tres
329 4246 456 4318 choros
483 4243 631 4336 siliginis
658 4249 695 4316 61
720 4263 782 4316 sex
810 4261 949 4332 666666,
976 4242 1059 4312 item
1085 4237 1268 4331 praedium
1293 4240 1348 4308 est
1373 4233 1433 4305 ihi.

334 4365 635 4455 Uauauowuezn,
661 4363 745 4436 villa
771 4365 835 4438 sub
862 4361 1029 4455 parochia
1054 4361 1098 4434 16
1124 4357 1405 4452 1166616666
1431 4352 1510 4443 6116,
1535 4349 1635 4421 66166
1659 4347 1784 4419 haeres
1886 4331 1890 4336 ⁴
1951 4413 1955 4420 .

235 4488 411 4562 Johaunes
438 4486 759 4577 Urbanowsky
786 4484 829 4556 de
856 4483 962 4556 ermis
981 4535 1124 4554 ......
1149 4480 1192 4552 Iu
1218 4499 1288 4571 qua
1313 4480 1395 4550 sunt
1418 4473 1513 4545 lanei
1539 4466 1783 4555 cmcthonales,
1827 4489 1831 4497 ·

235 4611 315 4683 item
341 4610 509 4683 tabernae
536 4585 605 4680 nou
632 4613 714 4683 suut
740 4612 776 4679 et
802 4605 1030 4695 hortulaniae,
1058 4602 1101 4676 de
1129 4601 1255 4693 quibus
1280 4597 1440 4672 omnibns
1466 4593 1615 4666 66161166
1640 4593 1678 4659 61
1703 4606 1784 4662 con-

236 4732 375 4805 ducitur
407 4730 542 4804 decima
566 4728 793 4820 manipudaris
819 4732 856 4800 et
882 4724 1058 4817 campalis
1089 4743 1155 4815 pro
1174 4775 1314 4794 ......
1341 4717 1403 4790 661
1428 4714 1600 4787 humente
1627 4708 1784 4781 solvitur.

236 4851 316 4924 item
342 4853 532 4944 praedium,
559 4851 644 4922 item
671 4849 870 4922 cmethones
897 4846 1038 4920 solvunt
1062 4867 1144 4941 cpep
1170 4842 1337 4916 ecclesiae
1354 4843 1391 4910 et
1406 4837 1554 4928 plebano
1581 4832 1618 4902 in
1643 4829 1784 4921 Lyenu

238 4973 378 5065 16161,
405 4973 552 5066 quilibet
578 4971 621 5044 de
647 4971 748 5044 laneo
774 4975 847 5042 tres
874 4969 998 5042 choros
1019 4965 1173 5057 siliginis
1199 4969 1236 5037 61
1262 4982 1324 5036 sex
1350 4977 1490 5034 666666.

338 5094 596 5185 1666666666,
623 5093 708 5166 villa
734 5093 798 5165 sub
816 5089 984 5183 parochia
1009 5089 1053 5161 de
1079 5084 1331 5176 Laudzyny
1357 5081 1434 5171 sita,
1461 5076 1559 5150 cuius
1585 5071 1784 5167 proprietas

239 5218 282 5290 ad
306 5217 505 5310 episcopum
531 5214 797 5289 Oracoviensem
822 5212 984 5304 pertinet.
1020 5209 1061 5294 In
1089 5227 1158 5300 qua
1183 5211 1266 5279 sunt
1292 5203 1444 5296 quiuqu'e
1469 5197 1562 5271 lanei
1588 5194 1813 5310 cmethona·³

239 5339 297 5430 les,
322 5345 359 5414 61
376 5359 446 5414 una
463 5338 610 5411 taberna
628 5337 760 5410 161666
779 5354 892 5426 agros,
919 5333 1003 5404 item
1021 5335 1075 5404 661
1093 5329 1143 5402 111
1168 5326 1329 5400 scoltetia
1355 5324 1488 5396 hahens
1506 5320 1640 5410 aliquot
1663 5317 1784 5388 166666

237 5457 281 5554 Ι16
306 5461 430 5553 quibus
458 5459 617 5533 omuibus
643 5457 792 5532 solvitur
817 5461 855 5528 et
873 5453 1077 5528 conducitur
1101 5449 1273 5522 medietas
1299 5446 1452 5520 decimae
1478 5437 1704 5531 manipularis
1721 5455 1787 5528 pro

242 5563 442 5654 scholastria
459 5578 690 5670 Gracoviensi,
717 5577 869 5651 6166166
887 5576 961 5648 6166
980 5573 1186 5646 aestimetur
1210 5569 1256 5642 61
1273 5572 1423 5662 quatuor
1444 5582 1588 5652 marcas,
1614 5560 1658 5631 de
1676 5557 1789 5629 altera
1917 5598 1924 5612 ,

215 5811 219 5816 Ι
244 5708 356 5777 66166
381 5702 585 5798 6661161616,
621 5719 710 5800 quae
737 5699 782 5775 ad
807 5695 1059 5806 1166666666
1097 5691 1342 5793 Pogoreky
1366 5687 1542 5814 pertinet,
1576 5680 1725 5761 solvitur
1750 5683 1788 5756 ct
