4550 6600
499 757 575 839 404'
592 793 596 799 ·

499 994 642 1045 marcas.
687 971 776 1043 Item
804 974 857 1043 cst
883 968 933 1042 ibi
959 969 1140 1059 praedium
1166 969 1333 1058 militare,
1369 967 1413 1039 de
1440 988 1507 1058 quo
1534 967 1727 1039 decimatur
1752 987 1816 1057 pro
1844 966 1992 1037 ecclesia
2018 966 2059 1035 iu

417 1080 448 1147 s
498 1093 718 1184 Gzyrnin,
746 1099 783 1164 et
809 1083 907 1163 valor
934 1092 1008 1163 eius
1036 1092 1245 1163 aestimatur
1271 1089 1316 1161 ad
1343 1110 1447 1160 unam
1474 1108 1637 1161 marcam.
1718 1144 1723 1163 .

587 1215 821 1303 Lussnrrow,
849 1214 932 1286 villa
959 1214 1022 1285 sub
1050 1213 1216 1310 parochia¹
1242 1212 1286 1283 de
1312 1210 1517 1301 Gzyrnin
1544 1212 1622 1300 sita,
1649 1212 1747 1282 cuius
1774 1211 1899 1281 haeres
1926 1208 1961 1279 N
1992 1263 2059 1279 ...

495 1331 847 1438 Lyssalro'wsky.
879 1336 933 1407 ’11
961 1354 1029 1425 qua
1056 1341 1138 1406 sunt
1164 1325 1257 1405 lanei
1283 1334 1529 1425 cmethonales‚
1557 1334 1641 1404 item
1668 1333 1830 1423 taberna,
1857 1332 2059 1403 111111111-

475 1458 668 1547 inluniae,
702 1457 745 1529 de
773 1458 899 1548 quibus
927 1456 1085 1528 omnibus
1112 1456 1260 1528 solvitur
1286 1462 1323 1527 et
1349 1455 1555 1527 conducitur
1590 1455 1725 1525 decima
1760 1454 1989 1545 manipularis
2020 1458 2061 1521 et
2140 1483 2141 1486 ¹

497 1579 672 1669 canapalis
699 1599 762 1669 pro
782 1633 790 1649 .
809 1632 816 1647 .
836 1632 843 1648 .
924 1577 1018 1650 Item
1040 1582 1094 1649 est
1119 1578 1169 1649 ibi
1196 1577 1377 1668 praedium
1403 1577 1574 1667 militare,
1601 1576 1646 1647 de
1674 1597 1741 1666 quo
1756 1576 1963 1648 decimatur
1987 1595 2060 1663 pro

498 1700 644 1773 ecclesia
669 1701 707 1771 11
734 1698 947 1791 Ozyrnin.
1773 1694 1777 1707 '

575 1819 753 1919 1(11111,
782 1822 865 1915 villa
891 1822 955 1893 sub
982 1821 1149 1912 parochia
1176 1820 1219 1892 dc
1246 1820 1449 1912 Ozyrniu
1475 1822 1562 1911 sita,
1598 1821 1695 1892 cuius
1723 1820 1846 1891 haeres
1872 1819 2060 1892 Johannes

497 1944 530 2014 R
539 1944 661 2033 ythw
670 1945 847 2033 yensky
882 1943 1055 2034 palatinus
1084 1942 1325 2042 Gracoviensis
1351 1943 1395 2015 de
1422 1945 1529 2014 armis
1565 1943 1871 2033 accipitrum.
1916 1942 1958 2012 In
1985 1961 2062 2031 qua

498 2070 580 2135 sunt
605 2065 698 2135 lanei
725 2065 967 2155 cmethonales,
997 2066 1081 2137 item
1107 2066 1264 2155 taberna
1291 2066 1376 2136 item
1404 2065 1641 2155 hortulaniac,
1669 2065 1714 2135 de
1741 2064 1867 2154 quibus
1894 2064 2060 2134 omnibus

499 2186 645 2258 solvitur
672 2190 708 2257 et
735 2186 940 2259 conducitur
966 2187 1100 2258 decima
1126 2187 1353 2277 manipularis
1381 2192 1417 2267 et
1443 2186 1617 2277 canapalis
1644 2206 1709 2276 pro
1728 2240 1842 2255 .....
1881 2186 1972 2255 Item
2000 2190 2059 2255 est

499 2306 548 2378 ibi
575 2308 755 2397 praedium
781 2309 941 2399 militare,
971 2309 1014 2379 de
1043 2329 1110 2398 quo
1139 2308 1330 2380 decimatur
1357 2330 1421 2399 pro
1448 2309 1595 2379 ecclesia
1620 2309 1657 2378 in
1684 2306 1897 2398 Ozyrnin.

467 2520 472 2527 ¹
604 2427 940 2523 Brsrnnnrowrozn
968 2430 1052 2501 villa
1078 2432 1143 2501 sub
1169 2431 1336 2520 parochia
1362 2431 1405 2501 de
1433 2429 1636 2522 Ozyrnin
1663 2431 1741 2519 sita,
1769 2431 1867 2499 cuius
1894 2429 2057 2519 proprie-

499 2556 555 2621 tas
582 2551 626 2621 ad
653 2552 901 2625 monasterium
938 2550 981 2622 de
1008 2552 1262 2625 Baschowa
1297 2553 1465 2643 pertinet:
1502 2552 1543 2622 In
1571 2572 1639 2641 qua
1674 2558 1757 2623 sunt
1783 2552 1935 2641 quinque
1963 2550 2057 2619 lanei

439 2740 445 2745 .
500 2672 741 2763 cmethonalca
770 2695 813 2745 cx
833 2674 958 2763 quibua
977 2674 1155 2764 perceptio
1182 2675 1337 2745 decimae
1356 2673 1620 2763 diversificatum
1647 2676 1727 2744 nam
1746 2680 1827 2763 post
1843 2679 1918 2743 tres
1936 2673 2058 2742 laneos

499 2790 647 2865 solvitur
682 2794 850 2865 ecclesiae
886 2796 940 2865 11·
961 2793 1265 2886 Przeczslarv,
1305 2800 1387 2884 post
1421 2795 1508 2866 duos
1543 2816 1626 2868 voro
1662 2794 1782 2865 laneos
1818 2794 1988 2887 ecclesiae
2020 2793 2056 2862 in

500 2912 712 3005 Czyrnin.
1213 2936 1217 2942 ’

603 3036 834 3126 Wrnrrowrn,
861 3036 944 3109 villa
971 3038 1034 3111 sub
1062 3038 1230 3128 parochia
1255 3036 1299 3109 de
1317 3092 1428 3108 .....
1454 3039 1532 3128 sita,
1559 3038 1656 3109 cuius
1674 3038 1841 3109 haeredes
1867 3036 2054 3109 Florianus

500 3163 537 3228 et
562 3156 689 3228 Petrus
717 3158 759 3253 de
778 3157 1027 3231 Paczanow
1053 3158 1096 3229 de
1116 3156 1315 3230 Gelitha.
1342 3159 1382 3229 ln
1402 3180 1471 3250 qua
1488 3166 1570 3231 sunt
1587 3159 1680 3230 lanei
1698 3158 1943 3247 cmethonales
1971 3158 2053 3227 item

500 3280 659 3370 taberna,
686 3280 769 3352 item
793 3279 1025 3370 lrortulaniae,
1053 3279 1095 3351 do
1123 3281 1249 3372 quibus
1276 3282 1435 3352 omnibus
1455 3281 1602 3354 solvitur
1628 3288 1665 3352 et
1686 3282 1892 3354 conducitur
1921 3280 2056 3352 decima

478 3387 726 3491 manipularis
752 3406 790 3474 et
816 3403 991 3493 canapalis
1019 3423 1082 3492 pro
1102 3457 1109 3472 .
1129 3458 1135 3473 .
1155 3457 1164 3473 .
1244 3405 1332 3476 Item
1359 3409 1414 3476 est
1439 3405 1488 3477 ibi
1514 3405 1693 3494 praedium
1721 3405 1887 3493 militare,
1915 3405 1960 3473 de
1987 3424 2054 3494 quo

333 3609 335 3616 Ι
502 3520 693 3594 decimatur
719 3523 884 3614 ecclesiae
912 3525 947 3595 in
975 3523 1192 3615 Gzyrnin,
1232 3531 1269 3597 et
1295 3499 1629 3597 valor'ae'stimatur
1664 3526 1709 3598 ad
1735 3531 1886 3616 quatuor
1912 3545 2054 3595 marcas.

408 3697 413 3710 .
528 3705 532 3710 .
608 3643 2053 3738 Villaeparochialesftizyrnin,Zyapnyow,Zyapnyowek‚Wolya

502 3763 851 3858 Lisaakowslra,
879 3768 1138 3860 Lissakow,
1167 3766 2053 3859 (111111,Β1111111111111,01111111,

501 3884 1372 3992 01111111111111111,Μ111111,Βτ11.
1501 3944 1509 3954 ,

1177 4193 1180 4196 .
1212 4133 1354 4206 Znnno.

605 4252 779 4345 Oppidum
805 4253 904 4326 irrxta
929 4253 1072 4328 fluvium
1097 4253 1344 4346 Dunapecz
1370 4255 1485 4328 situm.
1528 4255 1570 4326 In
1598 4245 1666 4347 quo
1692 4260 1748 4327 est
1773 4255 1923 4326 ecclesia
1956 4277 2052 4346 paro·

501 4375 623 4448 chialis
642 4376 767 4467 lignea,
786 4375 913 4448 Sancto
932 4375 1078 4468 Spiritui
1097 4377 1224 4469 dicata,
1238 4377 1340 4449 'cuius
1358 4377 1526 4451 haeredes
1544 4382 1581 4449 ct
1598 4378 1738 4468 patroni
1756 4378 1893 4450 ratione
1910 4399 2052 4449 uxorum

499 4496 679 4569 Johannes
706 4497 1048 4590 Rzeschowsky
1076 4499 1118 4572 de
1142 4500 1243 4573 domo
1271 4499 1541 4571 Polukosza
1567 4505 1603 4571 et
1620 4499 1750 4572 Paulus
1777 4498 2052 4590 Olschthyn·

500 4620 580 4709 sky
607 4619 650 4690 de
678 4620 779 4698 domo
807 4618 1129 4694 Odrowansch.
1174 4621 1215 4692 11
1243 4643 1310 4712 quo
1338 4627 1420 4692 sunt
1447 4621 1627 4693 duodecim
1664 4622 1756 4692 lanei
1792 4621 2049 4712 oppidanorum,

499 4740 694 4831 dequibus
723 4741 933 4824 solvituret
960 4743 1165 4816 conducitur
1191 4743 1326 4814 decima
1351 4743 1578 4834 manipularis
1605 4750 1641 4815 et
1668 4744 1844 4833 canapalis
1872 4765 1939 4833 pro
1958 4744 2051 4813 deca·

498 4868 584 4934 natu
611 4860 852 4955 cracoviensi,
889 4871 926 4936 11
953 4865 1051 4936 valor
1085 4865 1161 4968 eiua
1195 4866 1402 4967 aestimatur
1429 4865 1474 4937 ad
1500 4864 1668 4937 tredecim
1694 4883 1841 4937 marcas.
1886 4867 1978 4936 ltem
2003 4869 2051 4935 est

499 4984 547 5054 ibi
575 4979 755 5074 praedium
782 5005 890 5058 unum
917 4985 1076 5076 militare,
1104 4987 1189 5059 item
1215 4985 1463 5078 1111111111·
1502 4988 1562 5077 qui
1588 4993 1666 5074 erat
1692 4987 1863 5078 advocati,
1890 4993 2050 5077 atquem

498 5103 668 5176 haeredes
697 5107 753 5176 cui
779 5107 902 5179 volunt
930 5107 1126 5180 conducunt
1152 5107 1198 5178 ad
1225 5108 1417 5197 colendnm;
1443 5109 1527 5179 item
1541 5108 1728 5180 ¹hortulani
1754 5108 1925 5179 habentes
1943 5128 2050 5196 agros,

498 5226 541 5297 dc
569 5225 694 5318 quibus
723 5228 883 5304 omnibus
920 5229 1067 5301 solvitur
1093 5235 1129 5300 et
1156 5229 1361 5301 conducitur
1398 5229 1539 5300 decima·
1554 5230 1786 5325 *manipularis
1813 5223 1852 5300 et
1878 5229 2051 5319 canapalis

441 5397 444 5402 ·
497 5367 562 5438 pro
589 5348 735 5422 ecclesia
771 5349 808 5420 i'u
834 5349 1004 5441 Zabno,
1040 5357 1076 5422 et
1111 5350 1211 5423 valor
1245 5351 1320 5422 eius
1356 5351 1574 5424 aestimatur·
1597 5351 1642 5422 ad
1669 5358 1751 5424 tres·
1779 5371 1926 5422 marcas.
1971 5351 2051 5420 lton

497 5469 644 5550 ecclesia
671 5470 831 5562 praefata
857 5471 964 5545 habet
1000 5493 1064 5563 pro
1100 5472 1245 5563 praedio
1280 5493 1387 5544 unum
1422 5473 1578 5563 laneum,
1614 5477 1815 5562 protensum
1842 5475 1887 5544 ab
1915 5471 2052 5543 ecclesia

496 5589 644 5662 Sanctae
665 5591 797 5683 Crucis,
825 5613 934 5683 usque
953 5594 998 5666 ad
1016 5593 1134 5667 villam
1161 5593 1405 5672 Scheradz.
1432 5595 1520 5666 Item
1547 5595 1655 5666 habet
1672 5591 1809 5685 pratum
1827 5594 1941 5666 eidam
1957 5594 2050 5664 laneo
2112 5677 2115 5681 ¹

496 5713 710 5802 contiguum.
754 5715 852 5786 ltenr.
870 5713 977 5788 habet
1005 5717 1040 5787 in
1068 5716 1196 5808 oppido
1230 5738 1334 5788 unam
1359 5717 1614 5806 hortulauiam,
1650 5736 1739 5806 quae
1776 5712 2050 5799 hebdomadatim
