4550 6600
486 733 534 803 28

484 943 632 1015 sedecim
669 941 758 1013 eitra
792 937 848 1011 vel
883 937 978 1010 ultra
1012 957 1165 1028 666666,
1191 933 1276 1010 iteni
1302 937 1511 1010 columbatio
1538 941 1737 1029 portatam
1762 939 1962 1030 parochiam
1987 940 2035 1012 ad

484 1086 544 1136 sex
572 1083 715 1135 marcas.

586 1183 795 1256 Suburbium
831 1187 931 1254 extra
965 1181 1101 1253 661666
1136 1180 1170 1252 S.
1197 1180 1333 1252 Nicolai
1358 1186 1396 1252 61
1421 1202 1539 1254 muros
1566 1179 1812 1253 Graeovienses
1838 1182 1960 1273 situm,
1986 1184 2033 1256 ad

482 1305 683 1397 parochiam
706 1304 743 1375 S.
770 1303 905 1376 Nicolai
931 1303 1118 1393 pertinens,
1145 1301 1189 1374 (16
1216 1323 1283 1395 quo
1311 1303 1403 1374 cedit
1421 1302 1629 1374 columbatio
1647 1302 1813 1374 ecclesiae
1830 1307 1868 1374 61
1884 1303 2032 1394 plebano

484 1427 527 1499 de
554 1427 587 1498 S.
615 1426 777 1516 Nicolao,
813 1429 849 1496 et
886 1411 1031 1516 quilibet
1065 1423 1193 1513 hospes
1220 1423 1281 1494 dat
1305 1443 1484 1514 grossam,
1510 1424 1700 1515 inquilinus
1725 1423 1931 1496 mediantem
1958 1426 2030 1516 ple-

481 1549 581 1638 bano,
608 1554 644 1619 et
671 1568 759 1639 quae
786 1546 994 1620 columbatio
1021 1545 1129 1617 totius
1156 1545 1342 1635 parochiae
1368 1544 1526 1616 extendit
1552 1565 1590 1617 se
1617 1545 1662 1616 ad
1688 1566 1749 1616 sex
1775 1564 1918 1616 marcas.

586 1652 800 1759 Puaunuur,
827 1669 911 1740 villa
938 1667 1001 1738 sub
1029 1667 1196 1756 parochia
1221 1665 1386 1737 eeclesiae
1412 1665 1456 1738 de
1482 1665 1515 1737 S.
1541 1665 1686 1739 Nicolao
1713 1667 1801 1757 sita,
1828 1667 1926 1739 cuius
1950 1689 2030 1758 pro-

392 1799 396 1807 '
482 1795 615 1884 prietas
650 1793 695 1863 ad
722 1791 883 1862 abbatem
919 1795 955 1860 et
989 1788 1240 1859 monasterium
1266 1787 1310 1858 de
1336 1787 1569 1878 Thyniecz
1595 1787 1766 1878 pertinet,
1793 1788 1828 1858 in
1856 1808 1925 1878 qna
1951 1794 2033 1859 sunt

483 1915 632 1987 sedecim
658 1913 751 1984 lanei
778 1911 1018 2000 cmethonales‚
1046 1910 1129 1980 item
1156 1913 1211 1979 661
1236 1908 1286 1980 ibi
1312 1907 1480 1997 scoltetia,
1506 1907 1638 1979 habens
1665 1912 1816 1998 quatuor
1841 1909 2032 1998 16666616

482 2034 607 2125 quibus
635 2033 793 2104 omnibus
821 2031 967 2104 solvitur
994 2035 1030 2100 61
1057 2028 1260 2101 conducitur
1285 2028 1418 2099 decima
1452 2028 1677 2120 manipularis
1703 2034 1740 2100 et
1765 2030 1941 2121 canapulis
1966 2051 2031 2120 pro

482 2155 628 2226 ecelesia
654 2152 686 2224 S.
714 2151 859 2241 Nicolai,
886 2155 922 2222 et
948 2150 1046 2222 valor
1073 2151 1147 2221 6166
1174 2151 1379 2222 aestimatur
1395 2150 1439 2220 ad
1458 2150 1583 2240 viginti
1601 2150 1752 2241 quinque
1770 2171 1923 2240 mareas3
1949 2152 2032 2223 item

482 2283 564 2348 sunt
591 2275 627 2345 in
654 2273 775 2346 eadem
803 2273 886 2344 villa
911 2271 981 2342 tria
1006 2271 1151 2363 praedia
1178 2271 1223 2342 ad
1241 2324 1392 2342 .....
1418 2272 1512 2342 61666
1539 2270 1785 2344 Graeovienses
1811 2273 2032 2364 pertinentia,

482 2399 591 2486 bona,
619 2397 662 2467 de
690 2395 814 2486 quibus
851 2394 997 2466 solvitur
1024 2393 1158 2464 decima
1182 2392 1408 2484 manipularis
1434 2397 1472 2464 et
1497 2392 1672 2482 canapalis
1698 2392 1811 2464 eidem
1836 2391 1870 2464 S.
1896 2393 2033 2464 Nicolai

484 2517 657 2606 ecelesiae,
686 2516 783 2588 ouius
810 2515 909 2586 valor
934 2513 979 2586 ad
1006 2513 1265 2606 quatuordeeim
1290 2535 1425 2585 marcas
1452 2514 1676 2602 aestimatum
1701 2513 1784 2584 item
1802 2513 1971 2605 plebanus
1988 2513 2032 2585 (16

483 2638 516 2710 S.
544 2639 687 2710 11166166
724 2637 830 2709 habet
863 2637 898 2707 16
936 2636 1056 2708 66166
1084 2636 1168 2706 61116
1195 2635 1281 2708 (1666
1308 2657 1385 2708 666
1411 2634 1525 2707 medio
1551 2634 1671 2706 laneos
1697 2655 1763 2725 pro
1789 2635 1932 2725 praedio
1959 2656 2032 2725 suo,

482 2767 519 2832 et
544 2765 646 2852 prata
672 2759 779 2831 habet
805 2763 841 2830 61
867 2758 1156 2830 columbationem
1183 2758 1219 2828 in
1246 2757 1366 2828 eadem
1392 2756 1485 2828 villa

584 2881 770 2953 Praedium
797 2879 1074 2952 Hannushorh
1102 2879 1187 2949 61616
1214 2877 1464 2966 cracoviensis,
1491 2879 1555 2950 sub
1583 2877 1749 2968 parochia
1775 2877 1819 2948 de
1836 2876 1869 2949 S.
1888 2876 2032 2950 Nicolao

481 3003 604 3092 situm,
631 3003 674 3072 de
703 3023 770 3092 quo
802 3000 977 3090 praelatus
1013 2997 1294 3069 Hanusborh
1321 2998 1406 3068 civis
1433 2998 1538 3069 661611
1562 3020 1626 3089 666
1655 2998 1788 3070 (166166
1813 2998 1961 3089 plebano
1989 2999 2033 3070 de

480 3121 685 3193 Ss‘Nicolao
712 3120 857 3210 singulis
885 3121 984 3190 66616
1012 3118 1097 3189 (1666
1124 3139 1267 3208 666666,
1293 3119 1427 3208 paratis
1453 3120 1617 3209 pecuniis,
1644 3119 1744 3191 iuxta
1760 3125 1876 3190 tamen
1893 3119 2033 3210 plebani

481 3241 631 3331 praelati
658 3241 701 3314 de
728 3239 760 3312 S.
787 3240 930 3313 11166166
958 3245 994 3313 61
1020 3239 1263 3312 nonnullorum
1282 3240 1517 3331 assertionem,
1535 3239 1668 3314 decima
1685 3240 1911 3331 manipularis
1929 3240 2033 3313 debe·

481 3369 538 3434 ret
565 3362 641 3434 dari
668 3363 825 3453 plebano,
851 3382 915 3452 666
943 3384 1011 3453 qua
1037 3361 1143 3434 etiam
1169 3362 1337 3453 plebanus
1364 3383 1440 3434 666
1467 3362 1625 3453 praefato
1649 3363 1725 3434 6166
1742 3362 1867 3453 litigat,
1884 3362 2035 3434 sedium

483 3483 630 3555 solvitur
656 3483 892 3574 manipularis.

588 3604 907 3695 anueouznowu,
935 3604 1017 3676 villa
1043 3605 1107 3677 sub
1133 3605 1299 3695 parochia
1325 3604 1369 3677 de
1395 3605 1427 3677 S.
1454 3604 1599 3677 Nicolao
1625 3604 1704 3694 sita,
1722 3604 1819 3677 caius
1837 3605 2033 3695 proprietas

483 3724 527 3798 ad
554 3727 771 3798 consulatum
799 3725 1061 3805 Cracoviensem
1088 3728 1259 3819 pertinet,
1287 3727 1330 3799 (16
1356 3748 1425 3820 qua
1450 3726 1596 3816 siugulis
1623 3726 1723 3797 66616
1750 3726 1898 3798 solvitur
1924 3726 2033 3797 66616-

482 3848 554 3919 siae
580 3854 617 3919 et
642 3848 789 3937 plebano
817 3848 849 3920 S.
876 3848 1012 3921 Nicolai
1039 3870 1102 3939 pro
1131 3848 1263 3922 decima
1289 3870 1359 3921 uua
1384 3869 1501 3921 marea
1527 3868 1603 3920 666
1630 3868 1691 3919 sex
1717 3847 1859 3938 gressis.

584 3968 767 4059 1166666,
793 3969 876 4040 61116
911 3971 975 4043 sub
1011 3971 1176 4060 parochia
1201 3970 1246 4042 de
1272 3970 1398 4043 Sancto
1426 3969 1571 4041 11166166
1598 3970 1685 4058 6116,
1712 3969 1809 4040 cuius
1835 3969 2033 4059 proprietas

482 4088 527 4159 ad
562 4089 778 4161 consulatum
814 4089 1076 4162 cracoviensem
1112 4092 1282 4180 pertinet,
1309 4092 1346 4161 in
1381 4112 1451 4180 qua
1480 4096 1563 4162 sunt
1588 4090 1682 4161 lanei
1708 4090 1961 4179 cmethonalcS,
1987 4090 2032 4162 de

483 4209 608 4300 quibus
644 4210 791 4281 solvitur
827 4210 960 4282 decima
995 4211 1221 4300 manipularis
1248 4216 1284 4282 61
1310 4212 1485 4301 canapalis
1511 4233 1575 4303 pro
1603 4212 1814 4283 6666616616
1840 4210 2032 4303 Megyla

481 4331 569 4433 Item
596 4330 765 4420 plebanus
792 4331 835 4402 de
862 4332 987 4404 Sancto
1016 4332 1732 4423 111661666666161111166166116116666.

586 4450 832 4524 anusczruu
867 4452 1016 4541 Maron,
1049 4454 1132 4525 villa
1167 4454 1231 4525 sub
1267 4454 1434 4544 parochia
1468 4455 1511 4525 de
1548 4452 1643 4545 Gay
1679 4455 1765 4545 sita,
1791 4455 1828 4526 in
1855 4476 1925 4546 qua
1950 4461 2034 4527 sunt

481 4574 573 4645 lanei
609 4572 859 4663 cmethonales‚
887 4574 930 4645 de
966 4576 1091 4691 quibus
1118 4577 1267 4648 solvitur
1293 4576 1425 4648 decima
1450 4575 1676 4666 manipularis
1703 4582 1740 4647 et
1766 4576 1941 4667 canapalis
1967 4597 2032 4667 pro

483 4694 633 4785 plebano
669 4694 702 4766 S.
730 4694 865 4767 Nicolai
893 4695 935 4768 de
963 4680 1198 4787 Orucovia,
1226 4698 1323 4770 caius
1349 4699 1449 4770 valor
1474 4698 1519 4769 ad
1546 4697 1632 4769 duas
1658 4718 1793 4769 mareas
1819 4698 2033 4770 aestimatur.

586 4816 831 4888 Buzrsezuun
858 4817 996 4908 Mmea,
1023 4819 1107 4891 villa
1133 4820 1198 4891 sub
1225 4820 1389 4909 parochia
1415 4819 1458 4890 de
1485 4818 1578 4911 Gay
1605 4820 1682 4908 sita,
1700 4820 1737 4890 16
1756 4840 1824 4909 qua
1842 4824 1924 4891 sunt
1940 4819 2034 4891 lanei

482 4938 726 5027 cmethonales‚
755 4937 798 5009 de
825 4939 950 5029 quibus
978 4940 1124 5012 solvitur
1151 4940 1283 5012 decima
1308 4942 1457 5032 plebano
1484 4940 1638 5033 Nicolao,
1667 4944 1702 5011 et
1719 4939 1818 5013 66166
1835 4940 1909 5012 eius
1927 4940 2034 5012 aesti-

481 5063 599 5129 matur
625 5058 669 5130 ad
697 5058 783 5131 duas
809 5080 954 5131 marcas.

585 5178 701 5251 Villae
727 5180 945 5269 parochiales
972 5180 1200 5275 Praudnylr,
1228 5184 1431 5255 suburbium
1463 5188 1564 5253 extra
1589 5183 1725 5255 valvam
1751 5183 1871 5257 Sancti
1897 5184 2034 5256 11166161

482 5304 518 5369 61
544 5320 661 5371 66666
688 5299 943 5393 Gracovienses,
970 5304 1150 5393 praedium
1177 5305 1468 5395 Hanusbork,
1496 5302 1885 5397 Grzegorzlrowa,
1911 5306 2033 5379 Dam-

482 5419 575 5509 bye,
603 5418 897 5514 Glambinow,
924 5424 1057 5516 Lang,
1084 5426 1317 5519 Rybytwy,
1343 5427 1624 5499 Rakowicze.
2132 5405 2137 5413 ⁴

585 5539 813 5615 Monuurczn
839 5544 979 5635 Muros,
1006 5546 1098 5636 villa,
1125 5548 1258 5621 habens
1284 5549 1319 5620 in
1346 5572 1384 5622 se
1407 5550 1585 5621 ecclesiam
1612 5549 1845 5639 parochialem
1871 5547 2034 5641 ligneam,

341 5698 347 5706 -
481 5660 606 5733 Sancto
633 5660 824 5739 Adulberto
851 5667 998 5764 martyri
1025 5668 1185 5762 dicatam,
1207 5670 1310 5747 euius
1337 5672 1534 5765 proprietas
1560 5671 1605 5747 ad
1630 5672 1764 5748 nobiles
1781 5671 1977 5750 Johannem
1996 5677 2034 5751 et
