4550 6600
1697 761 1769 833 165

324 974 443 1066 Kana,
469 974 554 1047 villa
580 973 644 1045 sub
671 970 837 1065 parocbia
863 970 906 1045 de
933 968 1307 1068 Npepolomycze
1334 952 1422 1057 sita,
1450 968 1546 1041 cuius
1573 966 1770 1059 proprietas

223 1098 268 1171 ad
295 1096 550 1171 serenissimum
578 1093 742 1168 Poloniae
770 1113 888 1183 regem
923 1091 1084 1183 pertinet.
1128 1089 1170 1159 In
1198 1109 1265 1178 qua
1291 1093 1372 1159 sunt
1404 1088 1496 1159 lanei
1522 1088 1769 1179 cmethonales‚

223 1219 266 1293 de
293 1219 418 1311 quibus
446 1218 593 1289 soluitur
619 1220 655 1287 et
681 1213 885 1287 conducitur
911 1213 1044 1285 decima
1069 1209 1295 1300 manipularis
1330 1230 1393 1299 pro
1420 1209 1619 1299 praebenda
1645 1209 1769 1282 Greco-

108 1350 110 1357 ’
222 1340 344 1430 vienni,
371 1359 460 1431 quae
487 1344 632 1409 vocatur
651 1389 766 1407 .....
785 1322 882 1409 cuius
908 1334 1007 1407 valor
1033 1332 1238 1405 aestimatur
1265 1330 1309 1403 ad
1337 1329 1487 1403 sedecim
1512 1350 1655 1403 marcas.
1682 1332 1770 1403 Item

222 1483 291 1535 non
319 1465 374 1533 est
400 1460 450 1531 ibi
475 1459 665 1551 praedium.
1437 1438 1442 1444 ’

324 1577 567 1667 Pornnauaa,
603 1576 687 1648 villa
713 1576 778 1647 sub
803 1573 970 1667 parochia
995 1572 1115 1645 eadem
1142 1573 1185 1643 de
1212 1571 1245 1643 N
1253 1592 1370 1663 yepo
1377 1572 1583 1662 lomycze
1609 1571 1685 1642 sita.
1729 1571 1770 1641 In

221 1721 288 1792 qua
314 1706 397 1773 sunt
422 1699 513 1793 lapei
540 1696 783 1787 cmethonales‚
811 1697 854 1767 de
882 1695 1007 1785 quibus
1034 1694 1183 1767 solvitur
1209 1697 1246 1765 et
1271 1692 1475 1765 conducitur
1501 1692 1635 1765 decima
1660 1692 1770 1764 mani·
1808 1757 1816 1767 .

220 1822 352 1915 palaris
379 1826 416 1893 et
442 1819 618 1911 canapalis
643 1840 708 1909 pro
728 1873 735 1888 .
755 1872 761 1887 .
781 1872 815 1889 ..
841 1817 929 1888 Item
956 1837 1025 1889 non
1052 1820 1107 1887 est
1133 1815 1183 1885 ibi
1209 1814 1400 1905 praedium.

323 1942 496 2015 Wuanrca
521 1939 719 2031 Perennae,
746 1938 882 2011 villain
901 1956 969 2029 qua
991 1943 1046 2009 est
1071 1935 1281 2027 parochialis
1308 1935 1454 2008 ecclesia
1479 1940 1624 2025 murata,
1644 1933 1770 2008 Sancto
1806 1924 1813 1945 ⁸

222 2061 492 2134 Bartholomaeo
511 2059 636 2149 dicata,
663 2058 763 2165 cuius!
777 2059 900 2129 haeres
926 2055 1246 2148 Melschtinsk
1254 2078 1278 2145 y
1308 2054 1351 2125 de
1378 2054 1484 2125 armis
1510 2053 1703 2144 Lelywa
1729 2056 1771 2126 In

219 2204 288 2275 qua
315 2187 400 2255 sunt
425 2180 518 2253 lanei
545 2180 788 2269 emethonaleS,
815 2179 859 2250 de
886 2179 1010 2269 quibus
1037 2176 1186 2249 soluitur
1212 2180 1249 2247 et
1274 2174 1479 2247 conducitur
1494 2175 1639 2246 decima
1660 2176 1770 2247 mani-

219 2303 353 2397 pularis
371 2308 408 2375 et
425 2302 599 2393 canapalis
620 2322 685 2393 pro
704 2301 849 2373 ecclesia
874 2300 910 2373 in
937 2298 1323 2391 Nyepolomycze‚
1350 2297 1447 2369 cuius
1465 2296 1564 2369 valor
1581 2295 1626 2367 ad
1644 2295 1771 2387 viginti
1865 2286 1871 2385 j

218 2445 354 2499 marcas
382 2423 598 2507 aestimatur.

321 2545 524 2635 Szannacz,
550 2544 634 2616 uilla
652 2544 715 2627 sub
734 2543 900 2633 parochia
926 2543 969 2614 de
996 2540 1151 2613 Obelm
1177 2540 1255 2631 sita,
1283 2540 1380 2611 cuius
1398 2540 1595 2631 proprietas
1614 2540 1659 2613 ad
1677 2560 1770 2613 sere·

217 2668 401 2741 nissimum
427 2666 595 2765 Poloniae
620 2644 739 2755 regem
765 2664 928 2755 pertinet.
967 2664 1009 2734 In
1036 2684 1105 2753 qua
1132 2665 1214 2733 sunt
1239 2661 1331 2733 lanei
1357 2661 1599 2751 emethonales,
1626 2660 1670 2732 de
1696 2662 1772 2751 qui-

218 2792 283 2863 bus
310 2788 460 2861 solvitur
487 2791 524 2859 et
550 2786 752 2871 conducitur
784 2784 917 2856 decima
942 2782 1169 2873 manipudaris
1196 2786 1233 2853 et
1258 2782 1433 2871 canapalis
1460 2802 1524 2871 pro
1543 2834 1657 2852 .....
1683 2781 1771 2853 Item

221 2916 274 2983 est
301 2910 353 2982 ibi
379 2907 560 2999 praedium
586 2928 692 2981 unum
718 2906 861 3001 regium,
888 2905 931 2981 dc
958 2906 1055 2980 cuius
1082 2904 1177 2997 agris
1195 2902 1388 2977 decimatur
1409 2902 1574 2979 ecclesiae
1599 2901 1637 2977 in
1663 2901 1771 2997 Nyc-

220 3032 504 3125 polomycze.

855 3146 1151 3221 Oosczuuuuacz.

322 3273 421 3346 Villa
455 3272 587 3346 habens
622 3272 658 3344 in
686 3292 723 3344 se
749 3270 984 3363 parochialem
1019 3268 1201 3342 ecclesiam
1237 3288 1340 3359 quam
1366 3266 1507 3340 Vislaus
1533 3266 1774 3341 cracoviensis

219 3403 303 3469 tunc
330 3396 515 3486 episcopus
542 3394 585 3465 de
612 3394 719 3465 armis
745 3393 940 3464 Zabawa
965 3392 1102 3482 nobilis,
1129 3391 1274 3481 pulchro
1296 3389 1412 3480 lapide
1431 3389 1564 3481 quadro
1589 3389 1774 3462 fabricavit

220 3523 255 3591 et
279 3517 412 3590 Sancto
440 3515 614 3588 dedicavit
640 3515 796 3604 biberto,
824 3515 921 3586 cuius
947 3514 1115 3604 plebanus
1142 3533 1234 3584 nunc
1251 3511 1445 3584 Stanislaus
1473 3510 1773 3601 Swiradzsky,

220 3639 407 3712 canonicus
434 3642 471 3709 et
497 3634 653 3708 officialis
680 3635 921 3709 cracoviensis
948 3634 991 3705 de
1019 3635 1124 3705 armis
1151 3632 1356 3704 Zabawa.
1384 3631 1489 3704 Curius
1515 3631 1639 3702 haeres
1664 3631 1774 3702 Jaku·

108 3745 109 3752 ¹
217 3761 277 3834 bili
306 3759 352 3830 dc
380 3759 485 3830 armis
520 3756 746 3830 Pobodze.
789 3757 831 3828 In
859 3777 927 3847 qua
953 3759 1034 3826 sunt
1069 3753 1162 3825 lanei
1197 3753 1449 3842 cmethonales‚
1485 3753 1569 3824 item
1595 3751 1774 3864 praedium

217 3902 324 3954 uuum
352 3879 525 3968 militare,
559 3879 643 3950 item
677 3878 844 3950 tabernae
879 3876 1047 3948 habentes
1075 3895 1196 3965 agros,
1232 3875 1317 3945 item
1352 3872 1570 3945 hortulauiae
1605 3872 1774 3944 habentes
1872 3877 1875 3882 “
1950 3896 1958 3905 ·

219 4023 331 4092 agros,
360 4000 404 4072 de
432 4000 557 4092 quibus
582 4000 740 4071 omnibus
768 3998 914 4070 solvitur
932 4002 968 4068 et
985 3996 1189 4068 conducitur
1215 3995 1348 4066 decima
1373 3994 1599 4084 manipularis
1616 3998 1653 4066 et
1670 4013 1773 4064 cana-
1845 4040 1847 4043 -

108 4201 110 4210 ¹
218 4123 318 4215 palis-
334 4121 502 4194 ecclesiae
529 4125 566 4193 et
591 4121 739 4211 plebano
767 4121 804 4192 in
831 4117 1185 4209 (losczyelyecz,
1212 4121 1249 4188 et
1275 4117 1374 4188 valor
1399 4117 1474 4187 eius
1501 4115 1704 4188 aestimatur
1730 4114 1775 4184 ad

217 4244 352 4336 viginti,
382 4241 566 4334 aliquando
605 4241 649 4312 ad
675 4241 823 4332 triginta
849 4260 992 4312 marcas.
1037 4239 1125 4312 Item
1151 4239 1259 4310 habet
1285 4238 1454 4328 plebanus
1480 4238 1517 4308 in
1544 4236 1665 4308 eadem
1691 4236 1774 4308 villa

218 4383 281 4457 pro
309 4365 395 4436 dote
423 4384 486 4434 sua
512 4363 651 4452 curiam,
679 4363 715 4433 in
735 4383 803 4452 qua
820 4361 959 4452 residet
987 4366 1023 4432 et
1040 4381 1157 4432 aream
1185 4380 1263 4432 cum
1280 4360 1384 4448 horto
1412 4359 1505 4431 circa
1522 4358 1775 4431 coemeterium.

218 4486 306 4560 Item
334 4486 443 4558 habet
469 4505 601 4575 agrum,
628 4505 733 4556 unum
760 4484 889 4555 bonum
915 4483 1053 4554 laneum
1081 4482 1263 4572 valentem,
1290 4480 1334 4553 de
1353 4503 1421 4572 quo
1438 4487 1479 4554 ut
1497 4480 1671 4552 interdum
1688 4480 1777 4551 fiunt
1893 4476 1896 4487 '

219 4607 390 4680 ducentae
417 4609 569 4697 capenae
595 4605 813 4696 hyemalium.
857 4605 946 4676 Item
973 4605 1079 4676 habet
1104 4603 1285 4693 praedicta
1319 4602 1484 4692 ecclesia,
1522 4623 1584 4674 seu
1609 4602 1776 4694 plebanus

220 4729 302 4820 ciue,
331 4728 420 4800 duas
438 4728 589 4818 piscinas
616 4728 725 4800 bonas
743 4727 780 4796 in
798 4705 1016 4798 haereditate
1036 4723 1427 4816 Goszczyelyecz,
1454 4723 1562 4796 babet
1588 4728 1625 4796 et
1649 4743 1777 4814 gayum

220 4849 255 4922 in
295 4849 517 4921 haereditate
561 4848 665 4919 villae
699 4847 1020 4940 Suyradzicze
1055 4847 1142 4920 satis
1178 4845 1329 4937 amplum
1364 4845 1407 4917 de
1433 4845 1582 4935 rubetis,
1618 4849 1778 4919 vocatum

220 4968 513 5064 Popowyecz.

328 5091 629 5181 Szwmmmzn,
655 5090 739 5162 villa
765 5090 830 5164 sub
848 5090 1014 5181 parocbia
1040 5089 1206 5162 ecclesiae
1233 5089 1276 5160 de
1304 5087 1675 5180 Ooszczyelpecz
1701 5087 1779 5177 sita,

221 5213 320 5288 cuius
347 5213 473 5285 haeres
501 5211 667 5304 Pyelsz
703 5212 829 5284 nobilis
857 5211 1027 5284 dedomo
1063 5211 1268 5284 Zabawa.
1311 5211 1353 5281 In
1380 5230 1449 5301 qua
1486 5213 1567 5282 sunt
1593 5208 1713 5280 decem
1739 5214 1778 5286 et

221 5339 298 5407 octo
326 5334 420 5406 lanei
447 5333 693 5424 cmetbonales‚
720 5334 805 5405 item
832 5333 999 5405 tabernae
1025 5332 1195 5404 habentes
1222 5351 1334 5422 agnon,
1361 5331 1446 5401 item
1472 5329 1693 5402 hortudaniae
1716 5330 1779 5406 ha-

221 5455 345 5528 bentes
374 5475 486 5546 agros,
506 5445 597 5527 'item
624 5453 805 5546 praedium
830 5454 991 5544 militare,
1019 5453 1063 5526 de
1090 5453 1215 5544 quibus
1243 5452 1401 5539 omnibus
1428 5452 1576 5524 solvitur
1593 5455 1630 5524 et
1651 5450 1780 5522 condu-

108 5661 110 5666 ,
208 5575 312 5650 cltur
330 5575 465 5654 decima
481 5575 707 5667 manipularis
726 5581 762 5648 et
780 5575 956 5667 canapalis
975 5595 1038 5666 pro
1053 5573 1201 5646 ecclesia
1222 5578 1259 5646 et
1271 5573 1419 5664 plebano
1437 5573 1512 5646 eius
1530 5574 1566 5646 iu
1580 5572 1778 5665 Oosczye-

223 5696 372 5794 lyecz²
412 5701 449 5775 et
474 5697 572 5777 valor
600 5698 673 5780 eins
702 5698 915 5778 aestimatur
942 5696 986 5770 ad
1012 5695 1155 5801 viginti,
1189 5694 1375 5802 aliquando
1403 5695 1448 5782 ad
1473 5694 1619 5803 triginta
1640 5713 1784 5782 marcas,
