4550 6600
1687 818 1760 897 267

204 1020 464 1115 manipularem
491 1022 595 1098 solvit
622 1024 786 1099 ecclesiae
809 1033 846 1100 et
863 1026 1011 1119 plebano
1035 1026 1070 1099 in
1088 1024 1335 1119 Porambka3
1360 991 1444 1101 item
1471 1028 1573 1101 villae
1590 1030 1768 1120 praefatae

205 1148 413 1221 emethones
448 1148 586 1220 solvunt
630 1148 918 1221 columbationem
954 1156 991 1221 et
1025 1149 1204 1223 denarium
1247 1150 1363 1221 Sancti
1398 1150 1496 1221 Petri
1533 1151 1697 1223 ecclesiae
1731 1153 1768 1221 in
1899 1192 1904 1205 ·

204 1267 490 1358 Porambka,
526 1273 563 1339 et
587 1267 739 1339 elcesaitae
774 1291 838 1360 pro
866 1270 1012 1343 ecclesia
1046 1272 1082 1343 in
1118 1270 1396 1363 Porambka,
1431 1292 1537 1343 unam
1571 1292 1769 1344 mensnram

206 1388 365 1477 siliginis
393 1394 437 1459 et'
455 1390 557 1461 aliam
584 1410 724 1463 avenae.

313 1508 556 1601 szonszrm,
583 1510 666 1581 villa
693 1512 757 1582 sub
784 1512 949 1601 parochia
975 1511 1018 1583 de
1044 1510 1304 1584 Porambka
1330 1511 1416 1603 sita,
1450 1512 1547 1583 cuius
1573 1513 1769 1602 proprietas
1841 1510 1848 1519 ’

207 1629 251 1701 ad
281 1631 525 1721 episcopatum
554 1629 818 1704 cracoviensem
845 1634 1006 1723 pertinet.
1033 1632 1072 1705 In
1101 1654 1171 1723 qua
1196 1638 1278 1705 sunt
1303 1637 1380 1705 octo
1407 1632 1499 1704 lanei
1525 1634 1769 1733 cmetbonalea,

205 1751 291 1820 item
320 1772 394 1821 una
421 1752 580 1822 scoltetia
606 1753 738 1823 liabens
766 1753 852 1824 drros
879 1750 998 1825 laneos
1025 1774 1211 1844 agrorum,
1239 1754 1323 1825 item
1348 1765 1427 1825 una'
1445 1754 1608 1844 taberna,
1635 1754 1769 1825 habens

210 1892 317 1960 agros
357 1872 512 1967 ciusdem
549 1872 746 1963 scoltetiae,
782 1879 819 1943 et
850 1872 893 1943 de
918 1873 1029 1945 laneis
1064 1874 1202 1962 qaudam
1234 1874 1526 1964 emethonalibuS,
1562 1874 1709 1946 solvitur
1735 1878 1772 1943 et

213 1992 424 2063 conducitur
466 1994 598 2065 decima
641 1993 866 2083 manipularis
898 1999 934 2064 et
977 1994 1152 2083 canapalis
1187 2015 1251 2084 pro
1288 1996 1488 2085 episcopatu
1530 1993 1772 2082 Oracoviensi,

210 2112 310 2183 cuius
349 2113 448 2184 valor
483 2114 688 2185 aestimatur
723 2114 769 2185 ad
804 2120 882 2187 octo
916 2134 1067 2187 marcas:
1112 2116 1197 2185 item
1232 2114 1276 2187 de
1311 2116 1405 2204 agris
1440 2115 1620 2187 scoltetiae
1654 2120 1692 2187 et
1723 2114 1767 2185 de

210 2232 306 2320 agris
344 2234 513 2304 tabernae
550 2234 769 2325 scoltetialiS,
818 2235 965 2307 solvitur
1001 2235 1134 2306 decima
1168 2235 1274 2307 etiam
1305 2235 1532 2324 manipularis
1558 2234 1707 2327 plebano
1735 2238 1773 2304 et

211 2353 383 2425 ecclesiae
411 2355 445 2424 in
473 2353 721 2425 Porambka:
748 2356 832 2427 item
859 2356 1058 2427 emethoues
1077 2360 1113 2425 ot
1130 2355 1262 2427 incolae
1280 2355 1459 2446 praefatae
1485 2355 1608 2444 villae,
1635 2355 1773 2427 solvunt

211 2474 507 2545 columbatiouem
534 2481 570 2546 et
597 2474 777 2547 donarium
812 2476 931 2547 Sancti
958 2475 1054 2577 Petri
1091 2476 1256 2548 ecclesiae
1281 2477 1319 2547 in
1344 2475 1619 2567 Porambka,
1645 2482 1682 2545 et
1707 2495 1771 2564 pro

214 2615 357 2683 laeseras,
377 2616 480 2665 unam
498 2616 692 2674 mammam
713 2596 860 2685 siliginis
878 2603 913 2667 et
931 2617 1033 2667 ruriam
1049 2610 1187 2687 avenae,
1206 2618 1269 2687 pro
1288 2597 1433 2669 ecclesia
1451 2597 1487 2668 in
1504 2589 1772 2693 Porambkja.

319 2714 603 2807 Nrmmruuus,
631 2718 714 2787 villa
740 2719 804 2790 sub
832 2719 997 2807 parochia
1023 2718 1066 2789 de
1093 2718 1324 2789 Porambka
1349 2718 1426 2807 sito,
1454 2718 1552 2788 onius
1577 2716 1773 2807 proprietas

221 2835 264 2908 ad
293 2836 473 2909 domimum
500 2838 729 2929 Spithkonem
765 2838 1102 2929 Melstlrynsky
1128 2842 1271 2928 spectat,
1296 2838 1340 2909 de
1367 2837 1472 2909 armis
1499 2835 1690 2927 Lelywa
1732 2835 1774 2908 In

217 2978 284 3047 qua
301 2964 387 3029 sunt
414 2958 577 3030 lanei...
596 2966 632 3031 ct
650 2980 719 3030 uua
746 2959 910 3048 taberna3
929 2959 1109 3049 praedium
1136 2959 1285 3029 nullum:
1304 2958 1472 3029 decimam
1498 2958 1591 3029 tollit
1616 2956 1775 3028 dominus

220 3078 403 3169 episcopus
440 3078 695 3171 Cracoviensis,
733 3081 837 3153 solvit
871 3080 1018 3170 plebano
1054 3080 1090 3151 in
1126 3078 1387 3163 Por-ambka
1421 3078 1465 3149 de
1502 3077 1656 3168 quolibet
1689 3096 1774 3165 agro

219 3198 310 3269 culto
338 3222 445 3271 unum
474 3202 653 3273 choretum
680 3202 828 3290 siliginis
856 3206 891 3273 et
918 3222 1022 3271 unum
1051 3220 1182 3283 avenae
1212 3219 1396 3271 mensurae
1433 3197 1664 3269 Bochnensis:
1691 3197 1776 3267 item

218 3325 457 3412 suprascripta
492 3323 637 3395 ccclesia
671 3324 777 3396 habet
812 3343 916 3394 unam
943 3325 1144 3412 tabernam,
1180 3341 1268 3411 quae
1304 3325 1447 3392 vocatur
1482 3319 1776 3421 Urwanyecz3

220 3440 260 3510 de
287 3464 358 3532 qua
385 3445 533 3516 solvitur
559 3445 708 3534 plebano
744 3465 866 3516 census
893 3465 1028 3516 annuns
1056 3464 1126 3515 una
1153 3463 1346 3532 sexagena;
1373 3442 1515 3530 insuper
1541 3439 1633 3512 idem
1659 3438 1776 3510 taber-

220 3568 319 3633 uator
351 3586 416 3654 per
434 3586 499 3656 se,
534 3565 589 3637 vel
616 3587 679 3657 per
706 3565 829 3654 alium,
855 3564 1035 3638 falcastrat
1070 3565 1218 3654 plebano
1251 3561 1512 3652 quatuordecim
1539 3560 1632 3647 dies,
1667 3558 1775 3630 habet

222 3683 324 3754 etiam
339 3685 426 3756 duas
443 3687 665 3776 hortulaniaS,
693 3689 775 3756 item
794 3707 896 3776 agros
914 3707 978 3775 pro
997 3685 1078 3756 dote
1097 3690 1133 3755 et
1148 3684 1294 3756 taberna
1312 3683 1450 3769 liberos,
1476 3681 1560 3751 item
1578 3684 1681 3769 prata
1697 3678 1777 3766 tria,

224 3803 303 3874 item
333 3807 525 3894 piscinulae
553 3813 694 3897 septem,
722 3827 848 3897 gayum
866 3829 909 3879 ex
928 3811 1074 3896 utraque
1102 3810 1212 3894 parte,
1240 3801 1404 3874 videlicet
1430 3800 1507 3888 agri
1533 3804 1570 3871 et
1595 3801 1778 3888 pratorum

229 3932 307 4012 post
325 3926 451 4017 dotem,
479 3928 639 3998 similiter
653 3930 733 4017 post
747 3949 848 4016 agros
864 3933 899 3998 et
917 3933 1039 4016 prata,
1052 3931 1132 4016 post
1145 3925 1334 4013 tabernam,
1361 3919 1528 4011 usquead
1542 3939 1699 4008 campum
1726 3916 1779 3988 di-

225 4049 314 4114 ctum
341 4045 585 4136 Grabaniny
612 4069 688 4118 sese
715 4031 972 4138 protendentia,
1000 4053 1036 4116 et
1058 4067 1100 4116 ex
1127 4049 1230 4136 parte
1256 4045 1326 4115 alia
1348 4041 1520 4132 usquead
1542 4060 1647 4129 agros
1673 4037 1777 4110 villae

226 4163 355 4254 Lpsza
382 4188 482 4257 gora
507 4168 629 4240 dictae.
661 4167 858 4240 Tarracius
886 4173 940 4238 est
967 4167 1011 4238 ad
1038 4166 1366 4238 mediam‘marcam
1401 4162 1547 4254 argenti,
1579 4157 1777 4282 purgandos

227 4285 326 4357 solvit
354 4289 505 4379 quinque
531 4309 681 4379 grossos.
708 4288 820 4366 Huius
847 4294 962 4362 rector
988 4287 1174 4360 modernus
1207 4293 1262 4358 est
1288 4284 1513 4358 Bernhardus
1547 4281 1776 4357 Morouns

154 4445 157 4452 ·
228 4403 268 4476 de
293 4407 457 4482 Rodiis
484 4410 685 4500 psalterista
714 4408 961 4482 Oraeoviensis.
1649 4413 1653 4419 ⁴

881 4531 1131 4604 danowsrur.
1226 4571 1231 4581 ·

232 4735 236 4742 ¹
327 4647 423 4725 Villa
449 4652 581 4727 habens
608 4653 644 4724 in
672 4673 709 4724 se
735 4652 915 4724 ecclesiam
950 4651 1184 4744 parochialem
1222 4650 1371 4739 ligneam
1399 4647 1525 4718 Sancto
1544 4695 1659 4714 .....
1686 4640 1778 4712 dica·

232 4774 309 4860 tam,
335 4775 431 4846 cuius
458 4776 654 4865 proprietas
680 4774 724 4844 ad
742 4775 1000 4848 serenissimum
1026 4773 1192 4845 Polouiae
1219 4791 1338 4860 regem
1363 4767 1526 4859 pertinet.
1551 4765 1592 4835 In
1611 4781 1679 4854 qua
1696 4765 1778 4833 sunt

233 4887 319 4962 lanei
345 4896 586 4986 cmetlronales,
613 4895 656 4966 de
683 4896 807 4985 quibus
834 4895 992 4966 omnibus
1011 4893 1158 4965 solvitur
1176 4890 1310 4963 decima
1335 4886 1534 4977 pecunialis,
1561 4883 1605 4954 de
1623 4880 1778 4973 quolibet

234 5008 327 5083 laneo
354 5037 417 5106 per
443 5038 547 5088 unum
573 5015 741 5087 fertonem
767 5016 917 5086 latorum
943 5033 1143 5104 grossorum
1162 5011 1323 5101 episcopo
1346 5004 1586 5092 Gracoviensi3
1612 5004 1696 5073 item
1722 5004 1777 5072 est

237 5129 281 5202 ibi
296 5155 398 5208 unum
416 5137 594 5228 praedium
615 5137 757 5226 regium,
776 5135 818 5206 de
834 5135 930 5206 cuins
949 5133 1042 5222 agris
1062 5131 1210 5204 solvitur
1224 5130 1357 5201 decima
1374 5124 1600 5216 manipularis
1614 5121 1779 5195 ecclesiae

238 5257 270 5322 et
295 5257 367 5328 eius
392 5259 539 5348 plebano
567 5259 603 5328 in
629 5256 652 5328 J
662 5256 925 5346 adownyky,
952 5254 1048 5325 cuius
1067 5251 1165 5324 valor
1182 5251 1387 5322 aestimatur
1405 5247 1450 5318 ad
1468 5251 1618 5336 quatuor
1634 5259 1777 5312 marcas.

916 5372 1098 5445 (luorum.

335 5496 429 5570 Villa
453 5499 587 5570 habens
613 5499 649 5574 in
676 5517 713 5568 se
741 5495 972 5586 parochialem
1000 5491 1180 5566 ecclesiam
1207 5511 1271 5580 per
1289 5541 1425 5559 ......
1452 5489 1628 5556 cantorem
1655 5477 1781 5552 Greco-

242 5611 384 5690 viensem
410 5640 508 5690 muro
536 5617 674 5708 lapideo
710 5621 943 5688 constructam
977 5619 1013 5686 et
1039 5612 1262 5699 fabricatam,
1297 5609 1396 5679 cuius
1422 5604 1590 5677 haeredes
1617 5599 1782 5672 Nicolaus

241 5736 278 5801 tt
300 5735 471 5816 lohannes
498 5737 786 5828 Gnoyinseai
812 5736 947 5810 nobiles
974 5733 1141 5806 dearmis
1168 5731 1469 5816 cancrorum,
1496 5724 1555 5817 qui
1572 5729 1654 5794 sunt
1671 5719 1782 5794 eccle-
