4550 6600
1772 749 1820 819 29

272 949 480 1025 stanislaum
499 939 559 1024 'de
595 953 698 1025 domo
734 957 771 1024 et
794 951 926 1024 familia
951 951 1143 1043 Prussy,
1170 953 1207 1023 in
1235 973 1304 1044 qua
1330 957 1412 1024 sunt
1438 953 1588 1043 quinque
1614 952 1705 1026 lanei
1731 973 1822 1026 cme-

270 1073 448 1164 tbonales,
475 1074 559 1144 item
595 1073 815 1144 hortulaniae
841 1077 914 1142 tres
941 1071 1098 1162 plebani,
1125 1073 1210 1144 item
1236 1073 1384 1144 taberna
1409 1093 1479 1144 una
1503 1072 1712 1162 haeredum,
1737 1075 1822 1146 item

269 1193 415 1284 praedia
450 1194 537 1283 duo,
565 1193 608 1263 de
636 1193 762 1283 quibus
789 1191 947 1264 omnibus
973 1192 1119 1263 solvitur
1145 1198 1181 1264 et
1207 1193 1411 1264 conducitur
1438 1192 1571 1264 decima
1596 1194 1822 1284 manipularis

272 1318 308 1382 et
335 1313 512 1402 canapalis
538 1331 602 1401 pro
629 1309 779 1382 ecclesie¹
801 1316 837 1382 et
863 1311 1010 1400 plebano
1029 1311 1103 1381 eius
1120 1311 1158 1381 in
1175 1311 1441 1384 Modlnicza
1466 1311 1649 1401 Maiori,
1671 1319 1708 1385 et
1724 1315 1823 1386 valor

271 1433 345 1503 eius
381 1433 585 1504 aestimatur
619 1431 664 1502 ad
692 1436 768 1502 octo
794 1451 948 1520 marcas;
975 1431 1058 1501 item
1083 1431 1304 1505 hortulaniae
1331 1437 1482 1523 quatuor
1506 1432 1713 1523 haeredum,
1739 1435 1823 1506 item

271 1553 360 1623 duae
394 1553 563 1624 tabernae
599 1551 737 1641 plebani
771 1550 902 1622 babent
937 1551 1053 1622 omnia
1087 1572 1211 1642 agros,
1236 1552 1321 1623 item
1347 1552 1397 1623 ibi
1423 1552 1568 1623 ecclesia
1594 1559 1629 1624 et
1653 1553 1823 1644 plebanus

269 1671 377 1744 habet
393 1672 554 1762 proprios
580 1691 682 1760 agros
709 1670 837 1742 liberos
865 1676 900 1740 et
925 1675 1037 1760 prata,
1065 1692 1129 1761 pro
1157 1692 1220 1744 suo
1246 1693 1313 1743 usn
1339 1677 1376 1743 et
1394 1673 1613 1744 necessitate.

374 1791 601 1863 Monuuroza
627 1789 765 1879 Musca,
793 1789 875 1862 villa
902 1792 965 1862 sub
993 1792 1159 1880 parocbia
1185 1792 1350 1864 ecclesiae
1369 1791 1412 1863 de
1429 1791 1605 1863 Maiori
1629 1792 1823 1866 Modlni·

268 1932 346 1981 oza
372 1911 449 2000 sita,
476 1911 573 1982 cuius
600 1911 796 2001 proprietas
824 1911 868 1982 ad
891 1912 1145 1983 monasterium
1170 1912 1474 2003 Zwierzyuecense
1500 1913 1665 2003 pertinet,
1691 1915 1728 1985 in
1755 1937 1824 2006 qua

268 2036 350 2102 sunt
376 2031 527 2120 quinque
552 2030 644 2102 lanei
671 2031 915 2121 cmethonales,
942 2032 1027 2102 item
1054 2031 1142 2104 duae
1167 2032 1344 2121 tabernae,
1371 2033 1456 2103 item
1482 2035 1712 2125 hortulaniae,
1738 2036 1822 2107 item

267 2151 449 2241 praedium
476 2151 674 2223 coenobiale
701 2152 833 2223 babens
861 2172 982 2242 agros,
1009 2152 1052 2224 de
1084 2151 1209 2242 quibus
1237 2153 1395 2225 omnibus
1423 2154 1570 2225 solvitur
1596 2161 1634 2226 et
1659 2155 1821 2228 conduci-

267 2278 328 2343 tur
353 2271 486 2343 decima
521 2271 746 2362 manipularis
781 2278 818 2343 et
855 2273 1029 2362 cauapalis
1056 2293 1119 2380 pro
1146 2273 1261 2364 prima
1286 2273 1487 2364 praebenda
1513 2273 1660 2346 Sanctae
1685 2275 1823 2347 Mariae

123 2389 128 2398 ’
197 2446 200 2454 .
268 2391 485 2483 Egyptiacae
511 2393 547 2463 in
574 2392 722 2464 ecclesia
748 2391 978 2482 Crotoniensi,
1006 2398 1042 2464 et
1068 2393 1168 2465 valor
1194 2393 1269 2465 eius
1296 2394 1501 2466 aestimatur
1519 2395 1564 2467 ad
1582 2401 1660 2467 octo
1677 2416 1823 2468 marcas.

268 2513 358 2584 Item
383 2511 549 2584 Nicolaus
576 2512 724 2584 Nossz
751 2513 858 2585 habet
884 2513 933 2584 ibi
959 2512 1149 2604 praedium,
1175 2515 1259 2585 item
1276 2519 1350 2586 tres
1367 2515 1594 2604 hortulanias,
1613 2516 1698 2587 item
1719 2537 1825 2588 unam

268 2633 461 2718 tabernam,
488 2633 679 2708 habentem
704 2653 817 2722 agros,
844 2625 928 2704 item
954 2633 1187 2704 molendinum
1213 2655 1329 2704 unum.

374 2752 590 2843 Roeoznru,
617 2751 701 2824 villa
728 2752 792 2824 sub
819 2752 986 2843 parochia
1012 2753 1055 2824 de
1081 2752 1359 2844 Modlnycza
1385 2754 1472 2843 sita,
1500 2755 1604 2839 cuius,
1625 2756 1824 2846 proprietas

271 2873 316 2945 ad
343 2874 592 2945 monasterium
618 2872 882 2964 Zwierzynense
915 2874 1077 2964 pertinet,
1104 2873 1141 2946 in
1168 2895 1238 2965 qua
1264 2879 1346 2946 sunt
1371 2873 1463 2944 lanei
1482 2874 1726 2965 cmethonales,
1743 2877 1826 2948 item

270 2995 447 3084 tabernae,
473 2994 557 3065 item
583 2993 812 3084 hortulaniae,
840 2993 883 3066 de
910 2994 1034 3084 quibus
1062 2995 1221 3066 omnibus
1248 2994 1397 3067 solvitur
1414 2999 1452 3066 et
1468 2995 1674 3067 conducitur
1691 2995 1825 3067 decima

272 3113 497 3205 manipularis
525 3118 561 3184 et
585 3113 761 3203 canapalis
788 3133 851 3204 pro
879 3168 887 3182 .
914 3168 922 3183 .
949 3167 957 3184 .
983 3113 1073 3186 Item
1099 3113 1279 3204 praedium
1305 3167 1314 3183 .
1341 3167 1349 3183 .
1376 3167 1384 3184 .
1811 3137 1815 3144 ·
1879 3118 1884 3126 “

375 3234 708 3325 Touascsovucza,
736 3233 818 3307 villa
844 3235 908 3308 sub
935 3235 1100 3325 parocbia
1126 3235 1170 3307 de
1195 3233 1465 3307 Modlnicza
1490 3235 1568 3327 sita,
1586 3235 1683 3309 cuius
1700 3236 1824 3310 haeres

272 3356 414 3429 Marcus
441 3354 746 3445 Mninoaszky
773 3354 816 3427 de
843 3356 944 3428 domo
972 3356 1172 3446 Nowina,
1198 3357 1235 3427 in
1262 3376 1331 3458 qua
1357 3357 1716 3447 sunt'quiuquelauei
1735 3380 1824 3430 ome-

270 3476 449 3566 thonales,
475 3476 560 3547 item
595 3476 775 3565 praedium
810 3498 916 3547 unum
952 3476 1121 3566 militare,
1148 3477 1231 3549 item
1256 3477 1405 3549 taberna
1430 3498 1518 3567 uua,
1545 3478 1677 3551 hahens
1704 3500 1824 3569 agros3

268 3600 354 3669 item
380 3596 607 3686 hortulaniae,
634 3596 696 3667 sed
722 3618 791 3668 uon
817 3596 949 3669 habent
974 3618 1096 3687 agree,
1122 3597 1167 3667 de
1193 3573 1319 3687 quibus
1345 3598 1504 3669 omnibus
1522 3599 1670 3670 solvitur
1687 3606 1724 3670 et
1743 3620 1824 3671 con-
1877 3594 1881 3601 ’

270 3718 407 3790 ducitur
434 3717 568 3789 decima
603 3717 828 3807 manipularis
855 3723 891 3788 et
918 3718 1092 3807 cenapolis
1119 3738 1184 3806 pro
1210 3717 1410 3806 praebenda
1435 3717 1642 3789 Sanctorum
1668 3718 1822 3809 Philippi

271 3846 308 3910 et
333 3838 456 3917 Jacobi
491 3838 528 3909 in
564 3837 780 3927 Gleparz,
808 3843 845 3909 et
870 3838 969 3910 valor
995 3838 1070 3910 eius
1096 3837 1303 3909 aestimatur
1329 3836 1375 3908 ad
1402 3837 1664 3933 qpatuordecim
1690 3859 1825 3910 marcas

291 4221 332 4303 ln
365 4221 708 4304 archidiaconatu
742 4219 1020 4303 cracoviensl
1049 4171 1264 4303 ecclesiae
1296 4227 1340 4303 et
1371 4210 1808 4327 villae'pnrocbtnles.

876 4442 1220 4515 Bouuneuowuczu.
1909 4546 1916 4551 ¹

388 4562 500 4655 Villa,
532 4563 664 4635 babens
705 4564 741 4634 in
777 4584 815 4635 se
855 4564 1035 4636 ecclesiam
1074 4564 1328 4655 parochialem,
1362 4564 1490 4636 Sancto
1526 4563 1632 4636 Petro
1668 4564 1826 4670 apostolo

271 4684 442 4777 dicaam,
479 4685 576 4758 cuius
612 4686 738 4757 chorus
773 4690 810 4756 et
846 4686 1006 4757 sacristia
1031 4706 1096 4776 per
1113 4685 1257 4757 Petrum
1292 4685 1450 4757 Wisch
1477 4685 1675 4776 episcopum
1702 4682 1827 4757 Gracc·
1929 4713 1932 4718 ·

269 4807 434 4896 vieusem,
461 4806 612 4884 nobilem
640 4806 683 4877 de
710 4805 810 4878 domo
829 4806 1038 4898 Liassky,
1064 4826 1164 4878 muro
1182 4806 1341 4878 latericio
1367 4805 1555 4894 fabricata,
1582 4826 1707 4895 corpus
1733 4827 1828 4896 vero,

270 4931 416 5019 propter
452 4927 617 4999 iniustam
644 4927 718 4998 eius
745 4926 972 4999 deiectionem
990 4934 1027 4998 et
1050 4926 1283 4998 exclusionem
1308 4927 1353 4998 ab
1380 4927 1582 5018 episcopatu
1608 4925 1829 5018 cracoviensi

270 5053 310 5121 et
343 5048 607 5120 translationem
644 5048 688 5119 ad
717 5046 1013 5139 *Poznaniensem,
1049 5045 1305 5138 imperfectum,
1332 5047 1369 5118 iu
1403 5049 1495 5119 banc
1530 5048 1620 5118 diem
1656 5048 1825 5120 relictum.

271 5166 378 5241 Cuius
404 5168 592 5241 modernus
618 5168 786 5260 plebanus
812 5167 991 5240 Johannes
1018 5167 1472 5259 Lyathoschinszlry,
1498 5168 1626 5240 nobilis
1655 5168 1826 5241 dedomo

271 5286 554 5380 Grillonum,
581 5289 800 5361 decretorum
833 5288 954 5361 doctor
989 5288 1176 5359 canonicus
1211 5286 1459 5379 Oracoviensis,
1496 5288 1594 5360 cuius
1629 5290 1826 5380 proprietas

272 5409 319 5482 ad
345 5410 583 5502 episcopatum
610 5409 873 5482 cracoviensem
900 5408 1002 5499 pleno
1033 5408 1109 5479 iure
1145 5407 1307 5499 pertinet,
1343 5410 1380 5480 in
1415 5430 1485 5501 qua
1519 5414 1600 5481 sunt
1634 5410 1829 5501 quindecim

270 5530 383 5639 lanei·
405 5531 659 5621 cnetbonales,
695 5530 738 5601 de
775 5530 899 5619 quibus
937 5528 1083 5599 solvitur
1119 5534 1156 5599 et
1189 5528 1394 5602 conducitur
1436 5530 1570 5602 decima
1586 5510 1590 5517 ¹
1604 5531 1828 5622 manipularis

272 5656 311 5739 et
336 5651 521 5759 canapalis,
548 5656 585 5729 et
611 5650 654 5732 de
680 5650 793 5735 tribus
820 5650 987 5754 tabernis,
1016 5668 1162 5756 querum
1190 5648 1278 5735 duae
1305 5657 1387 5735 sunt
1413 5652 1566 5755 episcopi
1593 5672 1663 5731 uua
1680 5650 1829 5749 plebani,
