4550 6600
1601 772 1756 848 0411.

167 970 260 1045 lanei
298 970 551 1061 emethonalcs,
578 972 662 1043 item
689 970 757 1043 duo
785 971 928 1063 praedia
953 973 1136 1064 militaria,
1164 974 1208 1045 de
1235 975 1361 1065 quibus
1392 975 1551 1048 omnibus
1577 977 1724 1049 solvitur

169 1092 305 1183 decima
341 1092 566 1182 manipularis
598 1098 635 1163 61
661 1094 837 1184 canapalis
864 1114 928 1183 pro
955 1094 1100 1165 ecclesia
1127 1094 1163 1165 in
1191 1094 1437 1187 Besczcze,
1464 1103 1500 1169 et
1526 1097 1624 1169 valor
1650 1100 1724 1170 eius

170 1214 378 1286 aestimatur
405 1212 449 1283 nd
467 1213 622 1304 triginta,
641 1214 825 1306 aliquando
844 1214 889 1286 ud
908 1214 1138 1306 quadraginta
1157 1237 1302 1287 marcas.
1327 1217 1414 1288 Item
1433 1218 1602 1308 plebanus
1619 1220 1726 1293 habet
1790 1209 1799 1221 ⁸

169 1356 274 1407 unum
303 1335 442 1407 laneum
469 1356 533 1425 pro
559 1336 711 1426 praedio,
730 1356 806 1407 cum
826 1315 1080 1409 encrescentiis.
1106 1337 1194 1408 Item
1213 1344 1351 1428 pratum
1369 1361 1475 1440 unum
1493 1347 1575 1413 ante
1593 1342 1726 1432 uillam

172 1458 255 1529 item
291 1458 400 1529 habet
433 1478 559 1549 gayum
596 1459 745 1549 speciale
781 1465 939 1531 vocatum
966 1458 1258 1552 Popouyecz.
1301 1460 1389 1531 Ibem
1425 1462 1461 1532 in
1497 1462 1616 1535 eadem
1643 1465 1726 1535 villa

173 1578 402 1651 Besczcze
438 1579 542 1651 datur
577 1580 784 1653 columbatio
812 1582 855 1653 de
886 1581 996 1673 laneo,
1024 1582 1135 1655 solum
1170 1602 1234 1673 per
1268 1582 1417 1655 medium
1452 1606 1630 1676 grossum,
1664 1586 1726 1658 sed

172 1702 374 1773 cmetbones
410 1702 537 1775 ibidem
565 1702 763 1791 obligantur
790 1702 834 1775 ad
861 1703 1043 1775 ducturam
1069 1698 1234 1787 roborum
1261 1725 1325 1794 pro
1353 1704 1520 1778 aedificiIs
1546 1708 1726 1797 quibusvis

173 1823 339 1895 ecclesiae
375 1821 571 1915 praelatae,
598 1825 734 1905 ratione
769 1824 966 1897 huiusmodi
992 1824 1242 1907 moderationis
1268 1826 1550 1918 columbationis,
1576 1828 1621 1899 de
1647 1830 1725 1901 aliis

175 1951 287 2017 autem
316 1934 409 2017 villis
436 1947 694 2037 parochialibus
722 1946 826 2019 datur
853 1946 1061 2019 columbatio
1088 1947 1266 2041 perduos
1291 1969 1433 2038 grossos
1459 1949 1509 2040 de¹
1529 1950 1640 2022 laneo.
1716 1994 1725 2007 ·

276 2056 524 2139 Monnwrnur
551 2066 698 2159 Maron,
725 2068 808 2139 villa
843 2069 915 2139 sub,
942 2069 1108 2158 parocbia
1134 2068 1300 2141 ecclcsiae
1327 2070 1370 2139 de
1396 2070 1623 2145 Besczcze
1650 2073 1727 2162 sita,

177 2190 269 2261 cuius
306 2189 433 2261 lraeres
460 2189 608 2261 Donin
645 2189 687 2261 de
714 2189 1058 2261 PraulrouIcze
1085 2188 1128 2261 (16
1156 2190 1262 2261 66616
1290 2190 1556 2282 cygnorum.
1592 2194 1728 2285 inqua

177 2317 254 2383 sunt
280 2310 376 2383 lanei
403 2312 647 2402 cmethonales,
674 2312 756 2383 item
784 2312 959 2401 tabernae,
986 2311 1070 2383 item
1096 2311 1325 2401 lrortulaniae,
1351 2313 1395 2385 de
1423 2315 1547 2404 quibus
1570 2316 1729 2389 omnibus
1763 2394 1769 2402 ,

177 2433 321 2506 66161166
349 2437 385 2505 61
413 2432 616 2505 conducitur
643 2432 777 2507 decima
802 2433 1029 2524 manipularis
1057 2439 1093 2505 et
1120 2434 1297 2524 canapalis
1325 2455 1388 2524 pro
1416 2436 1618 2527 episcopatu
1644 2436 1728 2509 Gra-

179 2555 336 2645 coviensi,
366 2561 401 2626 et
427 2555 525 2627 valor
552 2555 625 2627 6166
653 2555 856 2627 6661166166
883 2555 926 2627 ad
954 2555 1071 2625 decem
1098 2576 1242 2627 marcas.
1269 2556 1357 2627 Item
1385 2562 1437 2628 est
1454 2558 1491 2629 in
1509 2559 1629 2631 eadem
1646 2560 1730 2631 uilla

179 2676 357 2767 praedium
386 2677 553 2767 militare,
581 2677 623 2747 de
651 2698 718 2769 quo
746 2672 936 2749 decimatur
964 2676 1128 2747 ccclesiae
1156 2677 1192 2747 in
1219 2677 1409 2768 Bescze,
1437 2679 1534 2749 cuius
1560 2681 1658 2753 valor
1685 2681 1730 2751 ad

181 2804 323 2888 quatuor
350 2820 494 2870 marcas.

278 2920 525 2993 Monnwrnrr
552 2918 690 3010 illinon,
717 2920 800 2991 villa
827 2921 891 2991 sub
918 2920 1084 3010 parocbia
1111 2920 1154 2990 (16
1182 2920 1409 2993 Β6666666
1436 2922 1514 3013 sita
1532 2924 1629 2995 cuius
1647 2924 1730 2995 bae-

181 3062 234 3112 res
259 3041 408 3113 116616
437 3042 479 3113 (16
506 3040 847 3114 Prawlrowicze
874 3041 916 3111 de
944 3043 1049 3119 armis
1077 3040 1343 3131 Gyguorum.
1369 3042 1409 3111 ln
1437 3065 1506 3133 qua
1532 3046 1732 3117 666116661

184 3162 422 3253 66611666166,
449 3165 532 3234 1166
559 3164 735 3253 tabernae,
763 3164 843 3233 item
872 3163 1099 3251 hortulaniae,
1127 3162 1170 3233 de
1198 3164 1324 3253 quibus
1351 3165 1510 3235 omnibus
1529 3150 1731 3237 6616116661

185 3286 382 3358 conducitur
418 3286 550 3358 (166166
583 3284 809 3376 manipularis
841 3276 879 3357 et'
904 3284 1080 3375 canapalis
1107 3307 1171 3375 pro
1199 3286 1402 3376 episcopatu
1428 3284 1669 3377 Gracnriensi,
1696 3294 1732 3359 et

185 3407 276 3480 valor
301 3409 378 3480 eius
404 3409 609 3480 aestimatur
635 3407 679 3478 ad
707 3407 823 3480 decem
850 3427 994 3478 marcas.
1034 3408 1122 3478 Item
1151 3407 1267 3480 estin
1295 3408 1415 3479 eadem
1443 3409 1527 3482 villa
1552 3410 1732 3500 praedium

186 3530 349 3620 militare,
376 3531 419 3602 de
453 3551 521 3622 quo
557 3530 748 3604 decimatur
779 3551 842 3620 pro
870 3529 1077 3602 6661661616
1105 3529 1352 3619 Baccanae,
1379 3530 1477 3604 cuius
1503 3531 1602 3603 valor
1628 3531 1734 3604 aesti-

186 3657 293 3724 matur
320 3651 366 3726 ad
393 3658 466 3724 tres
493 3672 635 3724 marcas.
1787 3747 1792 3754 ι

284 3774 563 3864 Czrszowrczn,
600 3773 683 3844 villa
719 3773 783 3844 sub
819 3773 984 3862 parochia
1019 3771 1062 3842 dc
1080 3841 1081 3844 ,
1098 3771 1327 3842 Besczcze
1364 3772 1449 3862 6116,
1476 3774 1573 3844 66166
1609 3773 1734 3844 haeres

188 3893 359 3970 16166666
385 3895 761 3986 Mlodzyeowslry
789 3893 831 3964 de
859 3893 965 3964 armis
992 3891 1305 3982 Antiquarum
1331 3892 1570 3983 Equorum.
1597 3893 1637 3964 In
1665 3917 1734 3984 qua

190 4024 265 4088 6661
290 4019 383 4090 16661
410 3993 653 4108 666116666166,
680 4017 763 4092 item
791 4015 967 4104 tabernae,
994 4015 1077 4086 item
1104 4014 1333 4104 hortulaniae,
1360 4014 1404 4085 de
1431 4015 1556 4106 quibus
1573 4015 1734 4088 omnibus

191 4139 328 4218 soletur
356 4145 393 4212 et
419 4139 622 4212 conducitur
648 4138 782 4210 decima
808 4136 1034 4227 manipularis
1061 4141 1098 4208 61
1124 4136 1300 4227 666666116
1331 4157 1396 4226 666
1423 4137 1625 4227 6616666616
1651 4137 1735 4210 Gra·

191 4261 345 4353 coviensi,
371 4267 407 4334 et
433 4261 532 4336 valor
559 4261 633 4332 eius
660 4259 863 4333 aestimatur
890 4258 933 4330 ad
962 4279 1021 4340 ser
1050 4279 1194 4332 666666.
1230 4259 1317 4330 1166
1345 4264 1400 4330 est
1425 4259 1474 4332 ibi
1501 4280 1607 4330 unum
1633 4280 1735 4349 prae-

192 4379 278 4454 dium
306 4383 464 4474 militare,
491 4381 533 4453 de
561 4403 628 4472 quo
656 4380 849 4453 decimatur
875 4400 939 4470 pro
966 4380 1110 4452 ecclesia
1136 4381 1173 4450 16
1199 4380 1437 4470 Besczcze,
1464 4384 1500 4451 et
1527 4381 1736 4452 661661661-

193 4520 262 4574 mae
288 4503 331 4576 ad
360 4509 433 4575 tres
459 4521 603 4576 marcas.

138 4629 141 4638 '
291 4623 572 4716 (1666666666,
598 4624 683 4696 61116
717 4623 781 4696 sub
817 4622 983 4714 parochIa
1021 4621 1063 4696 (16
1099 4622 1328 4694 Β6666666
1367 4622 1454 4712 6116,
1480 4622 1578 4694 66166
1611 4621 1735 4692 lraeres

195 4739 507 4819 Warczislaus
534 4743 577 4818 (16
604 4745 710 4816 66616
738 4741 964 4834 Vulpium.
994 4743 1035 4815 ln
1063 4749 1239 4836 quasunt
1263 4743 1354 4814 lanei
1382 4742 1625 4832 66611666166,
1651 4742 1736 4812 item

195 4849 362 4960 tabernae,
389 4866 472 4940 item
500 4866 726 4958 hortnlaniae,
755 4866 797 4938 (16
825 4865 949 4956 quibus
977 4865 1135 4938 omnibus
1162 4865 1309 4938 solvitur
1327 4869 1364 4934 61
1381 4863 1591 4936 conducitur·
1604 4861 1737 4934 (166166

196 4989 412 5080 manipularis
439 4995 474 5062 ct
501 4989 676 5084 canapalis
704 5009 767 5078 pro
795 4987 998 5078 episcopatu
1026 4985 1258 5075 Cracouiensi,
1285 4985 1382 5057 cuius
1410 4984 1507 5058 valor
1525 4984 1570 5056 ad
1587 4989 1737 5075 quatuor

198 5125 331 5184 marcas.
370 5111 458 5186 Item
494 5117 548 5184 est
574 5111 622 5182 ibi
650 5109 830 5201 praedIum
857 5108 1026 5198 militare,
1054 5107 1096 5178 (16
1124 5129 1193 5198 quo
1221 5107 1411 5179 decimatur
1438 5127 1502 5198 pro
1530 5106 1675 5178 ecclesia
1701 5106 1736 5176 in

199 5223 426 5324 Besczcze,
452 5239 490 5306 et
516 5231 614 5306 valor
641 5232 845 5304 aestimatur
872 5229 915 5302 ad
944 5235 1092 5320 quatuor
1119 5249 1264 5301 666666.
1305 5275 1309 5282 -

295 5351 557 5445 Μ666666666,
584 5353 667 5426 uilla
701 5353 766 5426 snb
801 5352 966 5442 parochia
1002 5351 1044 5422 (16
1072 5349 1222 5423 Ρ6666
1248 5349 1503 5422 Gasimiria
1529 5348 1614 5438 sita,
1641 5348 1739 5420 cuius

201 5467 315 5544 haeres
349 5477 470 5559 unicus
506 5474 674 5548 Andreas„
701 5472 1125 5565 Pyandziczowsky
1163 5471 1206 5543 (16
1241 5471 1451 5546 Dambno.
1491 5469 1534 5541 ln
1565 5489 1633 5562 qua
1659 5474 1740 5540 sunt

202 5586 285 5664 lanei
310 5597 549 5688 cmathonales,
566 5597 651 5668 1166
670 5596 846 5685 tabernae,
865 5595 946 5664 item
965 5593 1193 5683 hortulaniae,
1211 5592 1254 5664 de
1273 5591 1398 5682 quibus
1417 5591 1575 5664 omnibus
1592 5590 1741 5662 soluitur

204 5715 236 5780 et
259 5718 455 5790 conducitur
490 5717 623 5790 decima
656 5717 882 5808 manipularis
909 5720 945 5788 et
971 5714 1148 5806 caoapaIIs
1174 5735 1239 5806 pro
1265 5713 1411 5786 ecclesia
1437 5714 1474 5784 in
1500 5713 1741 5806 Besczcze,
