4550 6600
1669 784 1741 857 381
1784 856 1791 865 .

176 987 271 1078 pulis
298 1008 366 1078 pro
393 988 595 1077 episcopatu
622 984 861 1078 Gracouensi,
889 994 924 1059 et
950 988 1049 1060 valor
1075 989 1150 1059 eius
1177 990 1380 1061 aestimatur
1406 988 1451 1060 ad
1478 992 1629 1080 quatuor
1655 1011 1747 1062 mar-

177 1129 255 1199 cas,
294 1110 382 1180 item
408 1109 555 1211 taberna
580 1130 651 1181 una
681 1110 813 1183 hahens
840 1130 961 1200 agros,
989 1111 1072 1181 item
1098 1109 1344 1201 hortulani...‚
1370 1111 1455 1182 item
1489 1111 1670 1201 praedium
1696 1115 1746 1185 ihi

177 1230 323 1301 unicum
351 1230 512 1321 militare,
539 1230 581 1301 de
609 1251 678 1321 quo
705 1230 897 1303 decimatur
932 1231 1098 1307 ecclesiae
1124 1231 1161 1301 in
1187 1230 1377 1323 lanino,
1413 1238 1451 1303 et
1475 1234 1574 1305 ralor
1599 1234 1674 1306 eius
1701 1234 1746 1308 ad

180 1351 269 1423 duas
298 1372 447 1423 marcas.

286 1472 519 1564 Pouranrrr,
546 1474 630 1545 villa
656 1474 720 1546 suh
756 1474 923 1565 parochia
949 1474 992 1545 dc
1019 1473 1042 1545 J
1052 1475 1192 1547 anina
1219 1475 1307 1565 sita,
1342 1447 1440 1547 cuius
1465 1477 1591 1549 haeres
1617 1475 1745 1551 Petrus

179 1592 404 1687 Baliozsky
430 1594 605 1687 praefatus
632 1594 675 1667 de
707 1596 808 1668 domo
835 1602 871 1667 et
897 1595 1028 1669 familia
1058 1595 1339 1688 Bippennium.
1369 1597 1411 1668 In
1438 1592 1512 1697 qua}
1540 1604 1623 1671 sunt
1648 1600 1742 1671 lanei
1792 1616 1796 1621 ’

180 1717 441 1808 cmethonaleS,
468 1718 511 1789 de
538 1718 663 1809 quihus
690 1717 838 1790 solvitur
864 1722 901 1789 et
928 1718 1130 1790 conducitur
1166 1718 1299 1790 decima
1325 1719 1552 1811 manipularis
1579 1726 1615 1793 et
1642 1742 1746 1793 cana·

182 1839 271 1929 palis
299 1860 368 1929 pro
394 1840 596 1931 episcopatu
623 1840 854 1931 cracoviensi,
882 1844 918 1912 et
936 1840 1035 1912 valor
1061 1841 1136 1911 eius
1164 1841 1368 1914 aestimatur
1391 1840 1557 1913 adunam
1583 1864 1745 1915 marcam.

182 1960 269 2031 Item
296 1961 448 2033 taberna
474 1982 544 2033 una
569 1962 702 2035 hahens
729 1983 850 2053 agros,
877 1962 959 2033 item
977 1962 1225 2034 hortulaniae..
1240 2018 1267 2054 .,
1293 1964 1375 2034 item
1402 1964 1582 2054 praedium
1608 1966 1745 2035 unicum

184 2082 346 2173 militare,
374 2083 417 2153 de
445 2104 513 2174 quc
540 2083 734 2156 decimatur
760 2084 926 2156 ecclesiae
953 2084 989 2155 in
1016 2083 1183 2174 lamina,
1210 2090 1247 2155 et
1272 2084 1371 2157 valor
1389 2087 1434 2158 ad
1451 2106 1556 2158 uuam
1582 2100 1745 2158 marcam:
1776 2178 1780 2191 Ι

287 2203 474 2295 Korurr,
509 2205 593 2278 rilla
629 2207 693 2278 sub
728 2206 895 2296 parochia
921 2203 964 2277 de
990 2204 1014 2276 J
1023 2206 1164 2276 anina
1199 2206 1286 2297 sita,
1322 2206 1420 2279 cuius
1455 2208 1580 2279 haeres
1616 2208 1744 2279 Petrus

184 2324 324 2398 Knoth
352 2326 479 2399 nobilis
498 2326 541 2397 de
564 2327 666 2399 domo
693 2327 855 2399 Pilawa.
882 2327 922 2397 In
950 2348 1019 2418 qua
1045 2332 1128 2397 sunt
1153 2327 1246 2400 lanei
1272 2329 1521 2419 cmethonales,
1550 2328 1593 2400 de
1621 2330 1745 2420 quihus

187 2448 335 2519 solvitur
365 2454 401 2519 et
428 2438 632 2520 conducitur
659 2448 792 2520 decima
817 2448 1045 2540 manipularis
1072 2456 1108 2520 et
1135 2449 1312 2540 canapalis
1339 2471 1404 2540 pro
1431 2452 1633 2542 episcopatu
1660 2449 1745 2522 Gra-

189 2570 351 2659 coviensi‚
380 2576 416 2642 et
438 2571 537 2644 valor
554 2572 629 2642 eius
648 2572 853 2643 aestimatur
871 2568 916 2642 ad
935 2576 1086 2663 quatuor
1111 2591 1257 2643 marcas.
1283 2572 1373 2644 ltem
1399 2571 1581 2663 praedium
1607 2574 1747 2645 unicum

187 2692 360 2783 militare,
387 2692 431 2763 de
459 2714 525 2784 quo
553 2669 752 2765 decimatur
772 2693 937 2764 ecclesiae
965 2692 1001 2763 in
1028 2692 1052 2765 J
1061 2693 1171 2764 auin
1184 2713 1222 2784 a,
1250 2699 1287 2765 et
1313 2695 1411 2765 valor
1438 2696 1513 2766 elus
1538 2694 1747 2767 aestimatur

190 2812 366 2885 adunam
392 2835 552 2887 marcam.
578 2816 667 2886 Item
692 2816 861 2887 tabernae
887 2835 956 2885 non
984 2820 1073 2905 sunt,
1100 2815 1185 2885 item
1211 2815 1431 2887 hortulauiae
1457 2837 1526 2887 non
1552 2821 1642 2888 sunt

291 2935 554 3029 WrnucnoruA,
581 2937 664 3009 villa
691 2937 755 3010 sub
781 2938 947 3027 parochia
973 2936 1016 3007 de
1043 2934 1066 3006 J
1076 2936 1216 3008 anina
1241 2938 1327 3028 sita,
1367 2939 1464 3009 cuius
1490 2938 1659 3009 haeredes
1684 2937 1746 3009 Jo-

191 3057 321 3128 hcnnes
361 3058 566 3130 Naschian
594 3058 637 3130 de
663 3060 769 3130 armis
804 3058 1089 3150 BIppennium‚
1126 3064 1163 3129 et
1189 3057 1315 3131 Petrus
1350 3059 1672 3151 Myedzigorsky
1702 3060 1746 3131 de

193 3180 295 3249 armis
322 3158 610 3271 Kop'aszyna.
643 3180 683 3251 In
711 3201 780 3272 qua
806 3186 888 3251 sunt
914 3180 1005 3252 lanei
1033 3180 1285 3272 emethonales,
1312 3181 1356 3252 de
1384 3183 1508 3272 quibus
1536 3182 1686 3253 solvitur
1712 3186 1748 3251 et

194 3302 396 3374 conducitur
432 3304 565 3376 decima
591 3303 816 3394 manipularis
844 3309 880 3375 et
907 3303 1082 3394 canapalis
1113 3324 1179 3394 pro
1206 3306 1408 3395 episcopatu
1444 3303 1686 3393 Oracoviensi‚
1713 3309 1749 3375 et

134 3443 137 3450 ’
194 3423 288 3496 valor
315 3426 392 3496 eius
419 3425 623 3498 aestimatur
649 3425 694 3496 ad
721 3425 807 3498 duas
833 3445 976 3498 marcas.
1003 3423 1091 3496 Item
1118 3426 1369 3517 hortulani...,
1395 3427 1480 3498 item
1507 3427 1655 3498 tahcma
1680 3446 1750 3496 una

195 3543 322 3616 hahens
351 3567 464 3638 agros,
491 3548 575 3618 item
602 3547 670 3619 duo
697 3547 841 3637 praedia
867 3546 1048 3637 militaria,
1075 3545 1119 3616 de
1147 3547 1272 3638 quihus
1298 3547 1492 3620 decimatur
1518 3549 1685 3620 ccclesiae
1710 3547 1747 3617 iu

196 3663 378 3759 Ionius,
405 3675 441 3739 et
467 3668 565 3740 valor
592 3669 667 3740 eius
694 3669 900 3740 aestimatur
926 3668 971 3740 ad
998 3667 1083 3739 duos
1111 3689 1255 3740 marcas.

295 3787 578 3882 Munnzrnouzng
604 3791 687 3863 villa
713 3791 777 3863 suh
804 3789 969 3880 parochia
995 3789 1038 3860 de
1056 3788 1080 3860 J
1084 3791 1207 3860 anina
1233 3791 1318 3880 sita,
1346 3791 1443 3862 cuius
1469 3791 1594 3861 haeres
1620 3790 1747 3862 Petrus

198 3907 514 4004 Myedzigorsky
540 3913 583 3985 de
611 3913 712 3985 domo
739 3912 1012 4002 Kopusszyna.
1043 3911 1083 3980 In
1111 3932 1181 4002 qua
1198 3918 1281 3984 sunt
1306 3911 1399 3982 lanei
1429 3911 1674 4001 cmethoualcs‚
1702 3912 1746 3982 de

200 4031 318 4119 quihus
348 4033 495 4105 solvitur
513 4040 550 4107 et
567 4023 770 4106 conducitur
798 4033 930 4111 decima
956 4033 1183 4123 manipularis
1209 4039 1245 4104 et
1270 4033 1448 4124 canapalis
1465 4052 1530 4123 pro
1549 4035 1750 4124 episcopatu

201 4149 434 4246 tirasonensi,
461 4162 497 4228 et
524 4157 621 4229 valor
649 4157 723 4228 cius
750 4157 954 4228 aestimatur
981 4156 1025 4226 ad
1052 4176 1156 4226 uuam
1182 4175 1343 4227 marcam.
1370 4156 1458 4228 Item
1485 4157 1653 4228 tabernae
1680 4175 1750 4226 non

201 4281 286 4367 sunt,
311 4279 397 4348 Item
415 4277 652 4350 hortulani...
678 4279 767 4351 Item
784 4299 890 4350 unum
904 4277 1083 4369 praedium
1100 4277 1260 4368 militare,
1287 4278 1331 4349 de
1349 4297 1417 4368 quo
1435 4277 1627 4349 decimatur
1644 4277 1752 4349 eccle·

202 4397 269 4468 siae
295 4399 329 4470 in
358 4399 381 4470 J
391 4399 546 4490 anina,
574 4405 610 4472 et
635 4401 734 4473 valor
760 4401 834 4472 elus
861 4399 906 4472 ad
932 4419 1036 4471 unam
1062 4419 1224 4472 marcam.
1705 4476 1711 4489 ,

300 4520 517 4613 Somnum,
543 4510 717 4595 villasuh
744 4523 910 4614 parochia
937 4521 1100 4594 ecclesiae
1128 4521 1172 4593 de
1198 4521 1221 4593 J
1231 4521 1369 4593 anina
1395 4522 1473 4611 sita
1501 4520 1598 4593 cuius
1625 4520 1748 4591 haeres

204 4636 323 4714 Petrus
351 4641 501 4716 Mrulr¹
522 4643 565 4716 dc
593 4646 698 4716 armis
701 4699 869 4716 .......
895 4644 936 4716 In
964 4665 1032 4736 qua
1058 4649 1141 4717 sunt
1167 4643 1258 4716 lanei
1286 4643 1529 4733 cmethonales‚
1556 4643 1599 4714 de
1626 4642 1750 4733 quihus

207 4762 347 4837 solvitur
373 4773 409 4837 et
436 4767 639 4839 conducitur
666 4767 799 4839 decima
824 4767 1050 4858 manipulariS
1077 4771 1113 4838 et
1141 4765 1316 4857 canapalis
1343 4785 1408 4857 pro
1436 4765 1583 4836 ccclesia
1608 4765 1644 4834 in
1672 4764 1751 4835 Do·

206 4881 451 4979 lesclricze,
478 4896 514 4960 et
532 4889 630 4962 valor
648 4889 723 4960 cius
751 4889 794 4960 ad
822 4889 974 4980 quinque
1000 4908 1136 4959 marcas
1164 4888 1377 4959 aestimatur.
1403 4886 1492 4958 Item
1517 4907 1624 4957 unum
1650 4905 1752 4976 prae·

208 5003 294 5079 diurn
321 5011 479 5102 militare,
507 5011 550 5083 de
569 5031 637 5102 quo
663 5011 856 5082 decimatur
882 5010 1047 5082 ecclesiae
1073 5011 1109 5080 iu
1136 5008 1160 5081 J
1165 5009 1295 5098 anina,
1322 5013 1359 5079 et
1376 5007 1476 5081 valor
1493 5008 1567 5078 eius
1585 5007 1751 5079 adunam

209 5145 361 5203 marcam.

305 5253 471 5346 Zrunrrrr,
499 5255 562 5326 sub
590 5255 755 5345 parochia
781 5254 824 5325 de
851 5252 1166 5326 Sczcworzisz
1193 5253 1278 5343 sita,
1314 5252 1411 5323 cuius
1437 5252 1561 5324 haeres
1588 5249 1752 5323 Nicolaus
1784 5233 1788 5242 ’

210 5365 455 5467 Roszpad'de
478 5376 579 5450 domo
602 5375 776 5467 Koszlye
802 5397 910 5467 rogy.
937 5376 976 5446 In
1002 5396 1069 5466 qua
1087 5381 1170 5446 suut
1186 5374 1278 5446 lanei
1296 5374 1539 5464 cmcthoualcs,
1566 5373 1752 5464 dequibus
1869 5471 1874 5483 ⁹

210 5493 348 5598 solvitur
375 5503 411 5571 et
437 5485 641 5571 conducitur
667 5499 800 5570 decima
830 5497 1056 5588 manipularis
1084 5502 1120 5567 et
1148 5496 1322 5588 canapalis
1348 5517 1412 5586 pro
1440 5496 1585 5568 ecclesia
1611 5496 1646 5567 in
1673 5494 1752 5566 Da-

212 5609 455 5713 leschicze‚
492 5629 528 5693 et
555 5620 653 5694 valor
670 5623 754 5719 eius
782 5620 986 5691 aestimatur
1013 5619 1057 5689 ad
1086 5641 1147 5690 sex
1172 5639 1324 5709 marcas,
1361 5620 1442 5688 item
1469 5619 1633 5708 taberna,
1668 5618 1753 5690 item

213 5731 394 5836 hortulani,
427 5745 511 5818 item
537 5742 717 5836 praedium
744 5743 794 5817 ibi
819 5742 958 5813 unicum
992 5742 1160 5834 militare,
1196 5741 1238 5812 de
1265 5761 1334 5834 quo
1360 5739 1552 5815 decimatur
1587 5739 1753 5813 ecclesiae
