4550 6600
1775 733 1824 810 ta

273 938 420 1036 siliginis
447 947 484 1018 et
509 959 614 1016 unam
641 958 781 1032 avenae3
807 937 890 1014 item
908 938 1054 1033 quilibet
1071 937 1326 1017 molendinator
1352 920 1458 1014 solvit
1474 939 1622 1034 plebano
1641 963 1702 1017 sex
1718 965 1818 1034 gros·

273 1084 340 1154 sos,
358 1069 395 1136 et
411 1066 620 1155 proveniunt
638 1065 757 1137 decem
769 1069 806 1136 et
824 1068 901 1136 octo
919 1063 1041 1153 grossi.
1067 1063 1156 1134 Item
1174 1064 1210 1134 in
1228 1064 1349 1136 eadem
1365 1063 1449 1135 villa
1462 1068 1516 1134 est
1538 1064 1683 1136 taberna
1700 1070 1824 1136 vocata

273 1182 552 1275 Chrosthna,
579 1186 615 1256 in
633 1189 746 1257 strata
762 1184 899 1274 publica
915 1184 1109 1276 llcusiensi,
1137 1186 1233 1258 cuius
1250 1187 1374 1257 haeres
1391 1183 1569 1257 Johannes
1587 1184 1674 1258 San
1686 1206 1823 1276 spou-

273 1305 376 1396 sky,
412 1305 546 1378 habens
577 1325 698 1396 agros,
733 1304 925 1394 dequibus
959 1305 1152 1377 decimatur
1185 1306 1428 1378 mansionariis
1463 1303 1750 1378 Gracoriensibus
1785 1305 1823 1378 in

271 1421 489 1518 pocillatorem.

377 1543 558 1635 Wonrn,'
576 1547 659 1618 villa
684 1546 748 1630 sub
773 1545 939 1635 parochia
965 1545 1008 1618 de
1035 1544 1255 1635 Sanspow
1280 1547 1366 1636 sita,
1402 1547 1498 1617 cuins
1524 1544 1694 1618 haeredes
1721 1544 1821 1618 Ghri‘-

276 1665 464 1756 stophorus
482 1664 722 1737 etStanislaus
740 1663 1156 1756 Schaffrancoues‚
1175 1665 1219 1737 de
1237 1666 1340 1738 domo
1357 1665 1670 1756 Antiquarum
1688 1666 1821 1758 Equa-

273 1805 386 1875 rum,
423 1786 459 1856 in
494 1805 562 1876 qua
597 1790 679 1856 sant
713 1785 819 1856 lanei·
841 1785 1091 1877 cmethonaleS,
1127 1786 1171 1858 de
1207 1787 1332 1876 qnibns
1367 1787 1515 1860 solvitur
1548 1792 1586 1858 et
1618 1787 1822 1862 conducitur

272 1902 405 1976 decima
423 1957 564 1976 ......

935 2024 1173 2098 Suaoszown.
1639 2103 1643 2109 ,

312 2163 314 2170 ·
371 2143 474 2234 Villa
501 2144 634 2216 habens
662 2144 843 2218 ecclesiam
869 2147 1101 2236 parochialem
1133 2145 1248 2236 lapide
1276 2147 1356 2218 albo
1382 2151 1571 2237 muratam,
1606 2167 1670 2238 per
1696 2147 1820 2220 scolte-

266 2268 340 2336 tum
368 2269 404 2336 et
430 2265 628 2364 cmethones
655 2256 768 2356 villae,
795 2270 832 2337 et
858 2263 984 2338 Sancto
1010 2266 1201 2338 Laurentio
1226 2268 1374 2358 martyri
1400 2268 1561 2357 dicatam,
1587 2269 1624 2338 in
1644 2286 1692 2358 se,
1720 2269 1818 2340 cuius

266 2385 390 2457 haeres
417 2384 686 2475 Christopherus
713 2385 1078 2478 Schallranyecz
1106 2386 1370 2460 cumfratribus
1396 2388 1566 2460 dedomo
1593 2387 1819 2479 Antiquo-

267 2524 361 2576 rum
386 2504 636 2597 Equorum,
663 2508 700 2577 in
727 2527 795 2597 qua
821 2512 903 2578 sunt
929 2513 1066 2580 centum
1091 2508 1217 2598 viginti
1242 2509 1335 2580 lanei
1360 2509 1604 2599 cmetbonalcs,
1631 2508 1817 2599 dequibus

269 2624 404 2698 decima
428 2625 610 2699 fertonalis
636 2627 783 2708 solvitur
808 2647 872 2718 pro
900 2628 1102 2719 episcopatu
1129 2627 1369 2718 Oracoriensi,
1404 2634 1440 2700 et
1466 2629 1509 2700 de
1536 2630 1691 2720 quolibet
1717 2630 1817 2701 laneo

271 2747 417 2818 solvitur
442 2768 532 2820 unus
557 2746 648 2820 ferto
675 2748 824 2820 latorum
849 2769 1050 2839 grossorum
1076 2747 1324 2839 Pragensium;
1354 2750 1438 2820 item
1465 2749 1612 2822 ecclesia
1637 2754 1674 2820 et
1698 2750 1817 2840 pleba-

235 2905 237 2910 ·
268 2887 333 2940 nus
359 2867 467 2940 habet
492 2869 543 2940 ibi
569 2869 729 2959 proprios
756 2889 859 2959 agros
886 2869 1015 2941 liberos
1034 2874 1069 2942 et
1087 2875 1192 2959 prata
1216 2891 1281 2960 pro
1300 2890 1363 2942 suo
1387 2869 1531 2960 praedio
1549 2875 1585 2940 et
1601 2871 1818 2942 necessitate.

266 2987 353 3059 Item
371 2989 421 3060 ibi
438 2993 519 3060 sunt
534 2995 609 3062 tres
626 2990 802 3080 tabernae,
828 3010 897 3062 non
915 2989 1082 3061 habentes
1100 3011 1215 3080 agros3
1241 2990 1325 3061 item
1351 2990 1499 3080 quilibet
1524 2991 1660 3062 emetbo
1677 2990 1816 3062 ratione

264 3109 453 3184 missalium
480 3109 585 3182 solvit
601 3110 748 3201 plebano
776 3114 924 3200 quatuor
951 3111 1075 3182 choros
1111 3110 1259 3199 siliginis
1286 3114 1322 3180 et
1350 3115 1499 3200 quatuor
1525 3131 1655 3182 arenae
1682 3111 1817 3201 planos.

158 3312 160 3323 Ι
202 3257 210 3268 ·
270 3228 357 3301 Item
385 3235 438 3303 est
463 3230 513 3303 ibi
539 3230 716 3321 scoltetia,
743 3231 874 3303 habens
901 3230 988 3303 duos
1015 3231 1152 3322 laneos,
1179 3236 1216 3303 et
1242 3230 1285 3305 de
1311 3231 1466 3322 quolibet
1491 3231 1592 3303 laneo
1618 3231 1724 3304 solvit
1749 3253 1814 3323 pro
1889 3284 1894 3300 ,

269 3350 417 3442 plebano
444 3356 481 3423 et
507 3352 671 3424 ecclcsiae
697 3373 803 3424 unum
829 3350 998 3425 fertonem
1025 3352 1178 3423 latorum
1202 3372 1404 3442 grossorum
1429 3350 1656 3442 Progensium
1682 3353 1719 3423 in
1745 3351 1815 3423 Su-

235 3544 240 3551 ,
269 3471 485 3563 loszowa3
512 3474 594 3544 item
612 3474 648 3544 in
667 3473 787 3545 eadem
813 3472 896 3545 villa
913 3492 1021 3563 prope
1040 3492 1156 3543 aream
1183 3472 1323 3562 plebani
1345 3473 1523 3563 consurgit
1548 3473 1672 3545 fluvius
1690 3472 1815 3545 Pran-

266 3591 394 3682 dnik,
421 3592 457 3664 in
486 3614 553 3683 quo
580 3597 634 3663 est
658 3594 792 3682 piscina
817 3592 964 3683 plebani.
990 3593 1077 3663 Item
1105 3592 1252 3682 quilibet
1277 3594 1413 3665 cmetho
1440 3593 1483 3663 de
1500 3593 1601 3664 laneo
1629 3594 1734 3665 solvit
1750 3616 1814 3684 pro

264 3708 395 3783 atolowe
429 3713 575 3803 plebano
602 3714 752 3785 medium
778 3736 955 3805 grossum,
988 3720 1024 3785 et
1050 3714 1238 3803 inquilinus
1270 3734 1334 3783 sex
1361 3713 1542 3801 denarios;
1577 3713 1659 3783 item
1687 3718 1741 3783 est
1766 3716 1816 3786 ibi

265 3832 446 3923 praedium
473 3854 578 3905 unum
604 3834 763 3925 militare,
792 3835 855 3907 sub
875 3839 990 3905 castro
1018 3832 1333 3923 Pyeschkowa
1359 3830 1517 3921 Skala,
1549 3831 1635 3902 satis
1662 3832 1812 3921 amplum

265 3958 302 4025 et
326 3954 444 4044 latum,
470 3956 603 4026 habens
630 3976 748 4046 agros,
776 3954 818 4027 de
847 3956 971 4045 quibus
999 3953 1160 4057 solvitur·
1175 3952 1307 4023 decima
1332 3951 1560 4041 manipularis
1586 3952 1751 4023 ecclesiae
1777 3953 1814 4025 in

264 4072 569 4146 Suloschowa
595 4075 683 4145 Item
700 4075 901 4165 notandum,
920 4074 1011 4165 quod
1030 4070 1480 4164 castrumPyeszkowa
1505 4071 1643 4144 Skala
1668 4073 1813 4165 regium,

194 4175 199 4195 '
263 4214 327 4284 per
353 4192 556 4265 Gasimirnm
584 4194 749 4267 Poloniae
776 4216 894 4285 regem
920 4199 1103 4284 muratum,
1132 4194 1224 4284 quod
1251 4193 1449 4265 Ludoricus
1475 4192 1640 4265 Poloniae
1663 4199 1699 4265 et
1715 4193 1813 4265 Hun-

263 4316 382 4404 gariae
409 4335 471 4387 rex
499 4315 642 4387 donavit
678 4320 714 4387 et
740 4322 907 4405 perpetuo
943 4316 1121 4405 inscripsit
1147 4314 1252 4386 Petro
1288 4313 1658 4406 Schaflranyecz
1694 4336 1812 4385 succa-

262 4436 422 4526 merario,
449 4440 484 4507 et
510 4456 553 4507 ex
579 4440 659 4525 post
685 4436 838 4524 palatino
866 4434 1096 4507 Oracoviensi.
1140 4436 1228 4506 Item
1255 4434 1415 4526 praefata
1449 4436 1595 4506 ecclesia
1622 4436 1658 4504 in
1685 4434 1814 4506 Sulo-

263 4555 446 4627 schoua
471 4555 583 4627 nullos
611 4555 696 4627 alios
723 4556 831 4627 habet
856 4560 1062 4647 proventae,
1094 4577 1158 4627 nec
1185 4557 1318 4648 aliquas
1345 4556 1446 4627 villas
1471 4554 1708 4645 parochiales,
1743 4555 1812 4625 nisi

262 4696 367 4745 unam
394 4673 703 4749 Suloschowa.

970 4797 1108 4869 Sanan.

366 4914 549 5008 Oppidum,
574 4912 707 4991 babens
733 4917 769 4989 in
797 4937 834 4989 se
860 4918 1092 5009 parochialem
1119 4918 1299 4991 ecclesiam
1325 4917 1486 5009 ligneam,
1513 4914 1638 4988 Sancto
1666 4914 1810 4991 Nicolao

261 5035 450 5110 confessori
477 5038 623 5109 dicatam
650 5043 686 5109 et
711 5037 826 5129 lapide
852 5044 1033 5128 muratam,
1060 5039 1158 5110 cuius
1184 5039 1352 5128 plebanus
1378 5038 1505 5109 Petrus
1532 5037 1575 5108 de
1594 5091 1601 5106 .
1620 5090 1628 5106 .
1647 5061 1683 5107 ι.
1710 5059 1808 5128 pres-

260 5158 383 5249 byter,
417 5158 514 5229 cuius
549 5160 746 5249 proprietas
781 5158 826 5229 ad
861 5158 1109 5229 monasterium
1145 5160 1456 5231 sanctimonialium
1493 5157 1612 5229 Sancti
1647 5157 1809 5229 Andreae

259 5278 391 5350 ordinis
418 5278 566 5351 Sanctae
592 5278 715 5351 Clarae
742 5280 911 5370 pertinet,
947 5279 983 5349 in
1011 5300 1078 5371 quo
1105 5286 1187 5351 sunt
1213 5280 1338 5370 viginti
1365 5284 1513 5370 quatuor
1538 5278 1632 5349 lanei
1657 5279 1810 5351 emetho·

258 5399 376 5489 ucles,
404 5397 447 5471 de
474 5400 598 5490 quibus
625 5399 743 5472 decern
778 5400 870 5470 lanei
902 5400 1135 5471 emethanales
1171 5400 1344 5471 decimant
1379 5400 1541 5489 episcopo
1576 5396 1807 5493 Gracoviensi,

258 5519 378 5594 decem
404 5540 487 5593 vero
514 5522 734 5609 monasteria
762 5520 805 5591 de
832 5518 981 5591 residuis
1000 5539 1083 5590 vero
1111 5524 1260 5610 quatuor
1285 5520 1403 5609 laneis,
1431 5519 1491 5609 qui
1508 5515 1618 5613 ooolap
1636 5520 1807 5613 dicuntur,

191 5626 196 5635 ’
259 5640 408 5713 solvitur
435 5646 471 5713 et
497 5642 699 5715 conducitur
726 5641 859 5713 decima
884 5640 1109 5733 manipularis
1136 5646 1173 5711 et
1199 5641 1374 5730 canapalis
1407 5640 1571 5713 ecclesiae
1597 5647 1634 5713 et
1659 5641 1807 5743 plebano
1947 5636 1954 5641 ’
