4550 6600
420 853 432 876 ι
489 759 511 830 6

482 985 699 1039 successores
726 966 837 1056 ipsius
867 964 1087 1052 Orientb,
1116 965 1213 1037 cuius
1232 964 1394 1036 altarista
1411 962 1582 1054 Georgius
1610 964 1653 1035 de
1680 963 1920 1055 Wyuczilr,
1947 963 2047 1055 qnod

483 1087 591 1160 hahet
618 1107 741 1159 census
767 1088 804 1158 in
830 1087 914 1158 villa
949 1087 1078 1159 domini
1113 1085 1238 1158 Jacohi
1264 1086 1307 1157 de
1333 1085 1536 1157 Damhno
1572 1085 1757 1156 castellani
1792 1060 2047 1176 Cracovicusis,

480 1207 646 1279 tredecim
673 1228 807 1279 marcos
834 1208 983 1280 latorum
1011 1185 1221 1298 grossorum.
1343 1266 1348 1274 .
1796 1220 1801 1235 ·

586 1327 709 1400 Altare
726 1328 939 1401 fundationis
954 1329 1095 1420 Sleptr
1105 1327 1209 1418 egel,
1227 1330 1325 1399 cuius
1338 1329 1478 1419 patroni
1495 1335 1573 1399 tota
1584 1328 1791 1418 genealogia
1804 1328 1914 1417 ipsius
1926 1327 2044 1416 Slep-

478 1449 623 1539 trogel,
637 1450 735 1520 cuius
749 1450 908 1521 altarista
923 1505 929 1518 .
945 1507 952 1520 .
968 1431 1111 1540 ,guod
1125 1450 1231 1521 babet
1244 1450 1280 1520 in
1295 1451 1471 1539 praetorio
1485 1448 1709 1521 cracoviensi
1728 1448 1877 1520 sedecim
1895 1468 2043 1519 marcas.

582 1568 704 1641 Altare
731 1569 833 1641 Beati
860 1569 1007 1642 Martini
1034 1571 1127 1641 circa
1153 1571 1357 1659 sacristiam,
1384 1571 1481 1641 cuius
1507 1571 1646 1660 patroni
1667 1625 1782 1638 .....

752 1817 942 1898 [eclesia
977 1817 1171 1896 Omnium
1204 1817 1457 1896 Sanctorum
1491 1819 1530 1895 in
1562 1815 1785 1896 Oraeovla.

586 2056 625 2126 Iu
647 2055 794 2130 ecclesia
812 2053 972 2126 Omnium
991 2053 1197 2126 Sanctorum
1215 2056 1251 2125 in
1279 2053 1505 2125 Cracovia
1529 2054 1746 2143 aprimaeva
1763 2055 1818 2124 sni
1834 2054 2042 2126 fundatione

479 2198 570 2249 uuus
597 2183 674 2248 erat
700 2176 879 2266 plebanus,
906 2197 994 2246 unus
1019 2183 1157 2264 rector;
1183 2178 1339 2266 petronis
1366 2196 1449 2247 vero
1477 2175 1766 2265 discordantibus,
1792 2181 1930 2246 creatae
1955 2184 2042 2247 sunt

480 2299 568 2369 duae
584 2297 773 2388 pichanias,
802 2301 839 2367 et
865 2303 1055 2386 proventus
1082 2298 1309 2368 ecclesiastici
1335 2298 1371 2367 in
1399 2301 1580 2386 utramque
1608 2297 1794 2368 distributi.
1829 2296 1895 2367 list
1921 2301 2040 2368 autem

484 2419 631 2490 ecclesia
655 2421 810 2508 murata,
849 2420 973 2508 partim
1001 2419 1134 2509 lapide,
1171 2420 1298 2509 partim
1324 2419 1453 2508 latere,
1488 2417 1636 2507 amplam
1661 2418 1801 2490 ‘babens
1828 2417 2038 2508 parochiam,

482 2541 546 2612 sub
575 2545 706 2631 quaet
733 2541 920 2612 castrensis
947 2545 1023 2611 tota
1049 2563 1071 2612 a
1097 2541 1227 2612 circulo
1255 2539 1450 2611 inchoando
1477 2545 1513 2609 et
1539 2539 1612 2610 lata
1637 2539 1785 2629 plateae,
1812 2545 1848 2609 et
1875 2541 2038 2610 universa

481 2659 748 2734 Stradomia
775 2681 851 2732 cum
879 2661 951 2733 suis
975 2663 1196 2752 pertinentiis
1215 2667 1251 2733 ct
1268 2662 1427 2734 domibus
1444 2661 1481 2731 in
1499 2654 1646 2731 circuitu
1664 2661 1771 2730 castri
1797 2659 2037 2732 cracoviensis

482 2783 616 2874 locatis,
643 2787 679 2853 et
705 2784 810 2855 etiam
838 2805 915 2855 cum
942 2783 1066 2874 platea,
1094 2785 1206 2855 alata
1232 2784 1348 2873 platea
1375 2801 1482 2872 usque
1510 2781 1554 2851 ad
1580 2802 1716 2852 murum
1743 2781 1889 2871 civilem,
1916 2802 2035 2853 versus

477 2905 726 2978 monasterium
755 2903 873 2976 Sancti
899 2903 1084 2993 Francisci,
1112 2905 1245 2975 inclusa
1271 2904 1369 2973 curia
1396 2903 1550 2992 episcopi
1567 2900 1837 2990 ¹(lracoriensis,
1864 2909 2034 2992 porrecta

478 3025 643 3098 Fundata
672 3031 798 3113 autem,
827 3024 949 3095 dotata
976 3030 1012 3095 et
1039 3029 1157 3096 erecta
1182 3023 1353 3094 asseritur
1378 3043 1442 3112 per
1468 3023 1638 3113 quendam
1665 3021 1834 3094 Jacohum
1861 3023 2037 3094 Bobola

480 3146 627 3218 militem
654 3145 950 3234 strenuissimum,
987 3145 1149 3216 devotum
1176 3144 1277 3216 valde
1303 3150 1340 3215 et
1365 3144 1586 3235 religiosum,
1623 3146 1682 3234 qui
1708 3167 1772 3234 pro
1800 3165 1863 3216 suo
1890 3151 1972 3216 voto
1998 3147 2036 3216 iu

482 3267 576 3339 omni
603 3271 775 3357 apparatu
793 3265 959 3339 exteriori
984 3271 1059 3339 tum
1078 3267 1113 3338 iu
1138 3287 1189 3357 se,
1216 3266 1415 3338 tumetium
1433 3266 1469 3337 in
1489 3285 1553 3337 sua
1578 3264 1709 3337 familia
1727 3267 1892 3339 utebatur
1909 3287 2036 3357 panno,

481 3394 517 3459 et
543 3408 613 3459 nou
640 3386 683 3458 de
710 3387 779 3482 alio
807 3408 909 3479 quam
937 3388 979 3459 de
1007 3388 1086 3460 albo
1114 3389 1246 3478 colore,
1284 3389 1386 3459 huius
1423 3388 1544 3459 domus
1572 3393 1608 3457 et
1634 3387 1833 3459 baereditas
1868 3390 2036 3479 primaria

480 3509 707 3582 athabitatio
735 3508 899 3580 continua
925 3510 960 3579 in
979 3530 1122 3599 parva
1148 3508 1356 3600 Pyassek
1383 3508 1467 3597 luit,
1495 3508 1675 3609 Slnpou
1701 3530 1786 3580 vero
1813 3516 1850 3580 et
1875 3531 2036 3600 magna

478 3628 685 3723 Pyasselr
713 3635 750 3701 et
777 3627 974 3701 Gadawa
1001 3637 1037 3702 et
1064 3630 1153 3701 aliae
1171 3630 1275 3701 villae
1302 3634 1403 3701 erant
1421 3630 1495 3701 eius
1514 3628 1760 3701 haereditates.
1792 3630 1887 3702 Idem
1916 3636 2036 3721 porta-

477 3752 540 3824 bat
565 3772 629 3843 pro
657 3752 762 3824 armis
790 3756 826 3823 et
854 3752 974 3844 clypeo
1002 3752 1107 3843 ignile
1126 3753 1267 3842 longum
1286 3758 1321 3823 et
1339 3752 1522 3840 strictum;
1548 3752 1689 3822 tandem
1716 3750 1792 3822 eius
1818 3773 2035 3825 successores

478 3874 709 3965 multiplicati,
737 3894 814 3947 cum
840 3874 1009 3950 militibus
1028 3880 1064 3945 et
1082 3876 1241 3965 satrapis
1270 3875 1329 3965 qui
1356 3895 1399 3945 ex
1418 3870 1532 3944 Reno
1560 3878 1737 3962 venerant,
1764 3873 1807 3944 de
1833 3874 2034 3947 Tbernow

477 3996 647 4085 videlicet,
682 3996 888 4087 Melstyu
915 4002 951 4065 et
976 3994 999 4066 J
1009 3996 1134 4067 arosl
1147 4016 1218 4084 au,
1245 4003 1282 4066 et
1308 3996 1425 4065 lunam
1460 4000 1711 4066 menstruatam
1745 4016 1825 4066 cum
1859 3996 1963 4067 stella
1996 3998 2032 4067 in

478 4136 599 4205 campo
627 4116 813 4187 coelestino
841 4136 904 4204 pro
932 4116 1060 4205 insigni
1086 4117 1284 4205 portabant,
1312 4137 1349 4186 se
1377 4115 1640 4205 coniunxerunt,
1667 4122 1703 4187 et
1730 4121 1868 4189 vetusto
1895 4119 2031 4209 insigni,

480 4236 579 4327 ignili
597 4234 759 4307 videlicet
776 4234 944 4325 deposito,
971 4235 1106 4325 insigne
1133 4235 1255 4307 stellae
1281 4242 1318 4306 et
1335 4235 1437 4306 lunae
1464 4241 1700 4308 menstruatae
1726 4238 1818 4310 terre
1837 4244 2032 4329 coeperunt.

479 4331 613 4429 Extant
639 4362 754 4428 tamen
782 4356 939 4427 nonnulli
964 4356 1093 4427 milites
1120 4357 1158 4427 in
1184 4354 1350 4427 Polonine
1376 4374 1496 4445 regno,
1521 4360 1558 4427 et
1583 4360 1791 4447 praesertim
1807 4360 1845 4431 in
1864 4359 2033 4450 Maronia,

480 4479 539 4569 qui
566 4478 665 4569 ignili
691 4498 754 4567 pro
783 4476 889 4548 armis
925 4482 1080 4549 utuntur.
1124 4476 1285 4549 Habetur
1311 4483 1347 4549 et
1374 4476 1569 4569 aliquorum
1604 4480 1764 4570 assertio,
1801 4502 1889 4571 quae
1923 4503 2032 4573 genus

477 4598 672 4691 praelatum
700 4603 736 4669 et
763 4598 901 4689 domus,
939 4598 1030 4689 quod
1058 4618 1096 4669 se
1122 4598 1291 4669 haetenus
1326 4604 1428 4670 vocat
1464 4600 1663 4699 Lelyua,
1700 4622 1811 4692 neque
1838 4622 1881 4673 ex
1908 4602 2031 4676 Reno

476 4720 658 4793 Pbloniam
694 4719 871 4811 venerint,
903 4740 1019 4811 ‘neque
1055 4720 1173 4791 lunam
1208 4724 1459 4792 menstruatam
1495 4727 1530 4793 et
1561 4721 1697 4793 stellam
1733 4744 1796 4813 pro
1833 4724 1962 4815 insigni
1988 4744 2032 4795 ex

476 4843 599 4914 Reno
626 4840 780 4933 tulerint,
807 4842 868 4915 sed
895 4843 930 4912 iu
959 4840 1107 4932 quodam
1134 4841 1225 4912 bello
1253 4847 1375 4913 contra
1401 4842 1587 4933 Hungaros
1613 4845 1794 4934 instructo,
1820 4850 1858 4916 et
1883 4844 2033 4917 feliciter

477 4963 621 5036 demotis
648 4964 807 5037 hostibus
835 4965 989 5052 obtento,
1016 4964 1132 5033 lunam
1160 4966 1412 5035 menstruatam
1439 4984 1516 5035 cum
1543 4965 1654 5054 stella,
1682 4966 1726 5037 ad
1753 4986 1899 5056 quorum
1917 4970 2031 5038 ortum

477 5088 697 5179 pugnabant,
716 5092 752 5159 et
769 5086 881 5178 qualis
898 5092 983 5157 tunc
1001 5090 1078 5155 erat
1096 5085 1324 5156 menstruatio
1342 5086 1459 5176 lunae,
1487 5106 1508 5157 a
1526 5086 1706 5157 Vladlsleo
1729 5086 1911 5159 Loktek
1929 5087 2031 5160 Polo-

476 5210 556 5280 niae
581 5230 664 5301 rege
691 5210 727 5281 in
754 5209 890 5300 signum
929 5204 1105 5279 virilitatis
1132 5210 1215 5277 tunc
1240 5210 1418 5299 ostensae,
1454 5207 1637 5298 praemiati
1671 5214 1769 5298 sunt,
1804 5213 1841 5280 et
1866 5230 2032 5300 processu

479 5332 646 5421 temporis
673 5332 717 5403 ab
744 5329 974 5418 eodem·rege
1000 5334 1044 5399 et·
1060 5328 1130 5399 filio
1154 5348 1216 5400 suo
1236 5327 1414 5420 Oasimiro,
1441 5330 1598 5420 plerique
1617 5350 1660 5400 ex
1679 5330 1729 5401 eis
1747 5336 1892 5420 propter
1910 5352 2030 5403 eornm

475 5448 701 5523 factivitatem
719 5456 756 5523 et
772 5448 1003 5542 prudentiam,
1030 5452 1065 5520 et
1091 5449 1270 5540 signanter
1296 5451 1435 5542 quidam
1453 5450 1718 5542 Spiczmerus,
1744 5451 2029 5543 haereditatibus

478 5570 724 5644 donationibus
751 5576 787 5644 et
804 5570 1066 5663 magistratibus
1093 5572 1194 5662 aucti,
1222 5578 1338 5644 castra
1364 5573 1442 5662 tria,
1470 5550 1714 5663 Melsthin,
1745 5572 1968 5645 Tharnen
1994 5579 2031 5645 et

469 5686 1113 5789 'deroslawmurolatericio,¹duas
1133 5714 1269 5790 quoque
1287 5693 1448 5769 civitates
1474 5692 1701 5769 Tharnen
1727 5700 1765 5769 et
1790 5694 2030 5789 Jaroslaw,
