4550 6600
544 779 615 865 lli

536 1002 581 1073 ad
607 1000 856 1073 monasterium
883 994 1105 1091 Thynczense
1144 996 1307 1093 pertinet.
1351 997 1392 1072 ln
1419 1018 1488 1092 qua
1515 1003 1597 1074 sunt
1631 994 1723 1074 lanei
1760 996 2013 1094 emethonaleS,
2049 999 2090 1076 de

537 1124 661 1213 quibus
688 1122 836 1195 solvitur
862 1128 898 1193 et
925 1123 1127 1194 conducitur
1146 1124 1280 1195 decima
1305 1123 1530 1213 manipularis
1532 1179 1577 1194 .....
1604 1124 1693 1195 Item
1715 1126 1806 1206 ,haec
1832 1125 1916 1197 nilla
1942 1147 2013 1196 non
2040 1132 2090 1197 est

537 1244 683 1335 amplius
714 1244 750 1314 in
769 1264 902 1339 ¹rerum
939 1248 1083 1335 natura,
1120 1244 1247 1334 oppido
1284 1245 1375 1315 enim
1412 1244 1625 1316 Skawina
1659 1246 1759 1317 unita
1793 1252 1865 1336 est,
1900 1251 1938 1316 et
1975 1268 2090 1317 ornnes

537 1366 614 1456 agri
641 1366 715 1436 eius
742 1366 834 1437 iuter
861 1366 1051 1458 oppidanos
1079 1364 1313 1436 Skavinenses
1340 1365 1530 1437 distributi.

641 1486 841 1577 Burrowrs,
867 1487 952 1559 villa
978 1488 1041 1557 sub
1068 1486 1235 1576 parochia
1261 1486 1305 1557 de
1332 1486 1549 1558 Skawina
1575 1489 1661 1577 sita,
1698 1488 1794 1559 cuius
1821 1489 2021 1580 proprietas
2048 1488 2090 1558 ad

537 1609 785 1679 monasterium
812 1608 1055 1700 Thyneczense
1082 1608 1244 1697 pertinet.
1288 1608 1330 1678 In
1358 1629 1427 1698 qua
1453 1614 1534 1679 sunt
1570 1629 1692 1680 novem
1727 1608 1821 1680 lanei
1856 1610 2090 1680 cmethouales

538 1735 574 1800 et
600 1736 672 1801 tres
701 1734 852 1820 quartae,
880 1735 916 1799 et
943 1729 1031 1800 duae
1058 1728 1298 1818 hortulaniae,
1335 1729 1531 1819 exquibus
1567 1729 1720 1800 decimae
1756 1730 1985 1819 manipularis
2013 1750 2090 1819 per·

537 1850 652 1939 ceptio
688 1848 961 1937 diversificatur3
996 1824 1079 1919 nani
1113 1868 1177 1937 pro
1204 1868 1275 1919 una
1302 1846 1488 1920 medietate
1524 1848 1627 1919 villae
1663 1849 1813 1939 percipit
1848 1870 1924 1919 eam
1961 1850 2092 1920 vicaria

536 1970 755 2060 praebendae
782 1969 1037 2059 Oracoviensis,
1075 1990 1163 2059 quae
1190 1976 1335 2041 vocatur
1361 1960 1653 2061 Bossuthonska,
1690 1975 1727 2041 et
1753 1970 1852 2042 valor
1882 1971 1959 2040 eius
1988 1972 2091 2041 aesti-

538 2098 654 2163 matur
680 2092 723 2163 ad
751 2098 900 2182 quatuor
926 2110 1081 2180 marcas;
1108 2090 1151 2161 de
1178 2091 1290 2161 altera
1316 2112 1399 2163 vero
1425 2090 1613 2163 medietate
1639 2091 1788 2182 percipit
1814 2112 1890 2162 eam
1916 2098 2093 2177 monaste-

537 2214 628 2285 rium
656 2214 903 2305 Thyniczense,
930 2218 965 2283 et
993 2211 1089 2287 valor
1118 2212 1194 2283 eius
1221 2214 1427 2284 aestimatur
1453 2213 1497 2283 ad
1524 2220 1673 2303 quatuor
1699 2233 1843 2283 marcas
1873 2212 1965 2284 Item
1992 2234 2092 2303 prae-

539 2334 633 2405 dium
661 2335 709 2404 ibi
737 2334 944 2423 coenobiale,
972 2333 1014 2404 de
1042 2354 1110 2423 quo
1137 2333 1453 2435 nulli-decimando,
1481 2334 1591 2405 solum
1618 2334 1766 2425 percipit
1793 2333 1971 2405 decimam.

642 2454 818 2545 Zonzow,
851 2454 934 2525 villa
961 2455 1024 2525 sub
1052 2454 1217 2545 parochia
1238 2435 1295 2525 ‘de
1322 2453 1535 2525 Skawina
1571 2456 1657 2544 sita,
1692 2455 1788 2527 cuius
1820 2455 2024 2544 proprietas
2050 2455 2091 2524 ad

537 2576 785 2647 monasterium
812 2572 1034 2667 Thynczense
1061 2576 1222 2665 pertinet.
1248 2575 1290 2647 Iu
1313 2597 1382 2666 qua
1408 2582 1490 2647 sunt
1516 2566 1697 2647 duodecim
1722 2575 1816 2646 lanei
1844 2576 2091 2665 cmethonales,

537 2698 683 2769 taberna
709 2717 778 2769 una
804 2697 935 2769 habens
962 2717 1083 2787 agros,
1119 2697 1162 2767 de
1190 2697 1315 2788 quibus
1342 2698 1520 2788 omnibus,
1557 2697 1618 2768 sed
1645 2703 1681 2767 ct
1707 2697 1751 2767 de
1777 2697 1871 2786 agris
1898 2697 2092 2786 sceltonae,

537 2819 643 2890 solvit
669 2818 751 2890 villa
777 2816 935 2909 praelata
970 2818 1138 2889 decimam
1165 2819 1337 2907 ingrana
1375 2838 1439 2907 pro
1466 2819 1677 2911 monasterio
1705 2817 1939 2909 Thynczensi,
1977 2818 2092 2888 dando

538 2940 684 3030 quilibet
710 2940 753 3011 de
781 2939 880 3010 laneo
909 2938 1035 3029 triplex
1062 2959 1219 3029 manum,
1259 2939 1421 3010 videlicet
1446 2994 1613 3009 .......
1640 2959 1820 3010 mensuras
1846 2939 1957 3009 tritici
1976 2994 2091 3008 .....

538 3062 685 3151 siliginis
712 3067 748 3131 et
768 3112 908 3131 ......
935 3080 1085 3150 avenae3
1111 3060 1281 3131 scultetus
1308 3081 1390 3132 vero
1428 3060 1534 3132 solvit
1561 3061 1727 3132 decimam
1769 3060 1945 3150 manipulo
1974 3082 2093 3132 mona-

538 3183 646 3253 sterio
673 3181 785 3252 eidem
812 3179 1036 3271 Thynczensi.

642 3302 856 3392 Cuazntow,
884 3302 966 3373 villa
992 3303 1056 3374 sub
1084 3301 1203 3373 eadem
1230 3303 1404 3394 parochia,
1433 3304 1529 3374 cuius
1555 3304 1753 3393 proprietas
1781 3303 1825 3374 ad
1845 3304 2092 3374 sanctimonia-

537 3424 588 3496 les
615 3425 651 3494 in
677 3423 1042 3515 Zwyerzynyecz
1069 3425 1232 3514 pertinet.
1258 3425 1299 3495 In
1326 3445 1395 3514 qua
1421 3431 1503 3496 sunt
1529 3425 1622 3496 lanei
1640 3425 1881 3515 cmethouales,
1901 3425 1944 3495 de
1965 3427 2091 3515 quibus

537 3545 686 3618 solvitur
712 3551 748 3617 et
774 3544 978 3617 conducitur
1004 3545 1137 3616 decima
1163 3546 1388 3635 manipularis
1415 3552 1451 3616 et
1477 3547 1653 3637 canapalis
1679 3567 1743 3636 pro
1770 3547 1900 3616 vicaria
1919 3548 2092 3637 praeben-

536 3667 601 3739 dae
629 3666 885 3757 cracoviensis,
913 3687 1000 3756 quae
1032 3673 1178 3738 vocatur
1203 3667 1492 3758 Bossuthowska,
1520 3673 1556 3738 et
1583 3668 1683 3739 valor
1709 3669 1783 3739 eius
1811 3669 2020 3739 aestimatur
2047 3667 2090 3738 ad
2170 3687 2174 3702 ·

537 3789 686 3881 quinque
713 3809 856 3859 marcas.
883 3787 971 3858 Item
998 3787 1048 3859 ibi
1074 3810 1143 3861 non
1171 3793 1224 3860 est
1250 3790 1443 3879 praedium,
1461 3808 1573 3879 neque
1592 3788 1845 3877 molendinum3
1872 3789 1956 3859 item
1974 3790 2093 3859 taber·
2172 3771 2174 3782 ’

536 3929 610 4002 nae,
638 3911 721 3981 item
747 3909 975 3981 hortulaniae.
1004 3992 1006 3996 ¹

587 4041 590 4048 ·
1212 4029 1422 4101 anurncz.

639 4147 735 4220 Villa
760 4149 824 4220 sub
851 4148 1060 4220 monasterio
1088 4147 1304 4239 Thynczensi
1330 4151 1407 4221 sita.
1433 4151 1474 4223 In
1501 4173 1569 4241 qua
1592 4157 1645 4223 est
1663 4151 1808 4223 ecclesia
1826 4156 1965 4222 murata
1983 4171 2090 4242 opere

536 4275 686 4360 vetusto,
713 4274 748 4340 et
774 4270 943 4340 asseritur
969 4289 1039 4340 una
1065 4268 1298 4366 ecclesiarum,
1326 4293 1412 4361 quas
1430 4272 1556 4344 Petrus
1575 4271 1698 4344 (lomes
1717 4271 1759 4343 de
1778 4271 1957 4362 Skrzyn
1984 4272 2093 4343 fabri-

537 4392 647 4483 cavit,
684 4390 795 4462 Beato
831 4390 993 4460 Andreae
1028 4389 1199 4480 Apostolo
1235 4391 1370 4482 dicata;
1406 4394 1504 4464 cuius
1541 4395 1737 4484 proprietas
1771 4393 1815 4464 ad
1841 4396 2092 4464 monasterinm

537 4513 760 4605 Thynczense
792 4511 954 4602 pertinet.
988 4510 1029 4581 ln
1058 4532 1126 4602 qua
1154 4518 1235 4582 sunt
1262 4514 1522 4604 quatuordecim
1548 4515 1768 4586 hortulaniae
1795 4515 2031 4585 crnethouales
2056 4520 2093 4585 et

537 4633 731 4724 censualeS,
760 4633 927 4705 habentes
960 4653 1082 4723 agros,
1110 4653 1199 4724 qnae
1226 4634 1365 4706 solvunt
1391 4656 1531 4708 censum
1557 4636 1905 4708 monasterialem
1933 4641 2017 4706 srrnt
2043 4636 2092 4706 ibi

537 4756 625 4828 aliae
652 4776 775 4828 novem
802 4753 1031 4846 hortulaniae,
1059 4760 1095 4826 et
1117 4755 1294 4827 hortulani
1321 4778 1439 4828 earum
1465 4765 1635 4830 vocantur
1661 4757 1807 4849 pedites,
1826 4757 1933 4828 etiam
1959 4757 2092 4827 haben·

535 4881 589 4950 tes
625 4897 737 4968 agros.
777 4877 864 4948 Item
901 4883 981 4948 sunt
1017 4876 1066 4947 ibi
1101 4877 1170 4948 duo
1206 4879 1403 4950 cmethones
1438 4879 1541 4952 liberi
1567 4880 1671 4950 etiam
1697 4879 1866 4950 habentes
1893 4899 2018 4968 agros,
2046 4876 2090 4948 de

537 5001 662 5091 quibus
690 4999 848 5071 omnibus
876 4997 970 5088 agris
997 4999 1143 5070 solvitur
1169 5005 1206 5071 et
1232 5000 1437 5072 conducitur
1463 5001 1597 5072 decima
1613 4999 1839 5092 manipularis
1857 5004 1894 5070 et
1912 4999 2090 5089 canapalis

535 5141 600 5215 pro
627 5121 773 5193 ecclesia
798 5119 834 5191 in
862 5119 1114 5210 Thynyecz,
1142 5125 1178 5192 et
1203 5121 1302 5193 valor
1328 5122 1402 5193 eius
1429 5123 1634 5194 aestimatur
1660 5122 1705 5193 ad
1732 5143 1792 5193 sex
1819 5141 1964 5191 marcas.
1999 5120 2088 5190 Item

535 5249 590 5315 est
615 5243 665 5315 ibi
690 5242 870 5334 praedium
905 5241 1104 5342 coenobiale
1138 5242 1283 5333 bonurn,
1311 5243 1354 5314 de
1381 5265 1449 5334 quo
1484 5245 1730 5315 monasterium
1757 5264 1826 5314 non
1853 5241 1957 5314 solvit
1984 5241 2090 5312 alicui

537 5364 713 5456 decimam,
741 5364 905 5436 sedeam
932 5385 996 5456 pro
1023 5383 1061 5436 se
1087 5363 1191 5455 tollit,
1217 5370 1357 5455 praeter
1383 5385 1485 5456 agros
1513 5421 1520 5435 .
1548 5420 1555 5436 .
1583 5419 1591 5436 .
1627 5364 1671 5436 de
1708 5365 1833 5455 quibus
1859 5364 1953 5435 tollit
1970 5362 2089 5453 pleba-

471 5519 476 5526 ·
535 5499 611 5555 nus.
637 5485 725 5556 Item
752 5485 908 5576 praelata
935 5485 1089 5575 ccclesia,
1116 5506 1194 5557 cum
1220 5486 1293 5558 suis
1320 5485 1461 5557 decimis
1488 5487 1653 5577 parochia
1679 5493 1715 5558 et
1741 5484 1946 5574 redditibus,
1971 5490 2089 5554 trans-

536 5604 609 5674 lata
644 5611 697 5676 est
731 5607 767 5675 in
794 5607 958 5698 oppidum
992 5606 1206 5678 Skauina
1232 5613 1268 5677 et
1294 5607 1461 5699 plebanus
1489 5607 1532 5678 de
1559 5607 1791 5698 Skawina,
1818 5626 1895 5677 earn
1921 5611 2088 5696 tanquam

535 5731 692 5816 matrem,
719 5747 782 5816 per
800 5727 982 5818 specialem
1010 5729 1226 5800 sacerdotem
1244 5729 1337 5801 circa
1363 5749 1438 5799 ean
1457 5729 1595 5801 assidue
1622 5735 1827 5817 manentem,
1851 5727 2085 5797 administrat.
