4550 6600
385 808 387 811 .
476 750 551 823 378

472 956 567 1029 lanei
593 949 840 1037 cmethouales,
876 949 919 1021 de
947 947 1071 1039 quibus
1098 944 1246 1017 soluitur
1280 948 1318 1015 et
1344 941 1546 1015 conducitur
1582 940 1716 1013 decima
1740 939 1962 1030 manipularis
1989 944 2026 1010 et

473 1075 650 1167 canapalis
676 1093 740 1163 pro
769 1070 927 1143 custodia
953 1068 1150 1139 Kelczieusi
1175 1087 1244 1138 uuo
1271 1085 1380 1153 anno,
1415 1084 1479 1154 pro
1507 1062 1620 1135 altero
1651 1082 1734 1133 vero
1761 1061 1962 1133 conducitur
1989 1066 2026 1133 et

472 1198 619 1271 soluitur
644 1215 709 1285 pro
736 1191 936 1284 praebenda
963 1188 1172 1277 Kelczieusi,
1199 1207 1288 1278 quae
1314 1188 1458 1257 vocatur
1484 1182 1739 1271 Pirszuiczsha,
1765 1187 1801 1253 et
1826 1181 1927 1253 valor
1951 1182 2025 1253 eins

472 1318 674 1393 aestimatur
709 1315 753 1386 ad
789 1318 860 1385 tres
896 1331 1049 1398 marcas;
1083 1311 1167 1381 item
1202 1312 1257 1380 est
1282 1308 1331 1380 ibi
1357 1307 1504 1379 taberna
1529 1326 1616 1395 uua,
1653 1308 1690 1375 et
1715 1303 1915 1376 hortulanis
1948 1324 2027 1393 666,

474 1439 644 1513 habentos
671 1456 792 1527 agros,
820 1440 856 1506 61
883 1435 925 1505 16
952 1431 1111 1507 omuibus
1138 1430 1286 1503 solvitur
1312 1429 1444 1501 decima
1471 1428 1508 1499 16
1523 1422 1739 1522 6661166666.
1783 1426 1873 1498 Item
1898 1429 1955 1496 est
1979 1425 2028 1497 ibi

473 1558 655 1652 praedium
681 1556 841 1645 militare,
870 1555 998 1645 dequo
1026 1552 1217 1625 decimatur
1243 1550 1408 1622 ecclesiae
1433 1550 1469 1619 in
1497 1547 1967 1638 Saudziwoyowicze,
1993 1552 2028 1617 61

475 1680 574 1754 66161
601 1680 675 1751 6166
702 1678 906 1749 aestimatur
933 1675 977 1746 ad
1004 1694 1107 1745 uuam
1131 1692 1293 1743 marcam.

579 1798 804 1887 Szuuurrow,
840 1796 923 1869 villa
959 1794 1022 1866 sub
1058 1794 1224 1885 parochia
1259 1792 1302 1863 de
1336 1792 1493 1884 Kygye
1520 1793 1607 1881 sita,
1634 1791 1731 1863 cuius
1758 1792 1959 1881 proprietas
1985 1792 2028 1862 ad

473 1922 712 2016 praepositum
748 1924 784 1991 et
811 1915 1089 1991 sanctimoniales
1126 1907 1175 1985 de
1204 1913 1387 1985 Buszko
1414 1913 1575 2004 pertinet.
1619 1912 1661 1983 Iu
1689 1932 1758 2002 qua
1787 1931 1914 1983 novem
1939 1911 2029 1983 lanei

480 2042 732 2131 cmethouales,
760 2040 828 2112 duo
856 2034 1074 2126 comtempler,
1101 2057 1171 2107 una
1197 2035 1360 2125 taberna,
1386 2056 1456 2107 uua
1482 2034 1696 2123 hortulania,
1722 2034 1891 2105 habentes
1918 2054 2029 2123 agros,

477 2167 521 2240 de
551 2164 676 2255 quibus
704 2160 862 2233 omuibus
890 2160 1035 2231 solvitur
1070 2163 1107 2229 61
1134 2157 1338 2229 conducitur
1372 2156 1505 2229 decima
1539 2155 1765 2246 manipularis
1790 2160 1829 2226 et
1854 2154 2031 2244 canapalis

481 2308 546 2379 pro
564 2283 762 2377 praebenda
779 2281 989 2369 Kelcziensi,
1017 2278 1110 2351 dicta
1127 2278 1338 2369 Zydowska,
1365 2283 1401 2349 et
1418 2277 1517 2350 66161
1534 2277 1610 2348 6166
1628 2276 1831 2349 6661166161
1849 2275 1897 2347 ad
1915 2275 2031 2347 dcocm

478 2427 627 2494 marcas3
654 2406 737 2476 item
763 2405 799 2475 in
827 2402 946 2474 eadem
972 2401 1056 2473 villa
1083 2404 1138 2471 est
1163 2420 1306 2490 campus
1337 2399 1449 2471 dictus
1475 2398 1838 2490 Lyaskowyecz,
1864 2397 1910 2467 de
1936 2398 2031 2469 cuius

482 2530 576 2620 agris
604 2526 753 2600 solvitur
779 2525 912 2597 decium
938 2522 1162 2613 manipularis
1198 2520 1363 2593 ecclcsiae
1398 2521 1434 2591 in
1461 2519 1965 2619 Ι8166111116666611616,
1998 2526 2032 2590 61

479 2649 681 2723 661616166
708 2646 913 2719 aestimatur
940 2644 1112 2716 6166611
1139 2660 1301 2713 marcam.
1335 2641 1424 2712 Item
1449 2640 1631 2731 praedium
1657 2639 1855 2713 coenobiale
1883 2661 1956 2713 nou
1980 2646 2031 2711 est

476 2772 516 2843 iu
543 2768 664 2843 eadem
690 2767 781 2840 villa.

534 2858 539 2869 ’
1140 2882 1367 2955 3111111666

583 3010 678 3082 Villa
695 3008 828 3081 habens
847 3006 1025 3078 ecclesiam
1044 2982 1295 3096 parochialem,
1319 3026 1417 3077 muro
1435 3004 1574 3095 lapideo
1591 3003 1810 3093 fabricatam,
1833 3010 1871 3077 61
1887 3003 2032 3077 Sanctae

480 3131 621 3221 Virgini
638 3129 774 3201 Mariae
793 3128 952 3216 dicatam,
980 3127 1076 3197 66166
1094 3127 1218 3198 haeres
1246 3124 1463 3199 Grzoslaus
1486 3124 1530 3197 de
1548 3123 1852 3215 (luroszwanky
1870 3125 1915 3196 de
1933 3125 2031 3197 domo

479 3252 676 3339 Roszae;
704 3250 799 3322 cuius
824 3248 994 3350 plebanus
1020 3248 1185 3337 magister
1212 3246 1405 3320 Stanislous
1433 3246 1476 3318 de
1504 3301 1643 3316 ......
1669 3246 1711 3318 16
1738 3266 1808 3337 qua
1834 3251 1919 3320 sunt
1944 3248 2033 3320 16161

481 3369 728 3460 66611666166,
758 3371 841 3441 item
868 3371 945 3459 agri
963 3367 1157 3459 6166116166
1184 3369 1286 3440 unius
1313 3368 1461 3457 praedii,
1490 3369 1676 3458 dequibus
1703 3369 1862 3440 omnibus
1890 3369 2032 3443 solvitur

483 3498 520 3565 et
537 3491 740 3563 conducitur
766 3491 898 3562 decima
924 3490 1151 3582 manipularis
1178 3495 1214 3562 61
1237 3491 1413 3581 canapalis
1439 3511 1505 3581 pro
1523 3489 1669 3562 ecclesia
1694 3491 1731 3561 in
1758 3489 2033 3582 8166666661
2126 3526 2127 3553 1

482 3613 581 3686 66161
616 3611 921 3686 616666611616161
957 3611 1001 3684 ad
1029 3612 1146 3686 decem
1173 3632 1321 3702 marcas,
1356 3616 1495 3702 praeter
1530 3611 1762 3685 1666166666
1789 3612 2030 3703 cmethouales,

482 3733 678 3826 dequibus
714 3733 863 3814 solvitur
898 3733 1031 3808 decima
1065 3755 1129 3826 pro
1166 3734 1419 3825 praebendario
1454 3733 1583 3810 ibidem
1616 3734 1653 3804 iu
1684 3732 1901 3824 Suanyecu.
1949 3735 2033 3806 Item

415 3939 417 3944 ,
483 3856 628 3928 66616616
654 3853 759 3928 habet
785 3876 849 3945 pro
876 3855 1020 3946 praedio
1048 3877 1152 3947 agros
1179 3854 1388 3928 sufficientes
1415 3860 1452 3928 61
1477 3861 1589 3945 61616
1633 3855 1722 3927 Item
1749 3855 1895 3928 suntin
1918 3856 2034 3927 eadem

482 3975 566 4049 villa
592 3975 680 4048 duae
706 3977 886 4067 tabernae,
914 3982 949 4048 61
967 3977 1097 4050 habeut
1124 3997 1236 4069 agros,
1265 3982 1300 4049 61
1318 3978 1493 4069 quaelibet
1519 3976 1624 4050 661611
1649 3977 1816 4050 ecclesiae
1843 3998 1909 4068 pro
1936 3997 2035 4050 66166

483 4116 587 4168 66611
614 4116 835 4187 sexagenum,
864 4101 899 4168 et
927 4097 1093 4169 decimam
1120 4099 1371 4189 manipularem
1397 4097 1522 4170 reddit.
1561 4099 1651 4170 Item
1667 4097 1776 4170 habet
1793 4099 2033 4189 molendinum,
2126 4195 2127 4198 Ἴ

482 4215 525 4288 16
553 4237 620 4307 quo
649 4216 715 4288 sibi
742 4217 888 4289 66161161
914 4239 1141 4307 uuamarca3
1169 4220 1252 4292 item
1280 4219 1387 4292 habet
1412 4225 1486 4292 tres
1512 4220 1663 4312 61661666
1691 4220 1829 4292 ibidem.

585 4335 797 4408 Praebenda.
833 4337 900 4410 ldst
928 4340 1030 4410 etiam
1062 4340 1112 4411 ibi
1140 4341 1299 4430 specialis
1330 4340 1529 4430 praebenda
1554 4341 1688 4413 habeus
1714 4361 1833 4415 aream
1858 4341 2031 4431 propriam

487 4461 524 4530 et
550 4456 707 4547 domum,
744 4463 780 4528 61
807 4457 973 4532 16611666
1009 4460 1260 4551 manipularem
1294 4465 1375 4550 post
1401 4466 1552 4552 quatuor
1586 4462 1706 4535 laneos
1742 4461 1898 4544 eiusdem
1925 4461 2031 4550 villae,

489 4577 673 4652 distinctos
701 4578 745 4650 ab
773 4577 856 4668 illis,
885 4579 944 4670 qui
970 4580 1118 4671 plebano
1146 4582 1330 4673 decimant,
1358 4588 1394 4654 61
1419 4581 1518 4654 66161
1545 4583 1618 4656 6166
1654 4581 1808 4655 decimae
1834 4583 2031 4658 aestimatur

487 4699 532 4771 ad
560 4702 708 4790 quatuor
735 4719 878 4772 marcas.

587 4818 818 4910 Smnurncz,
855 4821 938 4893 61116
964 4821 1028 4895 sub
1056 4822 1223 4914 parochia
1259 4822 1302 4895 de
1328 4821 1507 4914 Sanyecz
1534 4823 1617 4914 sita,
1653 4825 1689 4896 in
1703 4822 1785 4915 *qua
1820 4826 1968 4900 ecclesia
1991 4825 2030 4898 de

482 4940 660 5031 Sanyecz
686 4941 792 5014 habet
819 4947 965 5034 quatuor
992 4943 1110 5015 laneos
1137 4944 1330 5034 censuales,
1357 4951 1394 5015 61
1412 4944 1560 5035 quilibet
1584 4944 1705 5018 161666
1731 4947 1863 5019 661611.
1937 5002 1944 5017 .
1962 5003 1970 5017 .
1986 5002 1994 5017 .
2010 5001 2028 5035 .,

483 5062 566 5132 11611
592 5061 701 5134 habet
726 5063 776 5134 ibi
802 5069 905 5154 prata
932 5084 1009 5138 cum
1036 5085 1140 5154 gayo,
1167 5070 1203 5134 61
1228 5085 1332 5136 66661
1358 5065 1535 5154 piscinam.

588 5177 765 5272 (1161666,
785 5183 869 5255 61116
887 5185 951 5256 sub
965 5183 1130 5275 parochia
1144 5183 1187 5256 de
1205 5181 1408 5276 Suanyecz
1427 5186 1509 5275 sita,
1532 5186 1630 5258 66166
1648 5186 1773 5259 haeres
1792 5241 1893 5258 .....
1911 5187 2028 5262 Κ166

483 5301 608 5392 66166,
635 5303 761 5374 nobilis
789 5303 958 5376 dedomo
985 5303 1266 5395 Mandrosthy.
1305 5305 1346 5376 ln
1365 5327 1433 5397 qua
1456 5313 1539 5379 sunt
1564 5307 1657 5379 lanei
1675 5307 1927 5400 cmethouales,
1954 5313 2029 5382 item
2126 5388 2127 5395 1

482 5421 662 5513 tabernae,
680 5425 764 5495 item
786 5425 1018 5516 hortulaniao,
1046 5425 1128 5496 item
1147 5425 1328 5516 praedium
1345 5449 1451 5499 uuum
1474 5429 1637 5519 militare,
1670 5427 1714 5500 de
1733 5429 1859 5519 quibus
1876 5433 2029 5504 omnibus

484 5540 632 5612 66161161
658 5548 694 5615 61
713 5545 916 5620 conducitur
943 5545 1075 5618 decima
1098 5546 1324 5636 manipularis
1351 5552 1388 5619 et
1405 5549 1580 5640 cauapalis
1606 5567 1671 5640 pro
1689 5549 1839 5623 ecclesia
1863 5550 2028 5643 168166-

484 5677 622 5750 nyecz,
650 5663 805 5737 6166161
832 5667 905 5739 6166
932 5665 976 5737 61
1004 5669 1080 5738 6616
1107 5685 1241 5739 marma
1268 5667 1482 5740 aestimatur.
