4550 6600
509 722 583 797 272

611 932 825 1003 Bunnunmr
852 952 1068 1021 rnoxnnun,
1096 932 1180 1003 uilla
1206 933 1304 1003 cuins
1330 931 1481 1003 lacubus
1508 932 2051 1024 Dambyenslrybacrcs.1n

508 1073 575 1143 qua
601 1058 682 1124 sunt
700 1052 850 1145 quinque
869 1052 960 1123 lanei
979 1052 1213 1124 cmetlronales
1231 1058 1267 1123 et
1284 1074 1354 1123 una
1372 1054 1481 1143 uirga,
1500 1054 1606 1125 solvit
1624 1054 1770 1144 quilibet
1795 1054 1840 1125 de
1866 1055 1966 1126 laneo
1993 1077 2052 1145 pru
2125 1062 2134 1081 ’

506 1172 639 1245 decima
665 1174 837 1264 pecuniali
864 1174 1078 1265 episcopatui
1092 1173 1315 1246 Oraccviensi
1341 1197 1447 1245 unum
1474 1174 1642 1246 fcrtumem
1669 1176 1819 1247 latorum
1845 1198 2053 1267 grossorum

506 1297 601 1367 item'
616 1317 680 1386 pru
707 1292 859 1367 nwacltne
886 1296 991 1367 solvit
1017 1296 1163 1386 quilibet
1189 1296 1310 1367 laneus
1337 1296 1502 1367 ecclesiae
1530 1296 1849 1402 inDambnc....

610 1417 783 1508 Piranum,
820 1418 901 1489 villa
928 1418 992 1489 snb
1019 1418 1185 1508 parocbia
1211 1416 1261 1488 dc'
1280 1417 1483 1529 Dambnc
1512 1419 1594 1507 sita,
1632 1420 1729 1489 cuius
1755 1420 1879 1491 haeres
1905 1419 2056 1491 Jacobus

507 1538 841 1629 Dambycnsky.
886 1538 926 1607 ln
954 1559 1022 1629 qna
1058 1541 1138 1608 sunt
1173 1537 1263 1607 lanei
1301 1536 1554 1627 cmetbunaleS,
1590 1543 1624 1608 et
1653 1538 1798 1628 quilibet
1833 1561 1898 1629 pru
1926 1539 2057 1611 decima

367 1685 369 1689 ·
507 1658 679 1749 pecuniali
706 1658 811 1731 solvit
837 1659 1052 1749 episcopatui
1080 1658 1302 1730 Oracuvicnsi
1337 1679 1443 1729 unum
1469 1658 1640 1731 fertonem
1670 1660 1821 1732 latorum
1847 1682 2056 1751 grossorum,

507 1784 542 1851 et
568 1800 631 1869 pro
660 1777 811 1849 rrueacbae
836 1780 983 1869 plebano
1010 1780 1046 1851 in
1074 1779 1278 1851 Dambnu
1280 1832 1424 1849 ......

611 1900 815 1972 Praebenda
840 1901 943 1972 titulo
970 1908 1006 1972 et
1032 1897 1156 1972 honori
1182 1900 1342 1971 Omnium
1363 1900 1574 2004 Sanctorum
1592 1902 1627 1972 in
1646 1901 1792 1972 ecclesia
1817 1902 1854 1971 in
1875 1901 2058 1973 Dambna

508 2022 633 2111 dicata,
660 2023 756 2095 cuius
783 2020 935 2094 lacobus
962 2023 1005 2094 dc
1031 2024 1232 2094 Dambnu
1270 2022 1447 2111 praelatus
1474 2023 1596 2110 unicus
1622 2003 1682 2094 est
1704 2023 1868 2112 collatur,
1906 2028 1945 2095 et
1970 2024 2058 2095 Lau-

508 2144 643 2215 rentius
670 2144 713 2216 de
739 2144 920 2237 Paluky
947 2144 1229 2235 praebendariae,
1257 2164 1344 2234 quac
1363 2144 1470 2216 habet
1486 2165 1550 2234 pro
1569 2144 1649 2215 dcte
1668 2166 1774 2215 unum
1801 2146 1941 2217 laneum
1960 2168 2058 2235 agro-

508 2286 586 2337 rum
613 2266 759 2337 liberum
787 2267 821 2337 in
841 2266 945 2337 Dam
956 2267 1040 2337 bno
1068 2288 1131 2355 pru
1150 2264 1303 2357 praedio,
1329 2286 1434 2337 unam
1452 2286 1570 2337 aream
1588 2271 1625 2337 et
1642 2265 1781 2337 domum
1799 2266 1836 2337 in
1853 2287 1896 2337 ea
1913 2266 2060 2356 ligneam

508 2407 572 2477 prb
600 2409 663 2459 sna
690 2387 912 2459 habitatione.
940 2387 988 2458 ut
1006 2442 1121 2457 .....

599 2502 804 2598 'coruum
844 2508 927 2580 villa
954 2510 1017 2581 sub
1044 2510 1210 2599 parochia
1236 2509 1279 2580 dc
1305 2508 1350 2578 W
1360 2508 1533 2600 cynica.
1576 2508 1618 2579 ln
1646 2529 1714 2599 qua
1741 2514 1823 2581 sunt
1848 2510 2058 2583 laneicm'e-

509 2630 678 2720 thonaleq
706 2631 881 2720 tabernae,
908 2630 1145 2719 hortulaniae,
1183 2630 1226 2701 dc
1253 2631 1379 2721 quibus
1405 2629 1538 2701 decima
1564 2630 1792 2721 manipularis
1818 2636 1855 2701 et
1882 2633 2059 2722 cunabulis

510 2752 657 2823 solvitur
684 2774 747 2843 pro
774 2750 973 2842 praebenda
999 2752 1034 2822 in
1061 2751 1264 2823 Dambnu
1291 2750 1478 2842 praedicta,
1506 2756 1541 2822 et
1559 2751 1657 2823 valor
1682 2752 1758 2825 eius
1784 2754 1993 2824 aestimatur
2018 2754 2061 2825 ad

510 2874 691 2947 duodecim
718 2894 862 2945 marcas.
1289 2878 1298 2903 ¹

613 2996 801 3085 Rosuucrr,
829 2996 912 3067 villa
939 2995 1002 3066 sub
1031 2984 1197 3085 parochia
1222 2994 1266 3065 dc
1292 2994 1497 3086 Olszyny
1524 3016 1631 3085 supra
1647 2996 1789 3067 fluvium
1814 2996 2061 3088 Dnnayecz

509 3120 586 3190 sita.
613 3118 654 3189 In
682 3140 749 3208 qua
776 3122 856 3189 sunt
882 3116 1100 3188 hortulaniae
1128 3122 1216 3207 octo,
1243 3116 1334 3187 latos
1361 3138 1464 3207 agros
1491 3116 1677 3206 babenber,
1705 3117 1901 3208 dequibus
1929 3118 2062 3191 decima

508 3238 734 3329 manipularis
762 3244 798 3310 ct
825 3238 998 3329 canapalis
1034 3238 1181 3312 solvitur
1217 3242 1252 3310 ct
1278 3239 1482 3310 conducitur
1517 3259 1582 3329 prn
1617 3240 1818 3330 praebenda
1853 3240 2061 3314 Sanctorum

509 3359 669 3432 Omnium
696 3361 731 3430 in
758 3360 967 3433 Dambno.
995 3361 1106 3433 Valor
1132 3361 1208 3433 cius
1235 3361 1280 3432 ad
1307 3361 1487 3433 duodecim
1510 3367 1821 3452 ma1·caS,tenetur
1848 3364 2063 3453 praebenda·

509 3484 584 3554 rius
611 3482 756 3573 quilibet
784 3482 929 3572 singulis
956 3483 1158 3573 septimanis
1185 3483 1301 3573 legere
1328 3489 1402 3554 tres
1430 3484 1571 3573 missac,
1598 3484 1692 3554 circa
1719 3475 1828 3554 altare
1855 3484 2060 3556 Sanctorum

481 3603 681 3694 Omnium,
708 3624 810 3674 unam
839 3625 902 3695 pru
929 3605 1089 3695 peccatiq
1117 3604 1303 3676 secundam
1329 3627 1394 3694 pru
1422 3604 1602 3695 defunctiq
1629 3606 1770 3678 tertiam
1788 3604 1832 3675 de
1851 3605 1965 3678 Beata
1981 3607 2062 3677 Vir-

509 3727 600 3816 gine3
627 3730 766 3798 tenetur
794 3725 948 3816 qualibet
974 3726 1030 3797 dic
1057 3725 1229 3798 dominico
1261 3731 1297 3797 ct
1323 3725 1450 3798 festivo
1477 3726 1644 3816 capellam
1671 3727 1707 3798 in
1734 3733 1851 3799 castro
1877 3727 2061 3800 Dambnu

510 3847 671 3937 officiare,
698 3854 734 3918 et
761 3868 930 3938 expensas
959 3847 1027 3920 illis
1054 3847 1177 3919 dicbus
1204 3848 1240 3918 in
1268 3852 1382 3918 castro
1410 3849 1549 3919 babere.

613 3968 737 4040 Altarc
764 3970 798 4040 in
826 3969 971 4041 ecclesia
997 3969 1032 4038 in
1059 3969 1283 4060 Dambno,
1311 3969 1438 4040 Sancto
1459 3969 1603 4040 Niculau
1630 3969 1791 4059 dicatum,
1817 3972 1915 4042 cuins
1943 3972 2063 4042 unicus

509 4094 677 4180 patronus
704 4089 856 4160 Jacobus
882 4089 1224 4181 Dambyenalry,
1252 4091 1349 4161 cuius
1377 4091 1537 4161 altarista
1562 4089 1715 4163 lacubus
1741 4091 1912 4162 Klisza
1943 4093 2064 4164 bacca-
2147 4127 2153 4140 ·

509 4211 658 4299 laureas,
686 4209 777 4314 quud
803 4210 910 4281 lrabet
936 4231 999 4300 pru
1027 4211 1109 4284 dcte
1136 4233 1197 4282 sex
1224 4231 1360 4283 marcas
1387 4211 1431 4282 de
1458 4212 1619 4284 theinnan
1647 4213 1683 4282 in
1708 4212 1932 4302 Dambn0‚
1960 4235 2062 4284 unam

509 4351 661 4402 marcam
688 4330 732 4402 de
758 4331 904 4402 taberna
931 4333 966 4402 in
995 4332 1242 4404 Sucbczin:
1269 4339 1410 4405 tenetur
1436 4333 1552 4424 legere
1584 4335 1677 4404 circa
1707 4333 1819 4404 altare
1845 4339 1921 4406 tres
1940 4336 2062 4406 missas

509 4453 654 4542 siugulis
681 4451 916 4541 hebdomadis3
942 4453 1026 4524 item
1052 4454 1159 4527 habet
1177 4454 1337 4526 altarista
1355 4476 1460 4526 unum
1486 4454 1624 4526 laneum
1642 4455 1791 4526 liberum
1816 4456 1855 4526 in
1880 4455 2062 4527 Dambnc

509 4581 545 4646 et
572 4596 675 4646 unam
703 4595 819 4646 arcam
846 4580 882 4646 et
908 4574 1047 4648 dumum
1074 4597 1137 4666 prc
1165 4577 1390 4648 habitatione.

1199 4698 1369 4771 Junuou.

613 5305 786 5398 Oppidum
813 5306 910 5378 cuius
936 5310 1127 5396 prouentus
1163 5305 1256 5376 circa
1281 5307 1529 5378 monasterinm
1556 5305 1795 5382 Thiniczicnsc
1817 5306 2060 5398 descripsimus

511 5427 1314 5500 mmmmmmmmm

1132 5546 1455 5620 Ornrnucwrczn.

599 5667 710 5740 ·Villa
735 5690 843 5762 prope
870 5669 1128 5745 blelschtin
1164 5671 1263 5746 iuxta
1296 5670 1437 5745 fluvium
1463 5671 1710 5765 Dunayecz
1744 5671 1831 5762 sita,
1867 5671 1999 5744 habens
2023 5671 2060 5742 in
