4550 6600
435 816 441 823 ·
522 766 597 838 534

520 972 678 1060 militare,
706 968 749 1043 de
776 969 875 1041 cuius
901 964 996 1060 agris
1023 968 1172 1041 soluitur
1199 967 1333 1039 decima
1360 966 1597 1059 manipularis,
1624 984 1689 1057 pro
1716 965 1861 1039 ccclesia
1888 966 1924 1039 in
1950 965 2057 1043 Nora

522 1092 783 1183 Czyrkycw.
1075 1175 1078 1182 ι
1162 1093 1167 1104 “
1844 1080 1851 1085 ’

625 1210 902 1303 Nunczlunow,
937 1212 1021 1284 villa
1056 1212 1120 1283 suh
1148 1211 1312 1302 parochia
1339 1210 1382 1283 de
1408 1210 1532 1284 Nova
1567 1209 1815 1303 Ozyrhyeu
1851 1210 1942 1302 sita,
1976 1212 2059 1285 cmm
2137 1250 2138 1253 ¹

523 1336 648 1407 haeres
685 1334 863 1406 Abraham
898 1334 1301 1425 Nyeczathowslry
1337 1332 1380 1404 de
1412 1334 1520 1405 aruris
1557 1338 1594 1403 et
1624 1331 1755 1404 familia
1790 1331 1997 1423 Pomyan.
2028 1332 2060 1405 ln

523 1478 592 1548 qua
618 1462 700 1529 sont
727 1458 879 1548 quinque
905 1456 999 1527 lanei
1025 1456 1279 1547 cmethoneles,
1316 1454 1359 1527 de
1387 1456 1511 1546 quibus
1540 1455 1674 1527 decima
1701 1454 1931 1544 manipularis
1957 1460 1993 1525 et
2016 1474 2061 1525 cr-

523 1579 659 1669 napalis
687 1578 835 1650 soluitur
860 1579 1123 1669 praepositurae
1151 1576 1440 1668 SandomirIensi,
1468 1578 1564 1649 cuius
1588 1577 1687 1649 valor
1704 1576 1748 1648 ad
1767 1581 1917 1667 quatuor
1943 1596 2061 1647 marcas

524 1701 735 1773 aestimatur.
775 1699 861 1771 Item
897 1720 967 1771 non
1003 1705 1084 1770 sunt
1110 1700 1161 1770 ibi
1187 1700 1371 1790 tabernae,
1403 1720 1515 1789 neque
1550 1698 1780 1769 hortulaniae.
1819 1696 1910 1769 Item
1946 1702 1998 1768 est
2021 1697 2061 1769 rhi

524 1822 664 1893 unicum
689 1820 871 1912 praedium
897 1821 1066 1910 militare,
1101 1820 1145 1892 de
1172 1820 1269 1893 cuius
1297 1821 1391 1911 agris
1419 1820 1552 1891 decime
1577 1820 1822 1911 manipularis,
1850 1819 1896 1891 de
1923 1818 2063 1909 quolibet

524 1964 644 2034 grano,
672 1943 821 2015 solvitur
847 1943 883 2013 ln
906 1939 1117 2047 pooithrcoor
1134 1964 1198 2033 pro
1217 1942 1462 2032 praepositura
1480 1940 1769 2031 Sandomiriensi,
1796 1940 1960 2031 quoniam
1977 1958 2062 2031 prae-

525 2065 620 2137 dium
646 2063 842 2155 praelatum
868 2085 912 2136 cx
939 2064 1034 2155 agris
1060 2064 1336 2137 cmethonalibus
1363 2063 1493 2137 iactum
1520 2069 1583 2137 est.

1201 2289 1400 2361 Wszronr.

629 2427 724 2501 Villa
750 2428 881 2501 habens
908 2429 945 2500 irr
972 2450 1010 2501 se
1028 2428 1208 2501 ecclesiam
1226 2428 1460 2519 parochialem
1478 2426 1637 2518 ligneam,
1665 2425 1791 2497 Sancto
1810 2424 2061 2497 Bartholomaco

526 2550 694 2641 dicatam,
725 2552 822 2622 cuins
848 2553 1043 2642 proprietas
1071 2552 1225 2641 pertinet
1251 2550 1296 2622 ad
1315 2606 1322 2621 .
1342 2606 1349 2621 .
1368 2605 1424 2621 ...
1451 2549 1491 2620 In
1519 2568 1587 2640 qua
1609 2554 1691 2619 sunt
1716 2546 1809 2619 lanei
1835 2545 2061 2635 emethonaler,

527 2672 722 2763 dequibus
750 2672 898 2743 solvitur
925 2672 1058 2743 decima
1076 2727 1190 2743 .....
1234 2672 1332 2755 Item¹
1355 2672 1462 2743 habet
1489 2671 1537 2742 ihi
1568 2669 1714 2742 ccclesia
1740 2674 1777 2740 et
1803 2667 1973 2759 plebanus
1996 2686 2061 2757 pro

527 2793 623 2883 prios
651 2814 753 2884 agros
781 2800 817 2864 et
844 2798 955 2885 prata,
981 2815 1047 2885 pro
1073 2814 1137 2875 suo
1165 2814 1230 2865 usn
1258 2798 1293 2865 et
1320 2794 1537 2865 necessitate.

632 2914 863 3015 Prrsrnou,
899 2916 983 2987 villa
1018 2916 1082 2987 suh
1118 2916 1285 3006 parochia
1320 2914 1486 2987 ecclesiae
1521 2914 1563 2987 de
1598 2912 1813 3005 Wszyola
1848 2912 1939 3001 sita,
1981 2910 2060 2981 coins

527 3037 651 3108 haeres
678 3014 842 3108 Nicolaus
869 3036 1033 3129 Slysch
1059 3038 1102 3109 de
1130 3037 1236 3109 armis
1263 3036 1498 3109 Habdank.
1525 3036 1565 3107 In
1594 3056 1662 3127 qua
1679 3039 1761 3107 sunt
1786 3033 1970 3106 duodecim
1986 3032 2060 3103 lanei

529 3158 783 3249 cnrethonales,
810 3159 894 3229 item
919 3164 992 3230 tres
1017 3160 1204 3250 tabernae,
1240 3180 1328 3250 quac
1357 3157 1488 3231 habent
1514 3178 1635 3249 agros,
1662 3158 1746 3229 itcrn
1772 3155 1990 3228 hortulaniac
2012 3172 2060 3223 scr

529 3279 636 3351 etiam
671 3280 838 3353 hahentes
873 3301 994 3373 agros,
1030 3281 1073 3353 de
1110 3282 1235 3373 quibus
1273 3282 1432 3376 omnibus
1468 3280 1617 3355 solvitur
1642 3284 1679 3352 et
1705 3278 1915 3352 conducitur
1948 3274 2059 3348 decima

528 3401 753 3491 manipularis
780 3408 816 3474 et
841 3403 1016 3493 cauapalIs
1041 3423 1106 3493 pro
1132 3404 1375 3494 praepositura
1402 3402 1691 3493 SandomiriensI‚
1727 3402 1822 3474 cuius
1849 3400 1951 3472 valor
1975 3396 2060 3467 aesti-

529 3529 645 3594 matur
672 3524 716 3596 ad
742 3523 924 3597 dnodchm
949 3545 1093 3598 marcas.
1120 3525 1209 3597 Itenr
1236 3529 1290 3598 cst
1316 3526 1365 3598 ihi
1383 3546 1488 3597 unum
1515 3523 1754 3598 tantummodo
1781 3521 1963 3614 praedium
1988 3517 2059 3590 nili-

529 3649 624 3735 tare,
660 3645 799 3737 dequo
835 3645 1027 3719 decimatur
1062 3647 1228 3719 ecclesIae
1255 3648 1291 3718 in
1318 3646 1512 3720 Wszola.
1552 3647 1641 3718 Item
1676 3651 1730 3718 cst
1757 3645 1806 3716 ibi
1832 3665 1925 3716 unus
1959 3641 2058 3712 laneus

526 3765 736 3840 tredecimus
763 3769 1007 3861 emethonalis‚
1033 3771 1069 3841 in
1088 3791 1156 3861 qno
1174 3770 1289 3842 locata
1315 3776 1370 3842 est
1394 3770 1543 3841 taberna
1569 3767 1662 3844 dicta
1686 3765 1960 3853 Koualouszlra‚
1984 3780 2057 3852 puae

374 3927 379 3934 ·
528 3888 634 3961 etiam
661 3889 810 3963 decimat
836 3890 1002 3964 ecclesiae
1028 3891 1065 3962 in
1091 3890 1314 3984 Wszolya.

633 4010 842 4084 cneorum
868 4012 1114 4103 Purunnours,
1151 4013 1235 4086 uilla
1270 4013 1335 4085 sub
1367 4011 1533 4134 parochia
1569 4011 1611 4085 de
1639 4009 1826 4084 Wszola
1859 4011 1948 4099 sita,
1981 4005 2058 4078 enus

431 4161 434 4166 ·
529 4131 653 4204 haeres
680 4131 858 4206 Johannes
883 4133 1055 4226 Phirlcy
1081 4133 1124 4206 dc
1149 4135 1257 4206 armis
1284 4133 1463 4208 Leuard.
1494 4135 1535 4206 In
1563 4153 1632 4225 qua
1657 4139 1739 4204 sunt
1766 4137 1844 4204 octo
1870 4131 1963 4203 lanei
1987 4145 2059 4198 cmo

529 4253 707 4345 thomice,
743 4254 786 4327 dc
814 4255 939 4347 quibus
966 4257 1123 4328 omnihus
1152 4257 1300 4330 soluitur
1326 4263 1363 4328 et
1390 4255 1593 4328 'conducitur
1628 4255 1761 4326 decima
1793 4250 2061 4344 manipulariset

530 4376 706 4467 canapalis
732 4396 796 4467 pro
822 4379 1023 4468 praeposito
1061 4377 1351 4469 SandomiriensI,
1387 4379 1484 4450 cuius
1519 4377 1618 4454 valor
1645 4377 1690 4450 ad
1714 4347 1777 4448 sex
1805 4395 1942 4448 marcas
1974 4369 2058 4442 emti

529 4503 654 4572 matur.
689 4497 778 4570 Item
804 4499 855 4572 ihi
880 4505 962 4571 sunt
988 4499 1077 4571 duae
1102 4500 1269 4573 tabernae
1295 4500 1464 4572 habentes
1491 4519 1609 4590 agros,
1636 4499 1719 4571 item
1745 4497 1965 4570 hortulaniae
1989 4492 2058 4564 dure

442 4655 447 4664 ·
529 4618 698 4693 habentes
725 4641 847 4711 agros,
882 4621 965 4693 item
989 4621 1172 4712 praedium
1199 4643 1304 4694 unum
1331 4621 1495 4712 militare,
1523 4619 1718 4712 dequibus
1746 4619 1907 4691 omnihus
1933 4613 2058 4690 solum
2134 4606 2136 4617 '

530 4739 663 4814 decima
689 4742 855 4815 ecclesiae
881 4743 917 4814 in
944 4741 1138 4815 Wszola.
1680 4727 1683 4736 ’

1092 4968 1333 5042 Kownnszrrs
1360 4967 1517 5044 Wonrs.

634 5107 729 5180 Villa
753 5107 886 5181 habens
912 5108 948 5180 in
975 5120 1013 5180 se
1040 5108 1219 5182 ecclesiam
1256 5109 1488 5201 parochialem
1515 5107 1684 5198 ligneam,
1720 5105 1826 5179 Sanct
1845 5161 1958 5178 .....
1982 5103 2056 5175 dica·

530 5235 611 5320 tam,
639 5228 736 5301 cuius
762 5230 958 5321 proprietas
985 5231 1138 5320 pertinet
1165 5229 1209 5301 ad
1228 5284 1421 5301 ........
1447 5229 1488 5302 In
1516 5235 1692 5320 quasunt
1717 5227 1810 5300 lanei
1836 5223 2055 5311 cnetnonrla,

531 5349 575 5422 dc
602 5351 727 5441 quihus
755 5351 903 5423 solvitur
933 5350 1066 5423 decima
1084 5405 1225 5422 ......
1260 5351 1349 5423 Item
1376 5350 1483 5423 habet
1509 5351 1558 5423 ihi
1585 5349 1753 5453 plebanus
1789 5352 2055 5443 propriorum

533 5475 569 5541 ct
593 5477 697 5561 prata
722 5493 787 5563 pro
814 5493 877 5544 suo
904 5493 969 5545 usu
996 5479 1032 5545 et
1057 5474 1274 5545 necessitate.
1826 5560 1828 5571 1

637 5591 790 5685 Gauro,
817 5593 901 5667 uilla
927 5595 992 5666 sub
1018 5596 1185 5686 parochIa
1212 5595 1254 5667 dc
1281 5594 1549 5668 Cowalszlra
1574 5593 1735 5686 Wolya
1761 5595 1849 5686 sita,
1877 5593 1970 5667 cuius
1992 5605 2054 5680 pro

1996 5710 2001 5718 ι
2047 5705 2053 5718 Ι

533 5711 664 5802 prietes
690 5713 735 5783 ad
761 5715 1007 5787 monasterium
1044 5714 1365 5807 Szeczechovyense
1401 5716 1562 5807 pertinet.
1602 5715 1642 5786 ln
1675 5736 1743 5806 qua
1777 5719 1861 5786 sunt
1894 5733 1953 5786 sen
1984 5709 2054 5781 lano
