4550 6600
512 766 585 838 528

615 967 839 1061 (immensu,
867 970 950 1042 nilla
969 969 1033 1044 sub
1051 970 1217 1061 parocbia
1235 971 1278 1043 de
1297 966 1627 1043 Skarzeschorr
1653 971 1732 1061 sita,
1758 972 1854 1043 cuins
1872 970 2064 1044 haeredes:

509 1092 696 1182 lohannes,
722 1090 925 1181 Stanislans‚
951 1091 1116 1165 Nicolaus
1144 1097 1180 1163 et
1206 1091 1365 1163 Andreas
1394 1092 1438 1162 de
1464 1092 1570 1162 armis
1596 1076 1885 1182 Serpentum.
1925 1093 1967 1163 In
1996 1114 2068 1184 qua

509 1218 590 1285 sunt
616 1218 695 1285 octo
722 1232 799 1285 cnm
824 1210 937 1283 medio
964 1212 1057 1283 lanei
1083 1213 1330 1301 cmethonales‚
1356 1212 1438 1283 item
1457 1212 1624 1285 tabernae
1651 1216 1725 1283 tres
1751 1214 1920 1285 habentes
1948 1233 2066 1304 agros,

509 1336 593 1407 item
619 1334 839 1407 hortulaniae
865 1338 938 1405 tres
965 1334 1071 1405 etiam
1097 1334 1267 1406 habentes
1294 1354 1415 1424 agros,
1442 1332 1485 1404 de
1513 1333 1637 1423 quibus
1664 1334 1834 1407 omnibus
1850 1334 2003 1407 solvitur
2028 1340 2068 1406 et

509 1454 713 1528 conducitur
748 1454 880 1526 decima
914 1455 1139 1546 manipularis
1167 1459 1203 1526 et
1230 1454 1402 1545 cenapolis
1434 1474 1498 1545 pro
1519 1455 1762 1544 praepositura
1780 1454 2068 1545 Sandomiriensi,

509 1577 607 1647 ouius
624 1575 723 1647 valor
749 1576 951 1679 aestimatur
977 1576 1022 1646 ad
1040 1575 1235 1665 quindecim
1253 1594 1397 1647 marcas.
1440 1575 1529 1647 Item
1548 1580 1629 1646 sunt
1646 1575 1696 1646 ibi
1722 1576 1792 1646 tria
1808 1575 1956 1666 praedia
1973 1576 2066 1645 mili-

508 1696 616 1786 taria,
644 1695 688 1767 de
714 1716 861 1787 quorum
886 1697 981 1787 agris
1008 1696 1199 1787 aliquibus,
1233 1698 1292 1787 qui
1319 1700 1420 1768 erant
1446 1695 1631 1786 aliquando
1650 1696 1892 1787 cmethonales‚
1911 1696 2066 1768 solvitur

509 1817 641 1889 decima
666 1817 865 1908 praeposito
892 1816 1182 1907 Sandomiriensi;
1218 1817 1261 1888 de
1289 1817 1462 1909 aliquibus
1489 1836 1592 1906 vero,
1624 1817 1683 1907 qni
1709 1818 1754 1889 ab
1781 1818 1925 1909 antiqno
1962 1822 2068 1889 erant

509 1937 722 2028 praedictos,
750 1938 900 2010 solvitur
926 1938 1091 2012 ecclesiae
1118 1938 1154 2009 in
1182 1936 1524 2035 Skarzesclbow.

612 2058 963 2149 Nrnmruuowrczn‚
1004 2059 1089 2130 villa
1123 2061 1188 2131 sub
1228 2059 1348 2131 eadem
1384 2058 1566 2149 parochia,
1607 2058 1704 2130 onius
1739 2058 1863 2139 haeres
1899 2056 2066 2131 Andreas

510 2179 717 2272 Gzyolek
745 2180 788 2252 de
815 2178 917 2252 domo
945 2179 1208 2251 Taurorum.
1252 2180 1291 2251 In
1320 2200 1389 2271 qua
1415 2184 1496 2251 sunt
1521 2179 1673 2269 quinque
1699 2180 1791 2250 lanei
1818 2180 2067 2270 cmethonales‚

508 2301 552 2371 de
579 2302 704 2391 quibus
731 2302 878 2373 solvitur
905 2307 941 2373 et
959 2301 1162 2373 conducitur
1188 2302 1322 2374 decima
1347 2300 1572 2391 manipularis
1600 2306 1636 2372 et
1662 2300 1851 2391 canapalis,
1883 2302 2066 2391 praeposi·

510 2428 611 2495 turae
646 2422 934 2513 Sandomiriensi,
966 2430 1003 2494 et
1038 2424 1136 2495 valor
1172 2424 1246 2495 eius
1282 2424 1486 2495 aestimatur
1520 2422 1565 2493 ad
1600 2408 1760 2513 quinque
1785 2442 1930 2493 marcas.
1973 2422 2065 2494 Item

508 2549 564 2615 est
589 2544 639 2617 ibi
665 2544 845 2635 praedium
871 2544 1022 2617 militare
1049 2566 1174 2635 unam,
1209 2545 1347 2637 dequo
1380 2543 1571 2616 decimatur
1606 2544 1772 2615 ecclesiae
1807 2544 1843 2615 in
1871 2543 2064 2615 Skarze·

508 2666 677 2756 sehon,
713 2665 810 2737 cuius
846 2666 944 2737 valor
979 2666 1136 2737 adduas
1172 2686 1315 2738 marcos.
1355 2665 1443 2738 Item
1478 2665 1528 2737 ibi
1555 2685 1624 2737 non
1653 2670 1735 2736 sunt
1760 2664 1948 2754 tabernae;
1976 2666 2063 2737 item

509 2790 591 2857 sunt
616 2785 705 2859 duae
732 2786 961 2878 hortulaniae‚
990 2787 1147 2859 sednon
1174 2786 1305 2859 babent
1330 2806 1442 2877 agros.

611 2905 800 2981 Onrouow
825 2908 975 3000 Maron,
1009 2908 1092 2979 villa
1126 2910 1191 2981 sub
1216 2909 1383 2999 parochia
1418 2907 1461 2981 de
1486 2907 1821 2980 Skarzeschow
1848 2908 1934 2997 sita,
1961 2908 2061 2980 cuius

507 3029 692 3103 haeredes:
717 3028 885 3120 lacobus,
911 3028 1064 3102 Michael
1082 3035 1118 3102 et
1134 3030 1362 3121 Szlothky
1379 3030 1454 3101 eins
1472 3035 1618 3120 nepotes
1636 3029 1680 3102 de
1698 3030 1804 3103 armis
1822 3028 2061 3102 Habdanlr.

506 3153 547 3221 ln
566 3170 635 3242 qua
653 3156 735 3223 sunt
752 3150 902 3223 sedecim
928 3152 1021 3223 lanei
1047 3152 1295 3241 cmethonaleS‚
1323 3156 1358 3222 et
1375 3151 1541 3222 tabernae
1566 3150 1726 3223 undecim
1751 3150 1920 3223 babentes
1947 3171 2061 3240 agros,

507 3274 550 3344 de
578 3272 702 3365 quibas
738 3273 897 3346 omnibus
932 3273 1080 3346 solvitur
1105 3278 1155 3346 et·
1169 3272 1373 3346 conducitur
1409 3272 1541 3345 decima
1567 3272 1793 3364 manipularis
1820 3278 1857 3345 et
1884 3272 2060 3363 canapalis

505 3395 766 3485 praepositurae
793 3373 1082 3484 Sandomiriensi,
1114 3401 1152 3467 et
1178 3395 1277 3466 valor
1304 3395 1378 3466 eius
1405 3395 1609 3466 aestimatur
1635 3394 1679 3466 ad
1707 3393 1888 3467 duodecim
1915 3414 2060 3466 marcas.

612 3515 800 3588 Gurorow
826 3516 956 3588 Mmoa
990 3516 1074 3588 villa
1108 3517 1174 3589 sub
1209 3515 1375 3607 parochia
1410 3517 1453 3588 de
1480 3516 1815 3589 Skarzesobou
1841 3517 1928 3606 sita,
1962 3517 2060 3588 cuius

507 3639 631 3710 haeres
649 3637 843 3710 Stonislans
862 3636 1212 3730 GnyewossiuS,
1240 3637 1283 3709 de
1301 3638 1406 3710 armis
1433 3637 1622 3730 Zgraya.
1662 3639 1703 3709 ln
1722 3658 1790 3728 qua
1808 3643 1890 3710 sunt
1909 3643 2060 3728 quatuor

505 3755 596 3831 lanei
623 3759 871 3849 cmethonales‚
898 3759 941 3830 de
969 3760 1092 3850 quibus
1120 3759 1254 3832 decima
1279 3760 1505 3850 manipularis
1533 3739 1803 3848 diversificatum
1829 3779 1909 3832 nam
1937 3759 1974 3830 in
1993 3779 2060 3830 una

505 3881 692 3954 medietate
718 3881 858 3970 minori,
885 3880 928 3952 dc
945 3881 1225 3953 extremitatibus
1243 3880 1420 3953 laneorum
1448 3902 1490 3953 ex
1508 3881 1650 3971 campis,
1678 3900 1801 3952 versus
1827 3901 1932 3971 agros
1958 3901 2059 3970 prae-

506 4003 614 4074 diales
641 4001 676 4072 in
703 4008 804 4092 parte
831 4002 968 4092 dextra,
995 4002 1078 4074 item
1106 4002 1150 4073 de
1176 4023 1244 4074 uno
1272 4002 1415 4092 praedio
1442 4002 1597 4092 militari,
1625 4002 1708 4073 item
1736 4001 1779 4072 de
1805 4021 1875 4073 una
1901 4001 2058 4088 taberna,

505 4124 588 4196 item
615 4122 658 4194 de
676 4144 746 4194 una
763 4123 974 4213 hortularia,
1002 4129 1038 4195 et
1056 4124 1171 4194 omnia
1196 4123 1327 4196 habent
1352 4144 1469 4214 agros,
1498 4123 1645 4195 solvitur
1672 4123 1805 4194 decima
1831 4123 2056 4213 manipularis

504 4244 744 4344 tantummodo
770 4243 935 4316 ecclesiae
962 4246 998 4315 in
1025 4242 1374 4335 Skarzeschou‚
1402 4250 1440 4316 et-
1455 4245 1553 4316 valor
1571 4245 1645 4316 eius
1673 4244 1718 4315 ad
1736 4244 1889 4335 quinque
1906 4265 2057 4333 marcam

505 4367 547 4438 de
566 4365 679 4437 altera
705 4385 789 4437 vero
807 4365 996 4438 medietate
1023 4367 1059 4438 in
1077 4367 1172 4457 agris
1191 4371 1272 4456 post
1298 4363 1463 4438 allodium
1489 4387 1553 4456 pro
1572 4365 1695 4438 maiori
1722 4370 1823 4454 parte
1841 4365 1934 4437 cedit
1959 4386 2059 4456 prae-

504 4489 681 4578 positurae
708 4485 997 4578 Sandomiriensi,
1024 4507 1190 4559 unacum
1209 4486 1342 4559 decima
1368 4487 1526 4578 canapali
1552 4487 1659 4559 totius
1686 4486 1809 4577 villae,
1836 4486 1934 4559 cuius
1960 4485 2058 4560 valor

503 4609 706 4682 aestimatur
731 4607 777 4682 ad
802 4612 876 4680 tres
903 4628 1046 4680 marcas.

606 4729 910 4821 Worsnawrczn,
938 4729 1021 4801 villa
1040 4730 1104 4801 sub
1123 4730 1288 4821 parochia
1315 4729 1358 4801 de
1382 4728 1719 4804 Skarzesobow
1745 4729 1832 4820 sita,
1860 4731 1958 4802 cuius
1976 4730 2057 4802 bae-

503 4853 619 4925 redes:
649 4851 802 4926 lacobus
828 4851 1156 4944 Przyeknleya
1182 4851 1225 4924 de
1252 4853 1358 4924 armis
1385 4851 1592 4943 Dolywa‚
1619 4849 1786 4924 Nicolaus
1812 4851 2057 4943 Dobyescb

503 4981 538 5047 et
555 4974 698 5046 Marcus
724 4973 924 5046 Alberti.
964 4974 1006 5044 In
1033 4993 1102 5065 qua
1129 4979 1211 5046 sunt
1239 4979 1388 5064 quatuor
1414 4974 1506 5046 lanei
1534 4967 1785 5064 cmethonaleS,
1821 4975 1908 5044 item
1935 4974 2056 5046 hortu-

500 5097 614 5168 laniae
640 5101 713 5168 tres
731 5097 899 5168 habentes
926 5115 1047 5186 agrae,
1074 5095 1118 5167 de
1136 5096 1262 5186 quibus
1280 5095 1438 5167 omnibus
1457 5095 1604 5166 solvitur
1631 5101 1667 5167 et
1686 5093 1891 5168 conducitur
1920 5095 2054 5167 decima

500 5217 726 5310 manipularis
753 5240 817 5310 pro
835 5219 1078 5309 praepositura
1105 5216 1396 5307 Sandomiriensi,
1424 5217 1521 5288 cuius
1548 5216 1648 5289 valor
1674 5217 1718 5288 ad
1744 5223 1895 5308 quatuor
1923 5237 2056 5290 marcas

500 5341 714 5413 aestimatur.
753 5341 841 5412 Item
867 5345 922 5412 est
948 5341 998 5413 ibi
1024 5361 1131 5412 unum
1158 5340 1336 5430 praedium
1364 5340 1532 5429 militare,
1560 5339 1603 5410 de
1630 5359 1698 5430 quo
1725 5339 1919 5411 decimatur
1947 5339 2053 5410 ecole-

501 5462 573 5533 siae
599 5463 636 5532 in
663 5447 1011 5553 Skarzeschow‚
1038 5466 1074 5534 et
1100 5463 1199 5534 valor
1225 5461 1299 5540 eius
1327 5461 1533 5533 aestimatur
1559 5459 1603 5532 ad
1631 5515 1770 5531 ......

604 5582 802 5675 Cosmum,
829 5585 913 5657 villa
931 5585 995 5657 sub
1014 5585 1180 5675 parochia
1198 5585 1241 5656 de
1261 5583 1626 5656 Sakarzeschow
1643 5583 1725 5673 sita,
1739 5581 1842 5654 ¹curius
1860 5583 2054 5673 proprietas

501 5701 546 5776 ad
564 5704 724 5778 abbatem
752 5711 788 5779 et
811 5707 1059 5784 monasterium
1085 5706 1427 5801 Szyeczecbovyeuse
1455 5705 1615 5826 pertinet.
1654 5705 1695 5778 In
1714 5725 1783 5798 qua
1810 5709 1894 5778 sunt
1911 5705 2053 5798 triginta
