4550 6600
444 718 519 791 380

354 908 363 917 ’
443 926 486 997 16
514 922 637 1015 quibus
665 920 823 993 omnibus
850 918 999 990 solvitur
1033 921 1069 989 61
1096 916 1302 988 conducitur
1337 915 1471 1010 decima
1506 915 1732 1006 manipularis
1758 919 1795 985 et
1820 918 1989 1005 canapalis

441 1066 506 1135 666
533 1043 677 1115 66616616·
702 1043 738 1113 16
765 1039 928 1129 166166,
967 1044 1003 1111 61
1028 1039 1127 1111 valor
1154 1038 1229 1109 eius
1265 1038 1473 1110 6661166166
1509 1038 1698 1109 addacem
1725 1056 1868 1107 mareas.
1905 1037 1991 1109 1166

440 1166 548 1239 16161
577 1164 723 1235 66616616
757 1164 794 1233 16
830 1161 950 1233 eadem
985 1160 1069 1233 villa
1103 1179 1208 1232 unam
1225 1160 1439 1263 tabernam,
1474 1160 1662 1231 habentem
1688 1178 1808 1249 agros,
1839 1158 1993 1247 liberam,

443 1308 531 1378 qnae
557 1308 622 1377 666
649 1305 754 1357 66666
785 1283 890 1356 solvit
915 1281 1062 1373 plebano
1089 1300 1192 1351 unam
1219 1300 1434 1370 sexagenum.
1475 1281 1564 1351 Item
1599 1285 1681 1351 6616
1708 1278 1855 1351 eandem
1880 1279 1996 1349 taber-

424 1430 522 1481 ·nam
557 1408 666 1479 habet
699 1405 867 1496 piscinam
893 1402 1058 1493 liberam,
1093 1403 1280 1493 propriam.
1328 1401 1418 1474 Item
1454 1404 1561 1475 habet
1587 1404 1624 1473 in
1650 1403 1772 1474 eadem
1799 1401 1886 1473 villa
1910 1400 1997 1471 duos
2117 1483 2118 1498 χ

443 1531 561 1601 166666
596 1527 726 1599 liberos
765 1545 842 1596 cum
868 1524 998 1615 pratis,
1033 1543 1097 1614 pro
1125 1543 1188 1593 suo
1223 1521 1366 1613 praedio
1402 1526 1439 1594 et
1465 1524 1610 1595 cultura
1649 1523 1739 1603 Item
1769 1523 1880 1595 habet
1905 1522 2000 1593 ultra

441 1650 540 1741 haec,
572 1648 769 1739 16666616,
796 1646 896 1717 ambo
922 1644 1016 1716 61666
1032 1644 1174 1716 durium
1200 1642 1426 1733 Schodnya.

447 1844 451 1851 ,
546 1770 786 1858 1166666666,
812 1766 896 1838 villa
917 1762 981 1838 sub
999 1764 1165 1855 parochia
1192 1763 1407 1837 16166166
1432 1765 1515 1856 6116,
1542 1767 1639 1838 cuius
1665 1768 1792 1838 haeres
1817 1764 2000 1837 16166666

443 1890 768 1983 Zabyerzowshy
802 1887 928 1960 nobilis
960 1886 1131 1958 161666
1168 1890 1205 1957 61
1238 1884 1369 1957 familia
1404 1885 1598 1979 Osthoya
1637 1887 1678 1959 In
1702 1909 1771 1978 qua
1798 1893 1883 1964 sunt
1909 1887 2003 1957 lanei

443 2012 692 2102 cmethonales,
718 2011 802 2081 item
828 2008 976 2079 taberna
1001 2026 1071 2079 una
1096 2008 1228 2079 habens
1254 2028 1372 2098 agros,
1403 2008 1486 2080 1166
1518 2009 1751 2100 16616166166,
1786 2011 1873 2080 item
1899 2028 2003 2097 6666-

426 2135 538 2206 'dium
565 2132 739 2227 1666166
764 2130 848 2202 villa
874 2130 1022 2200 militare
1048 2150 1117 2201 666
1145 2134 1214 2219 661,
1241 2129 1428 2220 dequibus
1456 2131 1615 2203 omnibus
1639 2131 1788 2203 solvitur
1814 2136 1853 2202 61
1869 2130 2000 2200 condu-
2113 2155 2119 2175 ·

444 2256 534 2327 61166
562 2254 694 2325 166166
720 2249 949 2342 manipularis
975 2255 1011 2319 61
1029 2250 1204 2340 666666116
1231 2271 1295 2341 666
1322 2251 1468 2323 ecclesia
1494 2252 1530 2323 in
1547 2252 1710 2343 lanino,
1737 2258 1775 2324 et
1798 2252 1902 2325 valor
1927 2251 2002 2322 eins

444 2378 648 2449 6661166166
674 2374 718 2445 61
745 2376 876 2464 666166
902 2391 1047 2462 marcae,
1074 2372 1260 2462 aliquando
1288 2372 1334 2443 ad
1361 2373 1489 2445 decem.

548 2496 788 2585 Srnznnnow,
815 2492 899 2565 villa
925 2494 989 2565 sub
1007 2494 1174 2583 parochia
1200 2491 1412 2565 16166166
1438 2496 1525 2586 sita,
1551 2496 1649 2567 cuius
1675 2495 1846 2567 haeredes
1868 2494 2000 2566 16166-

444 2638 505 2691 666
531 2615 853 2709 Zabyerzowsky
871 2613 1056 2705 praelatus,
1084 2616 1143 2704 qui
1161 2615 1267 2687 habet
1284 2615 1398 2687 dictae
1418 2616 1521 2688 villae
1539 2618 1771 2707 medietatem,
1799 2614 2001 2706 Gregorius

444 2738 594 2809 Thomas
622 2743 658 2810 61
675 2736 878 2809 leonardus
905 2734 1031 2807 1661666
1060 2735 1223 2805 dedomo
1251 2740 1287 2805 61
1308 2734 1439 2809 1661116
1465 2793 1579 2807 .....
1589 2794 1606 2828 ,.
1645 2738 1773 2828 In‘qua
1799 2745 1885 2809 6661
1910 2738 1999 2808 16661

444 2859 690 2950 66611666166,
707 2858 793 2929 1166
805 2858 970 2929 tabernae
985 2856 1113 2929 ibidem
1131 2878 1200 2927 666
1215 2862 1311 2946 sunt,
1329 2858 1413 2927 item
1426 2858 1644 2931 16616166166
1658 2877 1739 2949 ...’.,
1757 2862 1842 2930 item
1857 2859 1999 2949 praedia

445 2986 594 3071 quatuor
619 2980 799 3069 militaria,
835 2978 877 3050 de
905 2978 1030 3069 quibus
1057 2978 1216 3050 omnibus
1253 2978 1400 3050 solvitur
1434 2985 1472 3051 et
1498 2981 1702 3053 conducitur
1728 2980 1864 3052 decima
1890 2981 1997 3051 mani-

406 3172 409 3191 ,
443 3102 576 3193 6616616
611 3106 648 3172 61
683 3099 856 3190 666666116
896 3120 960 3189 666
975 3110 980 3118 “
997 3100 1142 3171 66616616
1177 3100 1212 3169 16
1250 3098 1434 3191 166166,
1481 3108 1518 3172 et
1553 3102 1651 3175 valor
1685 3102 1759 3175 6166
1795 3104 2000 3173 aestimatur

446 3224 490 3295 ad
518 3242 751 3314 6616666666,
786 3224 927 3312 praeter
959 3220 1046 3293 1666
1078 3222 1197 3292 166666
1229 3222 1306 3295 6166
1341 3223 1504 3314 praedia,
1539 3224 1734 3316 dequibus
1769 3224 1937 3295 ecclesiae
1962 3224 1997 3293 16

444 3344 720 3418 Daleachicze.
759 3342 848 3414 Item
875 3342 1003 3414 ibidem
1030 3343 1098 3414 duo
1116 3345 1228 3435 16661,
1256 3344 1300 3416 61
1319 3347 1571 3436 proprietatem
1597 3347 1762 3419 666166166
1788 3347 1900 3418 61661
1928 3346 1997 3436 ple·

446 3466 529 3538 bani
555 3467 591 3537 in
617 3465 768 3538 166166
794 3464 1018 3556 pertinentes.

548 3586 709 3678 1166661,
743 3586 827 3658 villa
862 3586 926 3656 sub
961 3585 1128 3676 66666116
1163 3584 1383 3658 16166166
1410 3589 1493 3678 6116,
1530 3589 1627 3661 66166
1653 3589 1824 3661 16666166
1851 3589 1997 3660 Thomas

445 3707 666 3801 11666616,
697 3707 874 3780 16166666
901 3705 1259 3800 Korzyenyowsky
1279 3709 1329 3781 ,de
1347 3709 1453 3781 armis
1471 3706 1630 3782 166166.
1673 3711 1715 3782 16
1734 3718 1905 3801 quaeunt
1930 3717 2000 3781 tres

445 3830 538 3901 16661
564 3829 806 3921 66611666166,
834 3829 1010 3902 1166166
1037 3829 1183 3919 praedia
1207 3829 1391 3920 militaria,
1418 3827 1581 3904 videlicet
1608 3831 1760 3904 Thomac
1786 3832 2000 3921 Karszlrp

446 3955 482 4021 et
517 3950 687 4022 16166616
719 3950 1137 4042 Κ666666666616.
1183 3951 1270 4023 1166
1305 3953 1453 4024 taberna
1488 3973 1558 4024 666
1593 3955 1725 4026 habens
1758 3975 1877 4044 agros,
1916 3955 1998 4023 item

445 4069 665 4142 hortulaniae
694 4071 1038 4161 666166616166166
1066 4093 1187 4163 agros,
1214 4072 1400 4163 dequibus
1426 4075 1579 4164 praediis
1606 4076 1764 4146 omnibus
1791 4076 1941 4147 solvitur
1966 4078 2001 4144 et

447 4192 651 4264 conducitur
679 4192 812 4263 decima
838 4193 1063 4282 manipularis
1092 4200 1128 4264 et
1147 4195 1323 4285 canapalis
1349 4217 1413 4287 pro
1431 4196 1576 4268 ccclesia
1601 4197 1822 4288 16166166,
1849 4196 2000 4269 6166166

326 4323 328 4333 '
446 4314 521 4385 cius
548 4315 752 4385 aestimatur
780 4313 824 4385 ad
843 4317 991 4403 quatuor
1016 4336 1166 4408 marcas,
1194 4315 1369 4388 16166616
1397 4338 1480 4388 vero
1507 4319 1796 4409 emethonalibus,
1823 4319 1997 4406 tabernae,
2115 4305 2118 4314 ’

447 4435 593 4508 solvitur
628 4435 793 4508 ecclesiae
819 4437 855 4507 16
881 4433 1088 4529 Zborow,
1125 4442 1161 4510 et
1187 4438 1286 4510 valor
1321 4439 1395 4510 eius
1432 4441 1636 4514 6661166166
1671 4441 1816 4512 611666
1852 4460 1997 4512 marcas.

445 4557 535 4630 Item
562 4557 718 4630 6661111
746 4556 807 4630 6111
835 4611 975 4629 ......

421 4661 424 4670 ⁴
552 4679 726 4772 Burman,
754 4679 838 4752 villa
866 4680 929 4753 sub
956 4681 1123 4771 parochia
1151 4681 1194 4752 de
1220 4680 1243 4752 J
1248 4683 1384 4783 66166,
1419 4684 1515 4755 66166
1542 4685 1666 4757 166666
1691 4684 1817 4757 Petrus
1845 4684 1999 4756 Balicz·

446 4800 519 4894 sky
546 4801 589 4875 16
617 4803 722 4874 66616
749 4801 1029 4895 Β166666166.
1056 4802 1095 4873 16
1124 4824 1193 4894 qua
1219 4810 1301 4875 sunt
1327 4803 1419 4875 lanei
1447 4806 1691 4896 66611666166,
1718 4807 1760 4878 16
1788 4807 1914 4899 quibus
1933 4805 1998 4877 sol-

444 4927 539 5000 vitur
557 4931 593 4998 61
611 4925 814 4997 conducitur
831 4923 963 4996 decima
981 4925 1206 5014 manipularis
1225 4927 1531 5017 61666666116666
1550 4929 1751 5019 episcopatu
1764 4926 1999 5026 Crotoniensi,

444 5053 482 5120 et
498 5048 596 5121 valor
614 5049 688 5118 eius
706 5048 910 5119 6661166166
927 5047 971 5118 61
990 5053 1138 5138 quatuor
1157 5069 1309 5150 666666,
1327 5048 1411 5118 item
1425 5049 1633 5140 taberna...,
1651 5051 1735 5121 item
1753 5050 1958 5121 hortulani..
1973 5085 2001 5119 .2

445 5170 530 5242 item
556 5169 737 5261 praedium
763 5168 812 5239 ibi
840 5168 979 5240 unicum
1006 5168 1167 5260 militare,
1195 5168 1238 5242 de
1265 5192 1333 5261 quo
1361 5170 1553 5242 decimatur
1585 5171 1751 5244 ecclesiae
1779 5171 2007 5265 16166166,

446 5298 483 5362 61
509 5291 608 5364 valor
635 5291 709 5362 cius
736 5290 780 5361 ad
807 5289 895 5360 duas
922 5309 1056 5362 marcas
1084 5291 1299 5362 aestimatur.

549 5409 739 5504 266666,
767 5413 850 5486 villa
878 5412 941 5484 sub
968 5413 1133 5504 parochia
1161 5414 1204 5485 de
1230 5413 1254 5485 J
1264 5415 1404 5486 66166
1430 5416 1515 5504 6116,
1548 5416 1644 5486 66166
1672 5416 1797 5488 haeres
1824 5415 1997 5507 praelatus

446 5526 572 5602 Petrus
600 5534 848 5627 Baliczsky
875 5534 918 5605 de
946 5535 1047 5606 domo
1075 5541 1110 5606 61
1136 5535 1266 5606 1661116
1293 5537 1612 5628 Β166666166.
1640 5538 1681 5608 16
1709 5559 1776 5629 qna
1802 5544 1884 5610 sunt
1910 5538 1997 5608 lanei

446 5651 698 5744 emethonales‚
725 5655 768 5726 de
795 5656 920 5746 quibus
952 5659 1099 5730 solvitur
1126 5663 1161 5726 61
1188 5657 1393 5730 6661661166
1421 5660 1554 5732 166166
1579 5661 1806 5750 manipularis
1833 5666 1872 5734 et
1898 5681 1994 5732 cana·
