4550 6600
440 762 490 840 50

436 973 662 1066 manipularis
680 977 717 1046 et
735 969 909 1064 canapalis
927 991 992 1064 pro
1010 968 1269 1064 praedicatura
1281 969 1445 1048 ecclesiae
1473 966 1712 1066 Oraconiensi,
1739 973 1776 1046 et
1796 966 1895 1048 valor
1916 969 1993 1047 eins

438 1095 642 1166 aestimatur
668 1095 713 1166 ad
732 1149 863 1186 ......
892 1096 975 1167 item
994 1101 1048 1167 est
1066 1096 1115 1167 ibi
1133 1097 1314 1186 praedium
1339 1095 1500 1188 militare,
1526 1096 1571 1168 de
1597 1097 1695 1170 cuius
1722 1097 1817 1188 agris
1844 1096 1994 1170 solvitur

437 1214 570 1290 (199199
596 1215 824 1306 manipularis
851 1215 1016 1287 eeclesiae
1042 1216 1078 1286 in
1105 1215 1481 1289 Wianczslawicze.
1614 1237 1618 1243 ·

539 1336 850 1428 Mnsnomunczn,
887 1337 971 1408 rilla
1006 1338 1069 1410 sub
1096 1337 1263 1428 parochia
1287 1337 1332 1408 de
1358 1336 1735 1410 Wianczslanicze
1770 1338 1857 1428 sita,
1893 1337 1992 1409 cuius

294 1444 297 1451 ’
435 1458 603 1530 haeredes
620 1457 801 1530 Zawischa
818 1457 1057 1549 Rzanczsky
1084 1464 1120 1530 et
1140 1513 1255 1529 .....
1281 1459 1460 1549 Dimsky,
1486 1457 1614 1532 nobilis
1631 1458 1675 1530 de
1693 1459 1799 1530 armis
1818 1458 1991 1548 Toppor,

435 1578 471 1649 in
499 1600 569 1669 qua
596 1585 677 1651 snnt
704 1579 821 1650 decem
848 1579 940 1650 lanei
967 1579 1211 1671 emethonales,
1238 1580 1322 1651 item
1340 1581 1411 1651 tria
1432 1580 1576 1670 praedia
1601 1580 1777 1670 militaria,
1803 1579 1888 1651 item
1905 1579 1987 1650 hor·
2009 1614 2026 1640 s

435 1699 607 1792 tulanise,
633 1701 802 1772 habentes
829 1722 949 1791 agros,
982 1700 1025 1771 de
1052 1701 1177 1791 quihus
1205 1702 1363 1773 omuibus
1390 1702 1539 1773 solvitur
1564 1708 1601 1773 et
1627 1701 1832 1773 conducitur
1858 1700 1993 1772 decima

436 1821 661 1912 manipularis
689 1828 724 1894 et
761 1822 936 1911 canapalis
972 1822 1137 1918 ecelesiae
1173 1823 1210 1893 in
1245 1821 1676 1914 Wianczslauicze,
1712 1829 1749 1894 91
1779 1822 1878 1894 valor
1912 1823 1987 1892 eius

435 1945 644 2016 aestimatur
670 1944 715 2015 ad
742 1949 873 2034 septem
908 1963 1052 2014 marcas.
1095 1944 1185 2015 Item
1222 1950 1304 2016 sunt
1338 1945 1389 2015 ihi
1415 1950 1566 2035 quatuor
1599 1945 1785 2035 tabernae,
1821 1945 1990 2016 hahentes

435 2085 548 2157 agros,
576 2066 618 2137 de
646 2067 783 2156 quihus*
798 2065 965 2156 plebanus
992 2065 1035 2136 de
1056 2064 1185 2138 Sancta
1211 2065 1327 2137 Maria
1351 2065 1389 2137 in
1414 2065 1645 2138 cracovia
1670 2066 1798 2139 asserit
1824 2065 1990 2137 decimam

436 2185 481 2258 ad
508 2208 545 2259 se
572 2188 757 2279 pertinere.
976 2262 978 2270 ,
1842 2183 1848 2196 ‘

538 2307 856 2398 Wrnczuowrczn,
885 2307 969 2380 villa
994 2307 1058 2379 suh
1082 2308 1249 2399 parochia
1275 2309 1442 2380 ecclesiae
1461 2308 1505 2380 de
1522 2307 1879 2381 Wianezslawicze
1908 2309 1985 2399 site,

436 2429 533 2502 cuins
560 2428 731 2500 haeredes
767 2450 885 2501 omnes
912 2429 947 2500 iu
975 2429 1093 2500 cadem
1131 2429 1215 2501 villa
1250 2430 1497 2521 consistentes,
1534 2431 1571 2502 in
1597 2451 1667 2521 qua
1692 2437 1775 2501 sunt
1809 2429 1988 2502 duodecim

435 2551 526 2622 lanei
546 2551 787 2641 cmethonales,
815 2551 898 2621 item
917 2552 1063 2631 taberna
1081 2551 1213 2622 habens
1231 2571 1345 2642 agros,
1372 2552 1455 2622 item
1473 2558 1547 2623 tres
1564 2552 1795 2642 hortulaniae,
1822 2552 1990 2622 hahentes

435 2693 549 2762 agnou,
576 2673 619 2743 de
646 2672 770 2764 quihus
799 2673 957 2744 omnihus
986 2671 1133 2744 solvitur
1160 2678 1196 2743 et
1222 2673 1427 2744 conducitur
1458 2672 1591 2744 decima
1616 2673 1844 2763 manipularis
1871 2680 1907 2744 et
1933 2693 1990 2743 oa-

435 2794 570 2886 napalis
598 2794 762 2868 ecclesiae
790 2794 825 2864 iu
852 2793 1226 2885 Wianczslawicze,
1253 2800 1290 2865 et
1315 2795 1416 2865 valor
1441 2795 1515 2865 eins
1543 2795 1758 2866 aestimetur
1775 2794 1820 2865 ad
1838 2849 1847 2864 .
1865 2849 1873 2864 .
1892 2849 1927 2864 ..

536 2915 737 3006 Zauuzow,
766 2916 904 2987 deserta
930 2915 1013 2988 villa
1040 2916 1103 2987 sub
1131 2917 1297 3006 parochia
1323 2916 1367 2986 de
1392 2915 1750 2989 Wianozslawicze
1776 2916 1862 3006 sita,
1891 2916 1988 2987 ouius

433 3037 557 3109 haeres
584 3037 760 3109 Johannes
787 3037 1106 3127 Zakrzowsky,
1133 3037 1170 3107 in
1198 3058 1267 3128 qua
1293 3043 1376 3108 sunt
1402 3037 1495 3109 lanei
1521 3037 1765 3128 cmethonaleS,
1793 3038 1989 3128 dequibus

435 3159 581 3230 solvitur
617 3159 751 3229 decima
785 3157 1011 3248 manipularis
1047 3158 1213 3230 ecclesiae
1248 3159 1284 3230 in
1311 3157 1686 3251 Wianczslawicze,
1720 3165 1757 3231 91
1783 3160 1883 3231 valor
1915 3160 1991 3230 eius

436 3281 642 3351 aestimatur
669 3279 712 3350 ad
732 3331 847 3351 .....

539 3401 831 3491 Luscznwuczn,
868 3401 951 3473 villa
978 3402 1042 3475 suh
1078 3403 1244 3493 parochia
1269 3402 1313 3475 de
1339 3402 1754 3476 Wianczslawicze
1780 3404 1866 3495 sita,
1894 3403 1991 3479 auius

435 3522 558 3593 haeres
587 3521 780 3599 Stanislaus
811 3521 1157 3616 Lusczkowsky
1184 3524 1226 3596 de
1254 3525 1355 3596 domo
1374 3581 1381 3596 .
1401 3581 1408 3596 .
1428 3582 1436 3596 .
1454 3581 1481 3617 .,
1517 3526 1553 3597 in
1581 3546 1649 3616 qua
1675 3531 1758 3597 sunt
1782 3525 1875 3596 lanei
1902 3545 1992 3596 999-

435 3644 613 3734 thonales,
641 3644 724 3716 item
751 3644 991 3737 hortulaniae,
1018 3644 1061 3717 de
1088 3646 1214 3736 quibus
1240 3646 1361 3719 totalis
1389 3647 1522 3718 decima
1548 3647 1696 3719 solvitur
1722 3646 1759 3717 iu
1788 3646 1993 3717 Wiancz·
2065 3732 2068 3735 Α

320 3770 324 3781 ’
435 3766 663 3858 slawicze,
691 3772 727 3839 et
754 3768 854 3840 valor
880 3768 954 3839 eius
981 3768 1188 3840 aestimatur
1214 3768 1259 3840 ad
1276 3824 1394 3840 .....

539 3888 687 3979 Bonnu,
720 3890 803 3963 uilla
829 3891 894 3962 sub
921 3890 1040 3963 eadem
1068 3891 1235 3981 parochia
1260 3890 1304 3962 de
1330 3889 1745 3962 Wianczslawicze
1772 3889 1858 3980 sita,
1893 3888 1993 3961 cuius

435 4008 559 4080 haeres
587 4008 918 4100 Mlodzeyowshy
944 4011 1111 4082 dedomo
1131 4066 1262 4100 ......
1289 4011 1326 4081 in
1353 4032 1421 4101 qua
1446 4016 1529 4082 sunt
1554 4012 1646 4082 lanei
1673 4010 1919 4101 emethonales,
1946 4010 1991 4081 de
2054 4032 2061 4039 ’

437 4128 563 4218 quihus
591 4128 738 4199 solvitur
765 4130 898 4200 decima
925 4130 1089 4201 ecclesiae
1115 4130 1152 4200 in
1179 4130 1553 4221 Wianczslawicze,
1581 4138 1618 4202 91
1643 4131 1743 4202 valor
1768 4131 1843 4201 eins
1870 4130 1937 4202 ad.
1956 4186 1992 4201 ..

416 4268 571 4350 ‘marcas
599 4248 813 4321 aestimatur.
853 4249 941 4323 Item
968 4250 1011 4321 de
1038 4250 1211 4341 aliquibus
1238 4250 1348 4322 laneis
1375 4251 1648 4323 cmethonalihus
1685 4251 1833 4323 solvitur
1859 4252 1993 4323 decima

435 4391 500 4462 pro
526 4368 726 4461 praebenda
761 4368 1000 4462 cracoviensi,
1037 4392 1126 4462 qnae
1153 4376 1299 4443 vocatur
1316 4426 1555 4464 ..........
1591 4374 1675 4444 item
1703 4374 1752 4444 ihi
1779 4374 1911 4444 nullum
1938 4379 1994 4446 est

436 4493 628 4584 praedium.

441 4644 452 4651 ·
539 4614 861 4707 annsnnwrczn,
889 4612 972 4687 villa
998 4614 1062 4686 suh
1089 4615 1258 4705 parochia
1284 4614 1327 4688 de
1345 4614 1761 4687 Wianczslawicze
1788 4616 1866 4707 sita,
1893 4616 1992 4687 cuius

436 4736 560 4809 haeres
581 4735 764 4810 ¹Johannes
792 4736 840 4809 On
859 4790 973 4808 .....
983 4737 1043 4808 'de
1070 4737 1177 4808 arnds
1204 4734 1488 4829 Griitonum,
1514 4738 1550 4808 in
1578 4759 1647 4828 qna
1673 4742 1755 4809 snut
1781 4738 1873 4809 lanei
1900 4712 1991 4809 cmc-

436 4858 617 4949 thonales,
653 4860 736 4930 item
772 4860 1010 4949 hortulaniae,
1046 4860 1131 4931 1199
1166 4861 1351 4950 tabernae,
1387 4860 1471 4931 item
1507 4866 1562 4931 est
1592 4860 1642 4931 ihi
1668 4859 1849 4949 praedium
1885 4880 1991 4931 unum

436 4979 602 5069 militane,
629 4980 672 5051 de
704 4980 828 5071 quibus
847 4980 1006 5052 omnibus
1025 4979 1173 5053 solvitur
1191 4978 1325 5053 decima
1341 5034 1456 5052 .....
1479 5001 1544 5072 pro
1574 4980 1719 5052 ecclesia
1736 4980 1773 5051 in
1790 4978 1994 5052 Wiener·

437 5088 665 5173 slawicze.
767 5190 774 5202 ἣ

1109 5221 1325 5294 Snnwrcma

540 5340 653 5435 Villa,
679 5343 811 5415 habens
837 5344 874 5415 in
902 5364 939 5415 se
965 5344 1200 5434 parochialem
1235 5343 1416 5415 ecclesiam
1442 5343 1609 5436 ligneam,
1643 5343 1771 5417 Sancto
1797 5343 1992 5417 Adalherto

436 5462 594 5554 pontifici
630 5469 665 5535 91
700 5467 847 5557 martyri
889 5466 1058 5556 dicatam,
1102 5466 1200 5537 cuius
1239 5466 1408 5556 plebanus
1448 5464 1599 5536 Michael
1642 5466 1770 5538 nobilis
1809 5466 1852 5537 de
1888 5466 1990 5538 domo

437 5582 683 5675 Habdanh,
710 5586 745 5657 in
773 5606 841 5676 qua
866 5587 1086 5676 praepositus
1112 5592 1150 5658 et
1174 5586 1423 5659 monasterium
1458 5585 1715 5659 Miechovicnse
1747 5587 1855 5659 hahet
1880 5608 1990 5659 nnnm

436 5704 575 5781 laneum
602 5711 639 5777 et
664 5704 750 5778 duas
776 5707 993 5780 hortulanias
1020 5708 1189 5801 proprias.
1215 5708 1303 5780 Item
1321 5706 1542 5781 Wraczslans
1559 5713 1596 5780 et
1613 5706 1808 5781 Doheslaus
1833 5728 1980 5801 german
