4550 6600
1698 749 1771 823 aba
1799 778 1806 786 ·

224 953 429 1029 monasterio
448 953 760 1027 sanctimonialium
779 954 815 1025 in
834 930 935 1027 anti
946 974 1033 1045 qua
1059 954 1283 1044 Sandone,
1310 958 1346 1026 et
1363 954 1554 1027 valor'cius
1572 955 1776 1031 aestimatur

223 1076 264 1147 ad
291 1080 439 1165 quatuor
465 1096 610 1148 marcas.
646 1076 734 1151 Item
763 1076 810 1146 ibi
838 1098 907 1147 uon
934 1081 988 1147 est
1015 1075 1213 1166 praedium,
1240 1097 1309 1147 nou
1336 1081 1391 1147 est
1417 1077 1598 1166 scultetis,
1625 1098 1695 1149 uon
1721 1082 1775 1151 ta·

223 1196 364 1299 bornae,
391 1218 460 1269 uon
486 1195 723 1286 hortulauiae,
761 1218 872 1287 neque
898 1196 1152 1286 molendinum3
1179 1197 1262 1269 item
1289 1196 1438 1287 plebano
1465 1198 1612 1289 quilibet
1637 1199 1775 1276 emetbo

223 1318 264 1389 de
290 1316 382 1389 uillis
408 1318 516 1403 totius
556 1338 640 1389 suae
675 1318 878 1409 parochiae,
915 1318 1021 1391 solvit
1056 1318 1208 1411 quinque
1243 1339 1310 1392 ova
1335 1323 1372 1391 et
1398 1339 1462 1411 per
1487 1340 1593 1395 uuum
1629 1340 1776 1412 meeum,

223 1439 288 1513 duo
315 1438 454 1511 sulsicia
479 1444 516 1513 ct
542 1438 629 1513 duos
656 1433 772 1531 p'aues.
914 1502 920 1519 ,

878 1560 1125 1635 Scuuuruwu.
1803 1627 1809 1634 .

322 1680 418 1753 Villa
452 1681 584 1755 habeus
620 1682 657 1755 iu
693 1702 730 1754 se
762 1682 941 1755 ecclesiam
977 1682 1210 1774 parochialem
1245 1684 1413 1775 ligneam,
1449 1684 1576 1757 Sancto
1610 1684 1776 1757 bliebaeli

222 1802 387 1893 dicatam,
423 1802 521 1875 cuius
548 1802 672 1875 haeres
700 1801 911 1893 Stauislaus,
947 1802 1126 1876 lohannes
1153 1809 1190 1876 et
1217 1804 1382 1877 Nicolaus
1416 1806 1574 1895 germani
1600 1804 1644 1877 de
1672 1806 1775 1883 domo

222 1924 503 2015 Streparum.
539 1923 579 1999 In
607 1942 676 2015 qua
702 1928 785 1995 suut
810 1922 990 1996 duodecim
1017 1924 1108 1996 lanei
1136 1925 1390 2015 emetbouales,
1425 1926 1509 1997 item
1535 1948 1606 1997 uua
1631 1927 1797 2003 taberna.

220 2045 350 2117 habeus
377 2065 499 2136 agros,
527 2044 571 2117 de
598 2046 722 2137 quibus
749 2044 908 2119 omuibus
934 2044 1083 2118 solvitur
1109 2045 1244 2118 decima
1269 2046 1459 2136 pecunialis
1485 2068 1548 2137 per
1574 2068 1681 2119 unum
1707 2046 1775 2121 ler-

188 2172 334 2239 'touem
362 2165 513 2239 latorum
539 2186 740 2257 grossorum
768 2186 832 2257 pro
859 2167 1021 2258 episcopo
1049 2164 1292 2256 Oraooviensi3
1327 2168 1412 2258 itam
1437 2168 1545 2239 babet
1570 2167 1717 2240 eeclesia
1742 2172 1779 2239 et
1832 2159 1855 2219 '-
1965 2176 1971 2183 '

223 2286 388 2381 plebanus
415 2307 521 2359 uuum
548 2282 686 2361 laneum
713 2288 893 2380 proprium
920 2292 956 2361 et
982 2292 1101 2379 prata,
1129 2308 1194 2379 pro
1221 2308 1284 2361 suo
1311 2308 1379 2360 usu
1405 2292 1442 2360 et
1467 2288 1684 2361 necessitato.

295 2500 297 2507 Α
331 2407 552 2501 Busszuuu,
593 2408 677 2481 villa
714 2409 778 2483 sub
813 2409 979 2501 parochia
1014 2409 1057 2481 de
1093 2408 1381 2501 Sebalyewa·
1399 2410 1486 2502 sita,
1522 2410 1620 2483 cuius
1654 2410 1778 2483 baares

224 2530 402 2604 iohannes
423 2528 580 2621 ,Stadu
589 2532 731 2623 yezsk
740 2554 763 2623 y
790 2532 833 2605 de
860 2532 965 2613 armis
984 2586 1097 2602 .....
1133 2530 1174 2602 lu
1192 2552 1263 2623 qua
1288 2538 1372 2603 sunt
1396 2537 1471 2605 tres
1497 2530 1589 2603 lanei
1624 2532 1778 2604 cmetho-

222 2652 334 2741 males,
372 2651 569 2743 dequibus
605 2644 754 2725 soluitur
790 2651 924 2727 decima
959 2652 1151 2743 pecunialis
1185 2672 1250 2743 per
1282 2674 1387 2725 uuum
1423 2652 1594 2727 fertonem
1629 2654 1790 2725 latorum

222 2794 420 2864 grossorum
447 2774 610 2867 episcopo
647 2772 888 2865 Gracoviensi3
923 2774 1006 2847 item
1033 2779 1087 2847 est
1113 2773 1163 2847 ibi
1189 2795 1279 2847 uuus
1313 2774 1480 2849 scultetus
1515 2775 1647 2848 habeus
1674 2796 1778 2867 agros

223 2895 407 2989 speciales,
434 2896 630 2991 dequibus
657 2896 806 2971 decimat
824 2948 939 2969 .....
1048 2938 1054 2949 ·
1216 2898 1220 2905 ’

642 3050 644 3057 ·
871 3016 1129 3091 Truuuuown.

322 3137 421 3213 Villa
437 3140 570 3213 habeus
584 3139 620 3219 iu
639 3160 677 3211 se
694 3118 928 3241 parochialem
955 3138 1133 3211 ecclesiam
1161 3138 1330 3230 ligneam,
1357 3138 1475 3213 Sancti
1502 3139 1657 3231 Nicolai,
1684 3142 1781 3214 cuius

223 3260 419 3354 proprietas
445 3260 491 3335 ad
518 3260 798 3336 sanctimoniales
833 3258 1087 3334 Saudeezeuses
1123 3260 1286 3352 pertinet
1320 3259 1361 3334 lu
1389 3282 1458 3353 qua
1491 3266 1573 3334 suut
1598 3261 1779 3337 duodecim

223 3383 309 3458 lanei
336 3382 594 3475 emetbouales,
621 3383 665 3457 de
692 3383 818 3475 quibus
846 3382 994 3456 solvitur
1021 3383 1187 3456 eeclesiae
1205 3382 1250 3456 ad
1268 3403 1344 3456 eam
1371 3382 1561 3474 pertinenti
1588 3384 1781 3458 octodecim

222 3525 356 3592 mamae
386 3503 430 3578 de
454 3528 565 3601 asopo
591 3505 828 3598 Bocbuya,
854 3510 890 3576 et
908 3505 1033 3580 rubeta
1050 3525 1157 3596 penes
1176 3504 1360 3577 scultetum
1377 3511 1415 3577 et
1432 3505 1523 3578 duae
1548 3506 1778 3578 hortulaniae:

225 3627 370 3718 quilibet
407 3626 544 3699 emetbo
580 3629 721 3700 tenetur
738 3625 865 3717 ‘gram
900 3627 1073 3698 seminare
1108 3625 1154 3698 ad
1185 3631 1322 3718 tempus
1357 3627 1524 3698 aestivale
1550 3631 1588 3700 et
1613 3627 1781 3718 hyemale,

224 3749 355 3822 emetbo
386 3748 532 3840 quilibet
557 3753 697 3822 tenetur
720 3747 804 3822 dare
822 3768 886 3839 per
904 3745 1083 3820 duodecim
1112 3768 1179 3820 ora
1205 3752 1241 3818 et
1266 3766 1330 3838 per
1355 3750 1428 3818 tres
1455 3746 1587 3838 gallos3
1614 3747 1782 3820 scultetus

223 3887 323 3942 uuum
350 3869 525 3943 fertonem
551 3875 587 3943 et
613 3869 794 3943 duodecim
830 3874 966 3943 coretos
1001 3867 1168 3958 siliginis,
1204 3867 1248 3940 de
1276 3867 1430 3958 qualibet
1462 3867 1609 3940 taberna
1642 3871 1782 3940 tenetur

225 3989 304 4065 dare
330 3991 553 4083 tabernulas,
580 3989 822 4064 residuitotem
849 3989 1002 4062 decimae
1029 3993 1170 4062 tenetur
1195 3987 1281 4060 dare
1307 3987 1484 4060 ecclesiae.

323 4111 626 4204 OcuoruurczA,
653 4111 736 4185 villa
761 4116 902 4186 tenetur
928 4109 1013 4186 dare
1040 4129 1250 4204 sexagenam
1277 4115 1313 4182 et
1338 4129 1402 4202 per
1427 4115 1502 4184 tros
1519 4110 1631 4203 gallos
1657 4114 1694 4191 et
1719 4131 1783 4201 per

226 4233 309 4308 duos
336 4254 468 4310 caseos.

884 4353 1129 4428 Worhuowh.

325 4477 424 4552 Villa
457 4477 589 4552 babens
624 4478 660 4549 in
688 4496 726 4550 se
753 4476 986 4569 parochialem
1022 4475 1203 4548 ecclesiam
1234 4480 1425 4566 muratam,
1441 4569 1446 4584 ί
1461 4475 1586 4548 honori
1622 4467 1783 4547 Omuim'n

228 4599 430 4673 Sanctorum
457 4599 623 4691 dicatam,
651 4620 754 4691 quam
776 4597 947 4692 Woyak
974 4598 1073 4670 miles
1100 4598 1255 4670 existens
1282 4602 1365 4669 tunc
1391 4616 1537 4687 magnus
1563 4602 1780 4688 procurator,

227 4721 268 4794 de
293 4722 401 4794 armis
430 4719 617 4814 Ogniwo
653 4719 869 4793 huudaverat.
904 4721 945 4792 Iu
972 4740 1040 4812 qua
1066 4725 1149 4792 suut
1182 4719 1300 4811 plures
1326 4723 1400 4790 tam
1430 4717 1558 4789 milites
1593 4715 1735 4789 Pruss
1747 4741 1781 4809 y,

228 4843 310 4916 olias
327 4843 746 4934 Dobroezeszsczy‚
771 4861 880 4932 genus
899 4839 1016 4914 Sancti
1044 4839 1226 4930 Stauislai,
1253 4858 1355 4931 quam
1383 4831 1582 4911 emetboues
1609 4837 1652 4910 de
1678 4839 1793 4913 armis.
1827 4857 1831 4864 ’

230 4964 404 5058 Gzaruy
431 4963 570 5056 delyu
599 4969 635 5036 et
660 4960 869 5055 Oguywo.
897 4963 985 5034 Item
1013 4961 1182 5034 tabernae
1200 4981 1270 5034 uon
1289 4964 1370 5032 suut
1396 4959 1463 5049 ibi,
1490 4959 1597 5032 etde
1625 4960 1784 5032 omnibus

227 5087 318 5178 agris
344 5092 418 5158 tam
444 5084 610 5158 nobilium
639 5105 742 5178 quam
768 5085 1006 5174 emetbouum,
1033 5083 1183 5156 solvitur
1209 5081 1344 5154 decima
1369 5080 1595 5171 manipularis
1621 5088 1658 5153 et
1684 5101 1785 5153 caua-

228 5207 315 5298 palis
341 5206 508 5280 eeclesiae
534 5213 571 5280 et
598 5206 673 5278 eius
699 5205 847 5298 plebano
875 5205 910 5276 iu
937 5203 1233 5297 Woyahowa,
1268 5208 1305 5275 et
1332 5201 1431 5275 valor
1465 5202 1541 5273 eius
1577 5202 1785 5276 aestimatur

230 5327 273 5400 ad
298 5335 378 5402 octo
405 5347 549 5400 marcas.
575 5327 665 5400 Erat
692 5331 808 5400 autem
835 5325 969 5419 decima
987 5324 1145 5417 praelata
1170 5326 1214 5398 ab
1242 5323 1343 5396 initio
1369 5322 1577 5414 episcopalis
1602 5327 1700 5413 tota;
1724 5322 1785 5395 sed

231 5449 362 5523 nobiles
389 5449 559 5541 depositis
594 5447 831 5521 emetbouibus
867 5453 1040 5538 occupant
1066 5467 1161 5537 eam,
1191 5450 1332 5518 etcum
1359 5444 1487 5517 iniuria
1521 5444 1675 5537 episcopi
1701 5443 1788 5517 daut

231 5589 304 5642 eam
330 5571 478 5662 plebano
505 5571 540 5642 in
567 5567 842 5662 Woyakowa
871 5569 959 5640 Item
986 5568 1035 5641 ibi
1062 5567 1211 5640 ecelesia
1236 5571 1274 5639 et
1294 5565 1463 5657 plebanus
1489 5565 1597 5640 babet
1622 5565 1784 5657 proprios

234 5710 332 5794 agros
368 5699 405 5774 et
436 5699 557 5794 prata,
593 5711 656 5794 pro
693 5711 755 5772 suo
790 5711 856 5772 usu
892 5695 928 5771 et
964 5689 1189 5788 necessitate,
1232 5688 1317 5769 item
1352 5694 1426 5766 tres
1460 5687 1666 5787 pisciculos,
1701 5687 1786 5762 item
