4550 6600
426 784 435 867 1
501 698 650 823 sao-⁸

502 954 745 1041 coemendos,
773 954 857 1027 item
883 950 1061 1041 tabernae,
1086 950 1172 1021 item
1198 948 1427 1041 hortrrlauiae,
1453 948 1544 1020 item
1562 948 1744 1038 praedium
1769 969 1884 1039 unum,
1906 948 1949 1021 dc
1974 951 2048 1039 qui-

501 1080 566 1151 bus
602 1075 760 1148 omnibus
796 1072 944 1145 solvitur
979 1076 1015 1143 et
1041 1070 1246 1143 conducitur
1282 1069 1416 1143 decima
1449 1069 1676 1160 manipularis
1711 1073 1748 1141 et
1777 1070 1952 1161 canapalis
1985 1092 2049 1161 pro
2153 1159 2154 1166 ἵ

420 1266 424 1275 ,
502 1198 648 1271 ecclesia
673 1198 710 1269 in
736 1194 965 1287 Stradow‚
993 1198 1028 1265 et
1054 1193 1153 1265 valor
1167 1192 1254 1295 'eius
1281 1190 1326 1263 ad
1352 1195 1486 1283 septem
1512 1211 1657 1283 marcas.
1682 1191 1773 1264 Item
1799 1196 1855 1263 est
1879 1191 1929 1263 ibi
1950 1212 2049 1282 prae-
2153 1193 2154 1226 ³

445 1410 451 1417 .
502 1320 598 1393 dium
624 1318 785 1409 militare,
814 1316 906 1409 quod
932 1315 1081 1388 decimat
1107 1315 1144 1385 in
1170 1314 1424 1405 Xagnicze,
1450 1313 1550 1386 valor
1572 1312 1725 1385 decimae
1743 1311 1789 1385 ad
1806 1312 1893 1385 duas
1909 1333 2051 1385 marcas

606 1439 740 1531 Somou,
768 1438 851 1511 villa
876 1438 940 1511 sub
968 1436 1134 1527 parochia
1161 1435 1204 1507 de
1230 1434 1557 1528 Dzyerzaszna
1584 1435 1663 1525 sita,
1689 1434 1788 1507 cuius
1805 1434 1929 1507 haeres
1947 1434 2051 1527 Aegi-
2153 1427 2154 1432 ‘

503 1564 582 1637 dius
602 1556 811 1633 'Sudolsk
820 1582 843 1651 y
870 1559 913 1631 de
940 1558 1041 1630 domo
1069 1556 1307 1629 Habdank.
1333 1555 1374 1627 In
1392 1576 1462 1647 qua
1479 1560 1561 1629 sunt
1586 1556 1679 1628 lanei
1698 1556 1941 1647 cmethonales,
1967 1557 2052 1627 item

502 1684 688 1773 tabernae,
714 1681 799 1753 item
825 1679 1021 1770 hortulani,
1048 1679 1091 1751 de
1119 1677 1243 1769 quibus
1271 1677 1429 1751 omnibns
1456 1676 1604 1749 solvitur
1630 1682 1667 1749 et
1692 1677 1894 1751 conducitur
1920 1678 2053 1749 decima

502 1803 727 1895 manipularis
755 1807 791 1874 et
818 1801 994 1892 canapalis
1031 1800 1197 1872 ecclesiae
1224 1800 1260 1870 in
1296 1785 1615 1891 Dzyerrasna‚
1651 1804 1687 1871 et
1713 1799 1812 1872 valor
1846 1799 1922 1871 eius
1948 1800 2053 1871 acati
2154 1893 2155 1904 ἵ

503 1928 620 1997 matur
647 1922 692 1995 ad
710 1978 717 1993 .
737 1978 744 1993 .
851 1922 939 1994 Item
966 1925 1020 1993 est
1046 1921 1096 1992 ibi
1123 1919 1304 2009 praedium
1330 1918 1492 2009 militare,
1519 1919 1562 1990 de
1581 1918 1860 2010 qno'decimatur
1885 1920 2052 1992 ecclesiae

367 2072 373 2084 *
502 2045 539 2117 in
566 2045 819 2136 Xagnicze,
846 2048 883 2117 et
908 2043 1007 2115 valor
1034 2041 1188 2115 decimae
1214 2040 1420 2113 aestimatur
1446 2039 1492 2111 ad
1518 2060 1671 2112 marcam
1697 2061 1774 2113 eum
1800 2040 1923 2113 media

607 2166 892 2265 Numanowrozn,
919 2163 1001 2235 villa
1028 2164 1092 2235 sub
1119 2161 1286 2253 parochia
1312 2160 1356 2233 de
1375 2215 1544 2233 .......
1589 2163 1667 2235 sita
1693 2162 1735 2234 In
1761 2183 1830 2253 qua
1854 2168 1936 2235 sunt
1961 2162 2053 2233 16661

503 2288 755 2378 cmethonales‚
791 2288 874 2359 item
902 2286 1078 2375 tabernae,
1106 2284 1190 2355 item
1216 2283 1454 2373 hortulaniae‚
1492 2283 1687 2375 dequibus
1714 2284 1871 2356 omnibus
1907 2284 2053 2355 solvitur

503 2414 539 2481 et
565 2408 769 2483 conducitur
796 2408 928 2480 decima
955 2406 1180 2497 manipularis
1207 2410 1243 2477 et
1270 2405 1445 2497 canapalis
1471 2426 1536 2496 pro
1556 2460 1670 2476 .....
1696 2406 1861 2477 11661661
1877 2407 1913 2476 in
1930 2405 2052 2475 eadem

503 2530 588 2603 villa
613 2530 793 2622 praedium
820 2529 978 2619 militare,
991 2512 993 2519 ’
1007 2528 1049 2600 de
1069 2549 1136 2619 quo
1156 2527 1351 2599 decimatur
1368 2526 1533 2601 eeclesiae
1559 2528 1596 2599 in
1623 2526 1876 2619 Xagnicze‚
1902 2532 1939 2599 et
1956 2527 2053 2598 valor

504 2651 657 2725 decimae
684 2652 728 2723 ad
754 2670 859 2723 uuam
886 2670 1093 2741 sexagenam
1120 2649 1335 2720 aestimatur.

573 2760 577 2767 ’
607 2770 722 2845 Villae
749 2770 975 2863 parochiales:
1003 2768 1240 2860 Xagnicze
1255 2823 1406 2840 .....

991 3032 1239 3119 Praebenda
1272 3034 1312 3111 in
1343 3013 1570 3137 Xapnloze.

400 3321 405 3328 .
534 3303 536 3308 -
606 3255 725 3329 Habet
742 3255 888 3328 ecclesia
904 3256 941 3328 in
968 3253 1204 3347 Xaguicze
1230 3273 1334 3330 unam
1360 3253 1593 3347 praebendam
1611 3259 1824 3346 perpetuam,
1851 3252 1948 3329 cuius
1965 3276 2053 3334 nnnc

476 3376 774 3470 praecularus
801 3383 855 3450 est
881 3376 1046 3450 Nicolaus
1072 3377 1257 3467 presbyter
1283 3375 1328 3448 de
1357 3375 1381 3448 J
1391 3377 1549 3465 anina;
1587 3377 1684 3449 culus
1710 3377 1852 3467 patroni
1875 3377 2050 3449 lohannes

504 3499 874 3591 Zabyerzousky
901 3498 944 3570 de
971 3498 1071 3572 domo
1099 3497 1293 3591 Osteya,
1318 3497 1575 3571 Dobeslausde
1600 3497 1866 3572 Ghleuiska
1892 3498 2050 3571 dedomo

505 3620 837 3711 Odrowansch,
865 3619 1029 3693 Nicolaus
1056 3625 1093 3693 et
1110 3619 1288 3694 lohannes
1314 3619 1643 3714 Plechowsczy
1670 3621 1713 3693 de
1730 3620 1833 3694 domo
1861 3621 2048 3712 Bippeu·

504 3743 641 3834 nium,
668 3740 823 3815 Absalon
851 3743 893 3815 de
921 3741 1195 3835 Crampicze
1221 3742 1386 3815 dedomo
1413 3743 1583 3835 Topor,
1610 3743 1774 3815 Nicolaus
1797 3742 1842 3815 de
1868 3742 2047 3814 Budzis

503 3865 731 3938 szouicze
758 3864 801 3936 de
827 3863 929 3938 domo
956 3863 1202 3955 Habdank,
1229 3869 1267 3936 et
1292 3863 1492 3955 praebenda
1517 3865 1595 3957 ipsa
1616 3864 1724 3937 habet
1739 3869 1933 3956 proventus
1950 3862 2046 3936 inira·

504 3985 662 4077 scriptos.

605 4106 646 4178 In
673 4106 756 4178 villa
782 4106 940 4198 praefata
966 4105 1234 4198 Xangnicze
1269 4107 1376 4180 habet
1401 4108 1583 4200 praedium
1609 4106 1812 4180 distinctum
1838 4106 1876 4198 iu
1906 4126 2045 4197 campos,

503 4226 547 4298 ad
575 4225 662 4300 duos
688 4227 808 4328 laneos
835 4247 998 4319 agrorum
1026 4228 1256 4319 aestimatum,
1283 4228 1389 4301 etde
1416 4229 1510 4320 agris
1529 4228 1728 4301 huiusmodi
1747 4227 1897 4302 solvitur
1925 4227 2046 4300 decima

502 4348 727 4441 manipularis
755 4349 920 4422 ecclesiae
948 4351 983 4421 in
1010 4349 1247 4441 Xagnicze
1265 4403 1376 4421 .....

1190 4470 1366 4544 Sumam.

606 4591 701 4664 Villa
727 4593 858 4665 habens
884 4593 921 4664 in
949 4612 985 4662 se
1012 4591 1247 4693 parochialem
1273 4592 1453 4665 ecclesiam
1479 4593 1648 4685 ligneam,
1676 4593 1802 4666 Sancto
1821 4647 1937 4664 .....
1964 4593 2044 4665 dica·

502 4719 583 4805 tam,
610 4715 684 4786 eins
702 4733 794 4786 nuuc
811 4713 979 4805 plebanus
997 4712 1152 4785 Mathias
1179 4713 1222 4785 de
1248 4713 1425 4806 Blogye
1450 4715 1643 4807 presbyter,
1670 4715 1768 4786 cuius
1790 4715 1916 4787 haeres
1927 4716 2045 4797 ,unicm

457 4849 461 4864 '
502 4841 538 4908 et
564 4841 732 4927 patronus
769 4835 947 4908 lohannes
982 4835 1294 4927 Zakrzowsky
1331 4835 1374 4907 de
1400 4836 1507 4908 armis
1543 4833 1746 4908 Gelitha
1790 4836 1832 4906 In
1869 4842 1938 4927 qua
1973 4840 2046 4908 sunt

502 4957 684 5029 duodecim
710 4956 802 5028 lanei
829 4955 1073 5045 cmethonales‚
1100 4957 1185 5028 item
1211 4957 1387 5047 tabernae,
1415 4957 1497 5030 item
1523 4957 1709 5046 hortulani,
1736 4955 1780 5028 de
1799 4958 1926 5050 quibus
1944 4958 2046 5029 omni-

501 5079 566 5151 bus
593 5077 739 5151 solvitur
766 5083 803 5150 et
830 5076 1034 5150 conducitur
1060 5076 1194 5148 decima
1220 5078 1446 5168 manipudaris
1474 5083 1510 5149 et
1536 5079 1714 5168 canapalis
1755 5099 1821 5169 pro
1847 5079 2045 5152 ecclesiam

501 5199 756 5294 Sczuczyn,
783 5205 819 5271 et
846 5199 944 5272 valor
971 5199 1045 5270 eius
1072 5199 1349 5288 aestimatur‚ad
1376 5198 1496 5271 decem
1521 5219 1667 5272 marcas.
1693 5199 1782 5272 Item
1809 5205 1865 5272 est
1881 5200 1932 5271 ibi
1950 5220 2045 5270 unum
2144 5267 2148 5272 ,

500 5318 681 5412 praedium
708 5321 867 5411 militare,
908 5319 950 5390 de
977 5320 1074 5392 cuius
1103 5321 1198 5410 agris
1213 5304 1373 5414 ¹solvitur
1399 5319 1534 5392 decima
1561 5321 1787 5412 manipularis
1814 5341 1879 5412 pro
1907 5320 2044 5392 ecclesia

501 5443 537 5514 in
577 5441 784 5519 Swinari.
828 5442 916 5514 Item
945 5440 1051 5514 habet
1092 5441 1239 5513 ecclesia
1274 5462 1380 5513 unum
1407 5445 1563 5533 pratum,
1603 5443 1730 5514 iacens-
1745 5443 1781 5513 in
1807 5442 1937 5514 marica
1962 5442 2045 5512 inter

500 5561 622 5636 fluuios
660 5564 906 5655 Strumyen
946 5569 982 5635 et
1017 5562 1277 5655 Przekopa·‚
1317 5568 1354 5636 et
1376 5551 1482 5655 prata
1507 5561 1706 5638 huiusmodi
1742 5563 1873 5637 medIat
1899 5561 2042 5636 viaJa-

501 5684 697 5756 nowska
1449 5684 1456 5698 '
