4550 6600
1651 766 1743 844 405ἰ

166 996 270 1047 unam
301 974 396 1046 diem
424 974 725 1065 66166161161666
752 974 898 1047 laborat.
925 973 1014 1045 Item
1040 974 1210 1061 1616116
1238 973 1365 1063 oppido
1392 970 1548 1065 66661616
1574 972 1729 1047 Ζ6166

167 1116 332 1186 666666,
372 1098 431 1187 qui
459 1096 812 1189 666616666666116,
849 1095 892 1166 16
925 1116 992 1185 666
1013 1093 1233 1185 ,6666661661
1264 1095 1429 1168 ecelesiae
1466 1095 1556 1167 duae
1591 1116 1730 1167 marcae

166 1220 267 1289 annis
298 1217 449 1309 singulis
476 1240 539 1309 pro
568 1238 682 1289 censu.
709 1218 797 1289 Item
825 1218 861 1289 in
887 1218 972 1321 villa
997 1216 1269 1308 Nyeczycza
1294 1215 1531 1306 praefatorum
1557 1216 1728 1289 Johannie
1825 1308 1828 1313 ¹
1885 1231 1889 1239 '

167 1340 546 1432 Rze'schowszky
573 1345 609 1412 et
633 1340 734 1411 Pauli
761 1312 1088 1430 Olsthinszky,
1116 1339 1180 1411 sub
1207 1323 1374 1430 parochia
1400 1336 1727 1431 (1601161666

144 1464 254 1549 sita,
296 1468 356 1533 661
383 1483 452 1534 666
477 1462 641 1552 taberna,
678 1461 774 1533 cuius
801 1462 998 1552 proprietas
1027 1482 1102 1533 curn
1130 1461 1289 1572 omnibus
1315 1461 1450 1533 iuribus
1476 1459 1522 1531 ad
1548 1460 1728 1533 ecclesiam

167 1586 201 1655 in
229 1582 392 1657 Zabno
419 1585 580 1676 pertinet,
608 1604 696 1675 quae
723 1581 789 1674 pro
816 1604 930 1655 annuo
957 1603 1062 1657 censu
1090 1583 1195 1656 solvit
1220 1583 1333 1657 eidem
1359 1582 1524 1655 ecclesiae
1543 1636 1659 1653 .....

447 1896 448 1901 r
801 1825 1105 1901 Ganunoscnou.
1162 1869 1166 1879 »

273 1950 373 2023 Villa
399 1951 531 2023 habens
558 1950 594 2021 in
622 1972 658 2022 66
686 1950 865 2023 ecclesiam
891 1934 1123 2041 parochialem
1150 1950 1309 2041 ligneam,
1337 1950 1467 2022 Beatae
1494 1948 1629 2021 Mariae
1648 1946 1730 2020 Vira
1792 1939 1795 1944 ’

171 2074 241 2163 gini
269 2074 436 2165 dicatam,
464 2076 560 2146 66166
587 2074 711 2145 haeres
730 2128 844 2144 .....
872 2073 915 2145 16
943 2074 1049 2144 armis
1075 2072 1330 2165 Nyeczuya.
1367 2073 1406 2143 ln
1435 2093 1504 2163 qua
1529 2079 1611 2144 sunt
1637 2071 1730 2143 lanei

173 2196 430 2287 66611666166,
458 2196 500 2267 16
529 2196 653 2287 quibus
681 2196 830 2268 solvitur
857 2201 893 2267 61
920 2195 1125 2268 conducitur
1152 2195 1285 2265 decima
1310 2194 1537 2285 manipularis
1564 2200 1729 2268 616666-

174 2302 268 2407 6616.
295 2318 389 2409 Item
408 2318 443 2388 in
463 2318 583 2389 eadem
611 2318 694 2389 villa
721 2323 802 2389 sunt
828 2313 895 2389 (166
922 2318 1014 2388 16661
1041 2316 1394 2419 66611666166,,11666
1417 2336 1522 2387 6666
1549 2315 1730 2406 praedium

173 2440 342 2529 militare,
381 2440 424 2511 de
452 2439 575 2529 quibus
603 2440 761 2511 omnibus
788 2440 997 2541 6616116661
1024 2438 1227 2511 conducitur
1262 2437 1396 2509 decima
1431 2436 1657 2527 manipularis
1693 2439 1729 2505 et

175 2554 350 2651 carrapalis
379 2544 444 2652 pro
471 2562 677 2633 6661661616
706 2559 1072 2651 Gramboschou,
1099 2566 1135 2633 et
1162 2560 1262 2641 66166
1279 2561 1353 2631 6166
1371 2560 1581 2631 6661166166
1607 2557 1652 2630 61
1669 2578 1731 2634 sex

176 2704 316 2755 marcas.
344 2684 435 2755 Item
463 2683 609 2754 66616616
636 2704 699 2773 666
727 2664 789 2755 666
816 2684 958 2773 6666116
986 2683 1093 2755 16161
1120 2703 1234 2773 agnon,
1261 2703 1367 2753 unum
1393 2680 1590 2772 incipiendo
1612 2697 1730 2771 agra-

177 2806 329 2879 niciebus
354 2806 459 2878 villae
485 2804 663 2897 Usczye
691 2826 812 2877 666666
832 2807 996 2897 oppidum
1023 2803 1382 2900 Opathouyecn,
1409 2804 1493 2875 1166
1511 2802 1730 2892 6116166666

178 2949 275 3017 agros
311 2928 491 2999 hortulani
518 2928 819 3008 61161666616616
852 2928 957 2998 etiam
983 2948 1104 2998 666666
1140 2925 1483 3024 Opathowyecz
1516 2929 1730 3015 protensum,

178 3050 256 3119 item
282 3052 428 3121 tertium
464 3050 555 3121 inter
591 3071 694 3141 agros
729 3049 917 3120 haeredum
946 3055 983 3119 61
1009 3048 1243 3138 cmethonum,
1280 3068 1388 3139 penes
1424 3046 1516 3137 quod
1553 3044 1732 3117 66116666

179 3171 438 3259 616166111616
472 3170 687 3243 Krzinka.
732 3170 820 3242 Item
847 3171 954 3242 hahet
990 3170 1057 3240 duo
1095 3190 1181 3241 arva
1201 3146 1285 3239 'alia
1312 3188 1433 3263 666666
1457 3167 1596 3238 'limites
1629 3166 1731 3238 villae

179 3290 333 3385 Karsi,
362 3293 448 3364 item
475 3294 624 3384 speciale
643 3315 764 3365 arvum
782 3294 819 3387 in
837 3292 922 3382 loco,
951 3292 1009 3382 qui
1033 3291 1161 3364 dicitur
1188 3289 1354 3382 Lacze3
1381 3291 1463 3361 1166
1489 3288 1597 3360 16161
1614 3289 1732 3373 16166-

181 3436 254 3514 nam
281 3417 461 3506 66666166
488 3417 525 3486 16
552 3414 929 3504 Gramboschow,
955 3414 1143 3486 habentem
1160 3433 1273 3503 agros
1301 3433 1389 3503 quae
1408 3415 1551 3483 censuat
1567 3410 1733 3483 ecclesiae

171 3559 277 3626 ¹unam
304 3559 469 3610 marcam.
1676 3599 1685 3610 ,

279 3660 481 3750 humorum,
510 3659 592 3732 villa
618 3660 682 3733 661
710 3659 875 3750 66666116
891 3659 945 3734 ,16
972 3656 1329 3754 Gramboschow
1362 3655 1442 3726 sita.
1483 3653 1623 3745 16666
1650 3658 1733 3725 6661

183 3779 266 3852 16661
293 3783 537 3873 anathoisdes,
565 3783 648 3852 itern
675 3783 853 3872 tabernae,
880 3782 964 3855 item
991 3779 1228 3868 hortulaniae,
1255 3777 1450 3866 dequibus
1478 3775 1637 3851 omnihus
1663 3775 1733 3844 sol·

133 3927 136 3934 ·
184 3902 332 3975 6116661
361 3905 564 3976 conducitur
591 3903 723 3975 decima
749 3902 975 3993 manipularis
1013 3899 1341 3989 61666666116666
1368 3897 1575 3968 6661661616
1603 3894 1732 3996 (1666-

185 4025 363 4117 666616,
390 4031 425 4096 61
451 4026 549 4098 66166
576 4027 650 4096 6166
678 4027 881 4096 6661166166
900 4024 943 4094 61
963 4027 1112 4113 quatuor
1129 4041 1272 4093 666666.
1298 4021 1388 4092 1166
1407 4018 1526 4089 661111
1553 4017 1733 4106 praedium
1760 4026 1762 4029 ’

185 4165 282 4216 unum
309 4148 470 4238 militare,
497 4148 540 4219 de
568 4169 635 4238 quo
664 4143 855 4220 decimatur
882 4146 945 4236 pro
964 4145 1110 4216 66616616
1135 4144 1170 4213 16
1201 4140 1545 4234 Gramboszou,
1572 4137 1749 4210 6166166
1818 4140 1823 4148 “

187 4267 322 4341 616661
350 4291 455 4341 unam
482 4288 644 4341 marcam.
759 4269 762 4276 '
1000 4332 1004 4346 .

282 4391 650 4483 Villaeparochiales:
678 4387 1059 4480 Gramboschow,
1079 4387 1355 4461 Lubiczslro.

817 4633 1108 4708 Oronzrsonow.

284 4755 377 4829 Villa
403 4758 534 4830 habens
553 4758 588 4851 in
608 4777 645 4830 se
663 4757 896 4848 parochialem
924 4757 1102 4829 ecclesiam
1129 4753 1289 4845 ligneam,
1317 4752 1464 4824 Sanctae
1486 4747 1743 4850 Margarethae

190 4871 317 4965 Virgini
342 4885 379 4952 et
405 4881 550 4970 martyri
578 4880 744 4969 dicatam,
782 4881 879 4951 cuius
905 4879 1074 4950 haeredes
1102 4884 1143 4966 et
1164 4875 1303 4967 patroni
1330 4875 1467 4946 ratione
1499 4893 1645 4945 uxorum
1672 4872 1733 4943 16-

191 4993 312 5072 166666
338 5001 708 5092 Rzeschowszky
735 5001 777 5073 de
805 5001 911 5072 armis
937 5000 1207 5071 Polukosza
1232 5004 1268 5070 61
1295 4997 1424 5068 Ρ66166
1449 4994 1734 5084 0161116616

192 5114 230 5184 tle
255 5125 355 5194 armis
383 5121 708 5196 Odrowansch.
744 5123 785 5194 In
813 5144 880 5213 qua
907 5127 990 5194 6661
1017 5127 1167 5212 quatuor
1193 5121 1287 5192 lanei
1314 5117 1559 5208 cmethonaleS,
1587 5116 1630 5188 16
1657 5116 1735 5206 qui·

193 5234 250 5308 166
283 5243 427 5318 66161166
462 5252 498 5317 61
525 5245 728 5318 conducitur
764 5244 895 5315 decima
929 5243 1155 5334 manipularis
1191 5247 1227 5313 et
1254 5241 1429 5332 canapalis
1465 5259 1528 5330 666
1565 5238 1736 5309 16666616

194 5354 411 5457 (1666616661,
438 5372 474 5440 61
499 5367 597 5441 66166
622 5367 697 5438 6166
724 5367 928 5438 6661166166
956 5365 999 5436 61
1028 5371 1177 5460 quatuor
1203 5384 1347 5435 marcas.
1374 5364 1462 5433 Item
1489 5365 1543 5432 est
1569 5361 1619 5431 ihi
1646 5379 1737 5429 cam-

196 5497 261 5571 lus,
287 5490 342 5576 qui
370 5495 514 5565 vocatur
541 5487 716 5562 Ozarne
743 5511 882 5581 nywy,
909 5487 1039 5578 dequo
1059 5487 1207 5558 solvitur
1234 5485 1368 5556 decima
1385 5482 1610 5573 manipularis
1629 5480 1737 5553 66616
1777 5568 1780 5570 q

197 5598 686 5701 61661606666166166,
722 5615 758 5682 61
786 5610 883 5701 66166
910 5610 983 5680 6166
1011 5607 1054 5680 61
1082 5627 1184 5686 6666
1212 5594 1362 5677 marcam
1390 5605 1604 5676 aestimatur.
1648 5602 1738 5672 item
1753 5608 1773 5654 '-

197 5723 328 5800 ecclesia
351 5731 510 5825 praelata
536 5733 643 5806 habet
669 5738 818 5823 quatuor
845 5731 960 5803 stadia
986 5730 1063 5820 agri
1081 5750 1145 5821 pro
1164 5719 1317 5820 praedio,
1340 5729 1388 5799 61
1407 5728 1535 5798 horreo
1562 5707 1739 5817 protensa,
1801 5756 1806 5768 ·
