4550 6600
1685 700 1760 833 aa

205 965 388 1059 praefatae
423 963 660 1054 Myerczensis
694 965 739 1035 ab
767 984 853 1054 una,
888 968 925 1035 et
960 964 1053 1036 inter·
1087 965 1341 1037 haereditatem
1378 966 1481 1039 villae
1517 966 1629 1039 dietae
1665 968 1759 1041 Thi-

206 1088 323 1161 chow
348 1090 449 1177 parte
483 1108 528 1157 ex
546 1086 687 1176 altera,
724 1106 827 1177 quern
861 1085 1031 1177 plebanus
1067 1086 1244 1177 extirpar'e
1285 1088 1432 1179 poterit,
1456 1092 1506 1161 et
1532 1093 1671 1179 pratum
1698 1110 1761 1181 per

206 1212 350 1301 borram
377 1228 486 1299 nsque
514 1206 558 1279 ad
584 1207 726 1281 fluvium
753 1207 882 1279 dictum
910 1207 1170 1301 Przywyrza,
1198 1213 1234 1279 et
1260 1228 1302 1279 ex
1331 1210 1443 1284 altera
1469 1216 1569 1301 parte
1596 1212 1641 1283 ad
1669 1213 1760 1284 viam

204 1331 371 1421 lszleslra,
397 1352 420 1403 a
437 1330 496 1402 via
513 1351 595 1402 vero
613 1329 792 1419 praedicta
816 1329 972 1421 Iszlensi,
998 1350 1105 1421 penes
1132 1331 1271 1403 borram
1291 1329 1445 1423 inferius,
1474 1338 1510 1404 et
1527 1333 1760 1424 iuter-agrum

205 1450 430 1545 Galiczslvy
472 1450 705 1524 tabernatoris
741 1450 784 1523 de
810 1450 986 1543 Myercz,
1021 1472 1131 1543 usque
1167 1451 1212 1525 ad
1238 1453 1351 1525 locum
1387 1455 1515 1526 dictum
1552 1454 1763 1546 Myasschi

204 1576 360 1667 lassclr,
395 1575 432 1647 in
452 1574 642 1665 -quo·loco
670 1573 907 1665 Myasschi
942 1575 1099 1648 lassclr
1125 1580 1180 1647 est
1206 1581 1344 1666 pratum
1372 1576 1536 1651 ecclesiae
1572 1577 1761 1669 praefatae,

204 1704 278 1771 mm
306 1698 427 1789 latum,
453 1697 544 1769 sicut
570 1701 606 1768 et
631 1718 737 1791 arvus
764 1696 849 1787 agri,
877 1717 899 1768 a
925 1697 983 1768 via
1009 1696 1181 1788 Iszleska,
1208 1698 1306 1769 cuius
1333 1700 1409 1771 arvi
1435 1720 1478 1771 ex
1505 1698 1662 1791 adverso,
1689 1701 1762 1792 ple·
1816 1769 1819 1779 ,

207 1821 321 1893 banus
357 1820 533 1910 extirpare
570 1818 701 1909 poterit
735 1838 875 1908 agrum,
921 1818 994 1890 sive
1030 1819 1104 1891 eius
1141 1819 1319 1910 subditus,
1359 1821 1580 1912 progressive
1615 1827 1762 1914 mutum,
1845 1871 1848 1879 -

207 1945 376 2034 quantum
413 1941 540 2015 rubeta
565 1960 603 2013 se
630 1962 674 2012 ex
700 1940 846 2013 adverso
883 1940 958 2011 arvi
985 1940 1172 2012 extendere
1207 1945 1383 2033 poterunt.
1423 1942 1491 2015 Est
1517 1942 1622 2014 etiam
1658 1964 1762 2016 arvus

206 2065 283 2155 agri
311 2056 478 2135 ecclesiae
504 2061 682 2153 praefatae
708 2061 944 2152 Myerczensis
971 2083 1013 2133 ex
1032 2062 1175 2153 antiquo
1202 2063 1468 2155 haereditarius,
1496 2064 1555 2155 qui
1581 2065 1672 2137 iacet
1698 2066 1762 2139 sub

207 2186 291 2259 villa
319 2186 492 2277 Tychou
517 2185 554 2255 in
575 2184 805 2275 graniciebus,
833 2184 920 2257 alias
946 2206 996 2255 vau
1018 2181 1235 2279 pruniczucd,
1263 2185 1354 2257 inter
1380 2186 1632 2258 haereditatem
1659 2187 1762 2259 villae

207 2306 372 2399 Myercz
399 2300 500 2398 parte
518 2306 563 2378 ab
579 2326 658 2398 una,
686 2310 723 2377 et
740 2306 833 2377 inter
858 2306 1113 2380 haereditatem
1140 2306 1243 2377 villae
1265 2306 1436 2399 Tychou
1455 2312 1555 2397 parte
1573 2309 1617 2379 ab
1644 2309 1764 2399 altera,

206 2432 241 2501 iu
267 2430 346 2501 loco
374 2429 467 2500 dicto
494 2427 626 2518 Smug
653 2432 690 2499 et
716 2448 793 2500 cum
819 2428 949 2518 pratis,
986 2448 1087 2519 quem
1114 2448 1236 2499 arvum
1264 2428 1432 2518 plebanus
1468 2429 1635 2501 ccclesiae
1662 2438 1762 2521 prae-

207 2552 408 2625 nominatae
443 2549 680 2643 Myerczensis
716 2552 840 2640 potens
876 2549 945 2621 erit
979 2548 1173 2640 extirpare,
1207 2555 1449 2641 augmentare,
1485 2550 1682 2641 incipiendo
1718 2551 1763 2624 ab

208 2674 310 2745 horto
339 2664 655 2762 czuuakowsky,
682 2671 776 2743 inter
801 2670 979 2762 praefatas
997 2671 1246 2761 haereditaten,
1273 2670 1450 2763 usquead
1479 2672 1612 2765 sylvam
1632 2672 1759 2745 dictam

208 2795 438 2887 Moczydla,
465 2814 571 2885 penes
598 2814 699 2884 quem
727 2814 850 2865 arvum
876 2798 930 2865 est
956 2793 1134 2883 praefatae
1166 2792 1330 2865 ecclesiae
1358 2794 1470 2885 sylva,
1498 2794 1571 2866 sive
1598 2791 1788 2867 rubetum'

210 2918 340 2989 dictum
368 2915 563 3007 Szykorzi
590 2915 729 2987 lasselr
756 2908 1038 3005 haereditarium,
1066 2934 1144 2986 cum
1169 2919 1326 2987 terrente
1353 2914 1439 2987 alias
1465 2912 1671 3006 avoodoiczo,
1699 2938 1762 3007 per

208 3039 401 3132 praefatum
428 3038 592 3110 rubetam
618 3042 789 3129 currente
816 3058 860 3109 er
886 3037 985 3129 sylva
1011 3035 1106 3109 dicta
1131 3036 1348 3127 Moczidla,
1376 3038 1449 3110 sive
1476 3059 1519 3109 ex
1545 3039 1643 3129 sylva
1670 3038 1764 3111 dicta

209 3161 356 3241 Gzarni
382 3160 480 3251 lass,
507 3180 610 3251 qnam
629 3159 760 3251 sylvam
784 3158 858 3232 sive
876 3158 1036 3231 rubetam
1055 3157 1186 3231 dictum
1213 3157 1397 3251 Sykorzy
1423 3158 1567 3231 lasselr
1593 3159 1762 3250 plebanus

209 3285 388 3376 extirpare
423 3282 554 3374 poterit
588 3281 827 3373 progressive,
872 3286 1003 3374 quanto
1039 3280 1143 3354 citius
1179 3301 1287 3372 penes
1321 3301 1424 3372 egres
1465 3279 1683 3354 cmethonum
1720 3258 1784 3354 de

210 3407 387 3499 Myercz,
414 3425 517 3497 agros
536 3410 572 3478 et
588 3410 692 3496 prata
717 3403 884 3495 faciendo,
911 3403 1094 3500 usquead
1121 3403 1256 3496 sylvam
1283 3402 1412 3475 dictam
1438 3401 1662 3494 Moczidla,
1690 3403 1763 3475 sive

209 3529 252 3601 ad
278 3529 414 3621 sylvam
441 3527 569 3599 dictam
596 3525 746 3598 Gzarni
772 3526 865 3598 lass.
896 3526 985 3598 Item
1011 3525 1185 3597 mellificia
1211 3525 1298 3598 alias
1324 3523 1447 3622 durcry
1474 3524 1628 3598 eiusdem
1655 3524 1763 3596 eccle-

132 3739 137 3746 ,
209 3650 279 3724 siae
305 3650 429 3722 Sancti
455 3648 648 3738 Leonardi,
682 3653 756 3720 tam
782 3648 819 3718 in
845 3647 961 3720 horris
988 3647 1270 3720 reverendissimi
1298 3645 1428 3720 domini
1456 3647 1609 3738 episcopi
1636 3645 1763 3720 Gracu-

210 3774 356 3864 viensis,
394 3792 496 3863 quam
523 3771 559 3842 in
585 3770 702 3842 barris
739 3769 870 3841 domini
904 3768 1042 3841 abbatis
1078 3767 1369 3840 Wanchoczensis
1396 3773 1433 3840 01
1460 3768 1534 3840 eius
1560 3771 1762 3858 conventus,

211 3894 335 3967 debent
362 3915 439 3966 esse
462 3898 502 3964 et
528 3897 627 3983 snut,
661 3891 870 3982 fueruntque
896 3910 940 3962 ex
966 3890 1110 3981 antiquo
1145 3889 1274 3962 robora
1300 3890 1374 3962 sive
1401 3889 1562 3980 arbores,
1598 3888 1642 3960 ad
1669 3889 1762 3960 exal-

211 4016 381 4088 veandnm
407 4015 528 4105 libera,
554 4019 591 4085 at
616 4014 682 4086 hoc
700 4033 743 4086 ex
760 4013 947 4086 donatione
975 4013 1118 4104 antiqua
1144 4010 1426 4086 reverendissimi
1451 4010 1582 4084 domini
1608 4010 1762 4102 episcopi

210 4137 458 4228 Gracoviensis,
485 4141 522 4208 et
538 4127 678 4208 ‘domini
704 4135 843 4208 abbatis
869 4108 1162 4208 Wanchoczensis
1189 4139 1226 4207 et
1244 4135 1299 4206 sui
1318 4139 1518 4224 conventus,
1546 4133 1621 4204 sine
1639 4133 1762 4223 quovis

212 4259 455 4350 impedimento
472 4263 510 4331 et
527 4257 652 4330 damno
680 4258 899 4333 emethonum
918 4257 961 4330 de
979 4256 1185 4349 Thychow
1212 4261 1248 4328 et
1274 4255 1492 4328 cmethonum
1520 4253 1563 4326 de
1590 4253 1763 4346 Myercz.

212 4381 276 4453 Est
302 4382 407 4453 etiam
435 4401 540 4454 arvus
566 4380 732 4452 ecclesiae
767 4379 920 4452 eiusdem
952 4384 1033 4470 post
1059 4379 1176 4451 villam
1204 4383 1239 4450 et
1265 4381 1346 4470 post
1372 4379 1502 4450 curiam
1538 4375 1762 4478 plebanalem,

213 4504 255 4574 ad
282 4503 497 4595 aquilonem,
532 4503 623 4574 latus
659 4521 768 4592 usque
796 4501 841 4573 ad
867 4507 1007 4592 pratum
1041 4501 1276 4592 plebanalem,
1313 4504 1349 4572 et
1376 4519 1419 4572 ex
1446 4499 1516 4572 alia
1543 4503 1642 4589 parte
1669 4495 1763 4588 prati

214 4625 389 4698 suntduo
415 4624 650 4714 analaugn,
676 4645 782 4715 penes
809 4623 920 4713 viam,
952 4643 1042 4714 qnae
1068 4623 1165 4699 ducit
1190 4643 1234 4694 er
1261 4621 1344 4694 villa
1370 4621 1410 4693 M
1418 4640 1554 4714 yercz
1582 4600 1617 4691 iri
1644 4618 1763 4692 villam

212 4745 410 4841 Osszyni
436 4746 590 4820 eiusdem
617 4745 792 4818 ecclesiae.
807 4744 841 4838 *)

923 4866 1043 4938 Isura

313 4989 488 5082 Oppidum
515 4989 569 5061 cni
596 5010 659 5062 arx
687 5009 730 5062 er
757 5009 856 5061 muro
882 4985 1053 5062 manicata
1080 4985 1263 5077 imminet,
1297 4985 1430 5058 habens
1456 4984 1492 5055 in
1520 5003 1557 5055 se
1584 4983 1763 5056 eeclesiam

213 5112 452 5202 parochialem,
479 5133 523 5182 ex
548 5111 663 5202 lapide
690 5112 770 5186 albo
795 5110 1018 5201 fabricatam,
1045 5114 1082 5181 et
1108 5099 1349 5200 Assumptioni
1376 5106 1523 5179 Sanctae
1549 5103 1684 5176 Mariae
1711 5103 1764 5176 di-

214 5237 332 5324 catam,
359 5234 455 5308 cuius
482 5234 664 5324 episcopus
700 5231 940 5306 Graccviensis
966 5231 1089 5305 unicus
1116 5235 1171 5303 est
1197 5231 1344 5304 collator
1370 5234 1407 5302 et
1433 5234 1619 5320 patronus,
1655 5225 1763 5298 etad

214 5375 313 5444 quem
339 5356 536 5459 proprietas
563 5354 711 5446 praefati
737 5355 856 5447 oppidi
874 5360 911 5427 et
929 5353 1225 5444 cestri¹pertinet
1251 5353 1292 5424 In
1312 5373 1380 5442 qua
1398 5371 1489 5422 nvvuc
1515 5354 1570 5420 est
1596 5347 1763 5440 plebanus

213 5477 377 5567 magister
412 5477 606 5550 Stanislaus
627 5478 678 5562 ,de
703 5476 975 5570 Woyczioze
1009 5474 1229 5548 decretorum
1261 5473 1400 5564 ductor,
1436 5471 1563 5542 nobilis
1591 5469 1762 5542 dedomo
1860 5545 1862 5550 ,

314 5664 338 5732 *l
374 5667 438 5720 Cum
455 5664 599 5734 descriptio
617 5663 695 5718 villae
712 5664 819 5734 Myerca
837 5662 866 5717 in
881 5661 1076 5732 autdrograpiro,
1103 5661 1171 5731 stylo
1189 5667 1216 5715 et
1234 5659 1386 5714 charactere
1404 5658 1507 5713 diverso
1525 5662 1617 5712 notata
1635 5655 1682 5725 slt,
1702 5653 1763 5710 inde

215 5747 375 5820 conjicimus,
390 5767 448 5805 eam
466 5751 559 5806 seriori
577 5757 695 5820 tempore
712 5749 793 5806 1111030
810 5750 943 5805 insertam.

316 5891 363 5932 Lib.
377 5891 472 5932 Benene.
493 5891 523 5933 ΙΙ.
1561 5865 1596 5913 ⁶1
