4550 6600
501 762 576 848 loo

604 980 881 1076 Pnucurnrczu,
909 974 993 1051 villa
1024 976 1089 1051 sub
1124 974 1293 1069 parochia
1319 974 1362 1050 de
1389 948 1778 1070 Schczevorzysa
1805 971 1880 1049 sita
1920 968 1964 1048 In
1990 993 2058 1068 que

502 1110 583 1177 suut
609 1080 701 1173 lanei
729 1102 972 1193 cmethonales,
1000 1082 1043 1171 de
1071 1102 1195 1191 quibus
1222 1101 1370 1173 solvitur
1397 1083 1433 1171 et
1455 1100 1660 1173 conducitur
1679 1101 1814 1172 decima
1830 1099 2059 1191 manipularis

500 1233 536 1316 et
563 1225 737 1316 canapalis
764 1245 828 1315 pro
857 1224 1000 1295 ecclesia
1026 1222 1184 1313 praefata
1210 1223 1246 1292 in
1273 1223 1599 1314 Dalescbycze,
1626 1230 1768 1313 praeter
1786 1243 1890 1293 unum
1909 1222 2058 1309 laneum,

500 1348 543 1419 dc
571 1368 639 1437 quo
667 1346 799 1417 decima
835 1346 1059 1435 manipularis
1097 1345 1292 1415 alternatur
1322 1346 1416 1415 inter
1450 1346 1595 1416 eandem
1631 1345 1813 1416 ecclesiam
1848 1345 1893 1415 dc
1929 1343 2061 1413 Dala-

501 1470 715 1559 scbycze,
752 1474 787 1537 ct
824 1467 1004 1538 ecclesiam
1040 1456 1074 1537 in
1112 1466 1485 1558 Sczeworzycz'e,
1512 1469 1609 1538 cuins
1644 1467 1798 1538 decimae
1823 1467 1935 1537 totius
1963 1465 2063 1537 valor

502 1591 708 1661 aestimatur
736 1589 780 1659 ad
808 1588 925 1671 decem
953 1608 1096 1659 marcas.

606 1710 847 1800 Sruznunovv,
874 1710 957 1781 villa
984 1712 1047 1781 sub
1075 1709 1241 1799 parocbia
1267 1709 1310 1780 de
1336 1709 1360 1781 J
1370 1731 1516 1801 auyna
1542 1712 1620 1800 sita
1647 1712 1745 1782 cuius
1762 1710 1932 1782 haeredes
1950 1708 2062 1798 multi,

501 1838 538 1903 at
565 1831 762 1902 cmethones
798 1832 907 1921 pauci.
948 1832 987 1901 In
1016 1852 1084 1921 qua
1110 1835 1192 1901 sunt
1217 1830 1327 1920 lanei,
1354 1832 1397 1902 de
1425 1832 1550 1922 uiribus
1578 1832 1727 1904 solvitur
1752 1832 1885 1903 decima
1912 1830 2062 1901 diversi-

501 1954 622 2041 mode3
649 1974 728 2023 nam
756 1953 798 2023 de
827 1953 1031 2042 quibusdam
1051 1953 1154 2043 agris,
1174 1953 1474 2042 aequivalentibus
1493 1954 1626 2025 duobus
1644 1954 1762 2045 laneis,
1774 1929 1936 2025 ‘solvitur
1951 1952 2061 2023 eccle

502 2076 575 2146 siae
611 2082 646 2145 et
682 2074 828 2163 plebano
857 2076 892 2145 in
918 2074 1256 2165 Daleschyeue,
1283 2075 1327 2145 de
1353 2076 1497 2165 reliquis
1524 2096 1626 2166 vero,
1653 2076 1803 2148 solvitur
1828 2076 1998 2146 ecclesiae
2023 2074 2059 2144 in
2126 2138 2129 2144 .

431 2216 434 2227 ·
501 2196 680 2267 Janina.
716 2196 894 2267 Haeredes
923 2198 1043 2286 villae,
1070 2195 1250 2265 lohannes
1277 2196 1646 2288 Zabyerzowsky
1672 2198 1715 2268 de
1742 2200 1844 2269 domo
1871 2196 2058 2287 Ostoya,
2154 2280 2158 2289 ⁴

475 2305 476 2309 ¹
501 2318 560 2407 qui
587 2318 693 2389 babet
719 2338 820 2387 unam
845 2316 1068 2389 ‘medietatem
1096 2317 1209 2406 villae,
1236 2315 1436 2409 Gregorius,
1464 2319 1615 2391 Thomas
1642 2325 1679 2390 et
1704 2319 1909 2390 Leouardus
1928 2319 2057 2389 fratres

502 2439 545 2509 dc
573 2439 674 2510 domo
702 2494 710 2509 .
737 2494 744 2509 .
773 2496 779 2509 .
806 2440 937 2511 babent
964 2440 1110 2509 alteram
1137 2437 1357 2513 medietatem
1385 2442 1497 2512 villae.
1523 2442 1612 2511 Item
1640 2448 1790 2532 quatuor
1807 2440 1951 2531 praedia
1968 2440 2060 2510 mili-

501 2561 594 2630 taria
621 2616 628 2629 .
657 2616 698 2630 ..
776 2619 780 2624 .

1153 2686 1415 2759 Bouznuczvu.

606 2802 778 2893 Oppidum
806 2804 937 2876 babens
964 2806 999 2875 in
1027 2827 1065 2877 se
1093 2809 1273 2879 ecclesiam
1300 2805 1543 2898 parochialem,
1562 2828 1604 2878 ex
1624 2808 1733 2878 latere
1753 2812 1861 2896 cocto,
1880 2827 1944 2896 per
1961 2827 2059 2877 reve·

503 2924 746 2994 rendissimum
778 2924 1023 3015 Sbigneum
1061 2930 1270 2999 cardinalem
1298 2935 1333 2998 et
1360 2930 1557 3018 episcopum
1585 2926 1849 2999 cracoviensem
1875 2933 2058 3017 muratam,

503 3050 539 3113 et
567 3044 713 3115 Sanctae
740 3044 875 3119 Mariae
902 3046 1060 3136 Virginis
1087 3041 1340 3140 Assumptioni¹
1354 3050 1522 3140 dicatam,
1549 3050 1646 3120 cuius
1673 3051 1891 3139 proprietas,
1918 3049 2057 3120 collatio

503 3172 539 3237 et
565 3170 677 3235 totum
706 3166 905 3257 dominium,
932 3167 976 3239 ad
999 3148 1199 3260 episcopum
1218 3170 1481 3249 Gracoviensem
1499 3173 1660 3261 pertinet.
1688 3172 1729 3241 lu
1748 3192 1818 3263 qua
1835 3177 1918 3241 sunt
1937 3172 2058 3260 viginti

504 3291 651 3375 quatuor
678 3287 769 3358 lanei
798 3288 1056 3382 oppidanorum,
1085 3292 1127 3363 de
1156 3292 1280 3384 quibus
1308 3294 1469 3366 omuibus
1497 3293 1645 3365 solvitur
1671 3293 1804 3365 decima
1830 3283 2055 3382 manipularis

502 3413 637 3478 tantum
666 3409 826 3500 episcopo
855 3409 1085 3504 Gracoviensi,
1113 3421 1150 3484 et
1176 3416 1274 3486 valor
1300 3417 1375 3486 eius
1402 3417 1605 3487 aestimatur
1632 3416 1677 3486 ad
1704 3472 1711 3485 .
1740 3471 1747 3486 .
1775 3470 1783 3484 .
1819 3416 1910 3486 Item
1937 3415 2053 3505 pleba-

503 3549 568 3598 nus
595 3530 701 3602 babet
728 3532 776 3602 ibi
804 3553 907 3622 agros
935 3537 1095 3625 proprios
1130 3535 1270 3608 liberos.
1306 3538 1395 3609 Item
1421 3539 1471 3609 ibi
1497 3543 1552 3608 est
1577 3537 1758 3628 praedium
1784 3537 1992 3628 episcopale,
2017 3535 2057 3606 de

504 3651 601 3721 cuius
629 3653 722 3742 agris
750 3654 898 3726 solvitur
925 3655 1066 3728 decima.

607 3773 849 3865 Szurrnruun,
877 3777 960 3849 villa
987 3780 1050 3850 sub
1078 3781 1244 3870 parocbia
1270 3781 1313 3852 de
1340 3780 1551 3853 Tbarzek
1577 3782 1656 3871 sita,
1683 3783 1781 3857 cuius
1798 3782 1998 3872 proprietas
2016 3779 2057 3851 ad

503 3893 738 3984 episcopatum
767 3895 1030 3970 Gracoviensem
1056 3903 1219 3991 pertinet.
1246 3899 1286 3972 In
1313 3924 1383 3994 qua
1407 3909 1489 3976 sunt
1506 3903 1686 3976 duodecim
1705 3903 1798 3973 lanei
1816 3903 2057 3990 cmetbouales,

504 4014 546 4086 de
575 4017 698 4105 quibus
726 4017 858 4089 decima
884 4021 1062 4111 variatur3
1090 4043 1169 4094 nam
1197 4030 1278 4114 post
1304 4045 1410 4096 unum
1429 4045 1586 4116 campum
1603 4025 1699 4096 tollit
1715 4026 1938 4115 praepositus
1955 4023 2057 4116 Kyel-

504 4137 638 4226 aiensis,
665 4144 745 4226 post
772 4141 959 4212 secundum
985 4145 1169 4235 episcopus
1197 4144 1445 4239 cracoviensis,
1469 4153 1551 4238 post
1567 4149 1709 4220 tertium
1727 4147 1929 4218 eeclesiaiu
1947 4146 2057 4217 Dam-

503 4257 600 4328 bno.
626 4257 667 4328 In
695 4281 771 4350 qua,
800 4262 945 4334 ecclesia
964 4265 1006 4335 de
1025 4265 1319 4340 Bodzauczin
1345 4269 1451 4341 babet
1467 4290 1574 4340 unum
1590 4269 1727 4341 laneum
1744 4269 1904 4360 liberum,
1922 4270 2054 4340 ratione

503 4378 637 4468 praedii
664 4382 718 4454 sui
745 4383 780 4452 in
808 4384 985 4472 primaeva
1010 4385 1214 4461 fundatione
1238 4390 1304 4461 sibi
1331 4389 1462 4482 datum,
1489 4392 1533 4464 ab
1560 4393 1653 4463 omni
1679 4391 1824 4481 tributo,
1852 4411 1957 4463 censu
1984 4396 2055 4462 cta

505 4501 660 4591 qualibet
687 4503 820 4575 decima
846 4505 1003 4579 liberum.
1478 4513 1484 4518 ’

570 4679 574 4682 .
609 4625 815 4718 ΙπεεοΖΝΑ,
841 4629 924 4702 villa
943 4632 1007 4703 sub
1026 4633 1192 4722 parochia
1209 4633 1252 4706 dc
1270 4633 1566 4706 Bodzanezin
1593 4636 1672 4726 sita,
1690 4637 1788 4708 cuius
1805 4637 2054 4727 proprietaset

504 4743 692 4817 dominium
728 4748 772 4819 ad
800 4751 1035 4852 episcopatum
1064 4754 1329 4827 Gracoviensem
1357 4759 1519 4848 pertinet.
1559 4758 1599 4828 ln
1628 4778 1697 4848 qua
1722 4764 1805 4829 sunt
1829 4759 1957 4849 viginti
1985 4778 2055 4829 cum

503 4867 617 4938 medio
643 4869 734 4939 lanei
762 4874 1008 4966 umethonales,
1036 4877 1119 4947 item
1146 4871 1216 4948 una
1243 4879 1389 4950 taberna
1415 4881 1547 4951 habens
1566 4900 1679 4971 agros,
1697 4886 1838 4971 pratum
1857 4886 1895 4970 et
1910 4882 2054 4969 bortum

450 5087 455 5094 .
503 4988 586 5060 item
613 4995 685 5062 tres
716 4993 936 5066 hortulaniae
973 5006 1055 5070 sunt
1082 5000 1132 5069 ibi
1158 5000 1327 5073 babentes
1354 5023 1476 5092 agros,
1504 5003 1548 5072 de
1575 5004 1701 5092 quibus
1728 5004 1889 5075 omuibus
1915 5003 2057 5075 solvitur

505 5115 541 5180 et
566 5111 770 5184 conducitur
798 5114 930 5187 decimu
967 5121 1192 5210 manipularis
1220 5129 1256 5193 et
1273 5098 1450 5213 canapalis
1476 5145 1542 5214 pro
1568 5125 1731 5214 episcopo
1757 5123 1999 5214 Gracovieusi,
2025 5129 2056 5193 et
2156 5111 2158 5114 Α

503 5231 603 5302 valor
638 5233 711 5304 eius
747 5236 955 5310 aestimatur
991 5239 1036 5311 ad
1071 5243 1204 5332 viginti·
1231 5265 1374 5314 marcas.
1418 5245 1504 5316 Item
1541 5245 1688 5336 quilibet
1719 5247 1856 5318 cmctho
1882 5246 1927 5317 de
1953 5246 2055 5335 laneo,

503 5357 644 5425 tenetur
671 5356 836 5429 ecclesiae
864 5366 900 5430 ct
925 5361 1074 5452 plebano
1101 5365 1137 5433 in
1165 5364 1469 5458 Bodzanczin,
1496 5372 1569 5438 tres
1597 5369 1723 5439 choros
1749 5369 1907 5459 siliginis,
1934 5373 1971 5440 et
1988 5375 2055 5439 tres

506 5473 630 5547 choros
659 5499 789 5551 avenae
815 5501 999 5559 mensurae
1028 5486 1202 5558 confertae
1220 5487 1542 5561 Bodzanczinensis.
1639 5531 1643 5537 ι

1209 5609 1368 5680 Tnazrr.

608 5715 703 5788 Villa
729 5722 862 5794 habens
891 5727 928 5797 in
955 5749 991 5799 se
1018 5729 1252 5818 parochialem
1279 5731 1469 5821 ecclesiam,
1496 5737 1667 5803 muratam
1695 5733 1828 5822 quadro
1854 5731 1968 5822 lapide
1994 5751 2051 5823 per
