4550 6600
1621 749 1625 767 '
1727 727 1798 847 ζιι

257 972 400 1045 sedecim
434 972 528 1045 lanei
563 973 814 1064 omethonales,
841 974 884 1045 de
911 976 1036 1066 quibus
1064 976 1212 1048 solvitur
1237 983 1275 1049 et
1300 977 1504 1050 conducitur
1530 979 1666 1050 decima
1691 980 1801 1052 mani·

255 1090 382 1185 polaris
417 1096 454 1163 et
489 1092 664 1182 canapalis
699 1094 919 1183 praebendae
953 1093 1190 1185 (lraooviensi,
1218 1117 1307 1187 quae
1333 1102 1476 1169 uocatur
1502 1098 1737 1190 Naazowska,
1764 1105 1801 1173 et

255 1195 351 1268 valor
384 1193 530 1267 eiusad
557 1195 675 1267 decenn
700 1216 845 1267 marcas.
885 1196 971 1269 Item
999 1203 1081 1271 sunt
1105 1199 1156 1271 ibi
1182 1199 1251 1271 duo
1276 1199 1421 1291 praedia
1446 1201 1627 1293 militaria,
1653 1224 1799 1295 quorum

255 1315 349 1387 r'alor
377 1315 583 1387 aestimatur
608 1315 654 1387 ad
679 1335 740 1388 sex
766 1336 916 1409 marcas,
944 1317 987 1390 de
1014 1318 1140 1410 quibus
1165 1319 1358 1393 decimatur
1382 1320 1547 1395 eclesiae
1573 1323 1610 1393 in
1635 1321 1800 1396 Slawo·

255 1434 410 1508 echon.
694 1508 698 1521 ,
1482 1481 1485 1487 ,

353 1553 546 1646 Surennr,
572 1554 657 1628 villa
682 1555 747 1629 sub
773 1556 939 1646 parochio
964 1556 1008 1629 de
1034 1555 1338 1632 Slawoschou
1364 1558 1441 1651 sita,
1467 1559 1565 1635 cuius
1581 1562 1704 1635 haeres
1721 1561 1800 1635 Sta·

252 1674 381 1747 nislaus
407 1679 444 1747 et
467 1674 645 1748 lohannes
673 1674 716 1747 de
742 1675 843 1748 domo
872 1673 1093 1769 Godulya,
1119 1679 1156 1750 in
1183 1700 1253 1771 qua
1277 1685 1359 1752 sunt
1384 1681 1477 1753 Ῑιιιιὶ
1494 1682 1737 1773 omethonales,
1754 1683 1799 1756 da

252 1794 375 1885 quibus
413 1794 561 1867 soluitur
596 1799 633 1867 et
660 1788 863 1868 conducitur
889 1794 1023 1899 decima
1047 1797 1274 1888 manipularis
1298 1803 1336 1871 et
1361 1800 1537 1891 canapalis
1562 1822 1628 1893 pro
1653 1784 1800 1875 ecclesia

251 1912 642 2004 inSlawoschou3
667 1915 752 1987 item
779 1906 909 1988 est'ibi
935 1938 1004 1989 una
1029 1917 1188 2009 taberna,
1214 1919 1347 1992 habens
1372 1940 1486 2012 agros,
1512 1920 1556 1993 de
1582 1922 1708 2014 quibus
1732 1942 1798 2015 pro

250 2032 369 2107 eadem
396 2034 433 2105 in
460 2033 759 2109 Slaboschow
786 2039 931 2111 ecclesia
957 2037 1161 2111 decimatur.
1313 2029 1317 2036 ’

353 2154 601 2248 Inmowuczn,
629 2156 713 2229 villa
738 2158 803 2231 sub
829 2158 995 2250 parochia
1021 2158 1064 2231 de
1083 2157 1392 2232 Slawoschow
1418 2160 1496 2252 sita,
1514 2160 1612 2234 cuins
1629 2162 1798 2235 haeredes

250 2275 401 2349 lacobus
427 2273 816 2370 Wyaczslowslry‚
843 2276 1008 2351 Nicolcus
1027 2279 1306 2372 Baranyecu,
1331 2280 1370 2351 in
1396 2301 1465 2372 qua
1489 2287 1572 2353 sunt
1597 2282 1690 2355 lanei
1708 2271 1797 2356 cure

250 2395 538 2489 thonales„ilem
572 2398 757 2489 tabernae,
783 2398 869 2472 item
903 2400 1143 2490 horturlaniae,
1169 2400 1253 2472 item
1279 2400 1348 2473 duo
1374 2401 1519 2491 praedia
1543 2402 1728 2494 militaria,
1754 2402 1799 2475 dc

250 2516 374 2608 quibus
402 2517 561 2590 omnibus
588 2518 737 2591 solvitur
763 2524 799 2591 et
826 2520 1030 2593 conducitur
1048 2518 1181 2593 decima
1197 2521 1425 2611 manipularis
1442 2527 1479 2594 et
1496 2523 1673 2614 canapalis
1689 2524 1799 2597 eccle-

125 2652 131 2658 ·
249 2637 319 2709 siae
344 2640 385 2709 et
409 2634 556 2729 plebano
582 2638 620 2710 in
645 2637 954 2732 Slaboschou,
981 2644 1017 2713 et
1042 2641 1142 2713 ralor
1167 2641 1243 2713 eius
1269 2642 1475 2715 aestimatur
1500 2642 1546 2715 ad
1571 2664 1634 2715 sex
1651 2664 1797 2720 marcas.

348 2756 664 2849 Szwrnuczrczn,
691 2760 776 2832 villa
801 2762 865 2833 sub
891 2760 1057 2852 parochio
1074 2761 1117 2832 de
1134 2760 1438 2834 Slawoschow
1464 2762 1543 2853 sita,
1560 2764 1657 2835 cuins
1673 2764 1800 2837 haeres

136 2912 139 2934 ι
249 2878 428 2952 lohannes
467 2876 810 2973 Opathlrowslry
845 2881 888 2953 de
923 2880 1029 2953 armis
1064 2880 1387 2973 lastrzabcza,
1413 2881 1450 2953 in
1484 2903 1555 2974 qna
1589 2888 1672 2956 sunt
1704 2884 1798 2956 lanei

250 2998 499 3091 omethonales,
525 2998 569 3073 de
596 3000 721 3092 quibus
756 3000 903 3074 solvitur
928 3006 965 3074 et
991 3000 1199 3073 conducitur
1224 3000 1357 3074 decima
1382 3002 1607 3093 manipularis
1632 3008 1670 3076 et
1695 3024 1797 3077 cana-
1861 3030 1865 3037 ·

251 3119 337 3211 palis
374 3119 541 3193 ecclesiae
577 3126 614 3223 et
642 3120 790 3212 plebano
821 3122 857 3193 in
882 3121 1209 3213 Slauoschou,
1235 3126 1274 3194 et
1298 3121 1398 3195 valor
1423 3122 1497 3195 eius
1523 3124 1727 3196 aestimatur
1753 3124 1799 3197 ad

250 3245 399 3333 quatuor
425 3260 569 3314 marcas.
604 3241 693 3314 Item
718 3242 966 3316 monasterium
993 3241 1209 3336 Thynciense
1233 3242 1342 3316 habet
1366 3242 1417 3316 ibi
1443 3248 1593 3335 quatuor
1617 3243 1737 3318 laneos
1762 3249 1800 3318 et

250 3383 353 3434 unum
379 3361 571 3454 praedium,
597 3362 704 3435 etde
731 3363 889 3436 omnibus
916 3364 1023 3436 abbas
1049 3363 1199 3455 percipit
1225 3339 1401 3436 decimam.

348 3481 606 3572 Pruezansor,
631 3482 715 3554 villa
740 3483 804 3556 sub
831 3483 996 3574 parochia
1022 3482 1065 3556 de
1083 3481 1393 3556 Slawoschow
1419 3483 1496 3574 sita,
1514 3484 1611 3558 cuius
1629 3483 1798 3558 haeredes

250 3602 441 3675 Slanislaus
468 3607 505 3676 et
530 3601 709 3676 lohannes
736 3601 779 3676 de
805 3605 912 3676 armis
940 3601 1134 3694 Godula,
1161 3603 1198 3675 in
1225 3625 1294 3695 qua
1327 3609 1411 3677 sunt
1434 3604 1528 3676 lanei
1553 3605 1799 3692 omethonales,
1833 3626 1840 3632 ’

249 3722 330 3794 item
357 3699 545 3814 tabernae,
571 3723 655 3796 item
689 3723 925 3815 hortulaniae,
951 3722 995 3795 de
1022 3723 1146 3815 quibus
1173 3724 1333 3796 omnibus
1358 3723 1506 3797 solvitur
1531 3729 1569 3796 et
1594 3725 1799 3798 conducitur

245 3842 381 3916 ‘decima
413 3843 639 3936 manipularis
675 3849 712 3918 et
747 3845 922 3938 cenapolis
949 3865 1013 3936 pro
1040 3845 1243 3936 episcopatu
1269 3843 1510 3934 cracoviensi,
1536 3848 1574 3916 et
1598 3844 1696 3918 valor
1722 3846 1798 3918 eins

249 3965 454 4038 aestimatur
481 3964 526 4038 ad
553 3983 565 4036 .·
588 4017 596 4035 .
623 4018 631 4036 .

246 4103 250 4114 ·
350 4084 595 4180 lnuowrozn,
622 4084 706 4157 uilla
732 4085 796 4158 sub
831 4085 997 4177 parochia
1022 4085 1066 4158 de
1090 4085 1273 4178 Kalyua
1299 4085 1386 4175 sita,
1413 4083 1511 4158 cuius
1537 4085 1662 4158 haeres
1688 4085 1798 4177 Bya-

248 4205 450 4298 leozsky,
475 4205 513 4278 in
540 4225 609 4297 qua
635 4210 717 4278 sunt
742 4205 835 4278 lanei
861 4205 1112 4297 omethonales,
1139 4207 1224 4279 item
1249 4206 1431 4297 tabernae,
1456 4206 1541 4278 item
1567 4205 1796 4296 hortulaniae,

249 4325 331 4398 item
364 4326 550 4418 praedium
583 4327 751 4418 militare,
779 4325 822 4400 de
858 4327 982 4419 quibus
1008 4327 1168 4401 omnibns
1194 4327 1342 4400 solvitur
1367 4331 1404 4399 et
1430 4326 1633 4400 conducitur
1665 4325 1799 4398 decima

112 4527 117 4534 ,
248 4446 474 4540 manipularis
501 4453 538 4520 el
562 4447 738 4540 canopalis
764 4447 928 4520 ecclesiae
946 4447 983 4520 in
1000 4448 1299 4522 Slaboschow
1324 4448 1452 4520 eteius
1469 4447 1626 4539 plebano,
1644 4452 1682 4519 et
1699 4445 1798 4518 valor

249 4567 322 4639 eius
349 4568 555 4640 aestimatur
581 4567 626 4641 ad
652 4567 833 4642 duodecim
859 4587 1003 4641 marcas.
1733 4657 1744 4663 ,

350 4685 742 4778 Brunnzrenowrezn,
768 4685 852 4758 villa
877 4687 941 4760 snb
968 4687 1133 4778 parochia
1159 4686 1204 4760 de
1229 4685 1571 4778 Sanczygnyew
1597 4684 1674 4774 sita,
1701 4684 1799 4756 cuius

249 4806 371 4880 haeres
389 4806 555 4880 Nicolaus
573 4804 1004 4900 Sanczygnyeusky
1031 4807 1075 4880 de
1093 4807 1199 4880 armis
1217 4804 1458 4898 Gyelytha,
1475 4806 1512 4876 in
1531 4825 1600 4896 qua
1617 4809 1699 4877 sunt
1717 4809 1796 4876 octo

251 4927 342 5000 lanei
369 4927 612 5019 omethonales,
639 4927 723 4999 item
749 4926 897 4999 taberna
921 4947 999 5020 una,
1016 4929 1150 5001 habens
1167 4947 1281 5019 agros,
1298 4926 1385 4999 item
1401 4925 1619 4998 hortulaniae
1637 4930 1797 5017 quatuor,

249 5043 292 5118 de
326 5047 455 5139 quibus
490 5045 637 5118 soluitur
672 5045 805 5117 decima
839 5045 1065 5138 manipularis
1100 5051 1137 5119 et
1171 5045 1347 5136 canapalis
1381 5043 1547 5117 ecclesiae
1581 5044 1618 5116 in
1644 5043 1798 5117 Slabo·

248 5167 407 5258 achon,
434 5171 471 5239 et
497 5165 596 5239 valor
621 5165 695 5238 eius
722 5165 768 5238 ad
793 5171 872 5240 octo
897 5159 1162 5257 mmcasffioem
1188 5165 1369 5258 praedium
1396 5185 1466 5237 non
1492 5169 1555 5237 est

349 5285 660 5378 Junmowuczn,
687 5287 771 5359 villa
796 5289 860 5360 sub
886 5288 1052 5380 parochia
1078 5287 1121 5392 de
1147 5287 1479 5380 Sanczignyew
1505 5286 1583 5377 sita,
1600 5279 1698 5358 cuius
1715 5285 1798 5357 hae·

250 5425 306 5480 res
338 5406 519 5480 lohannes
553 5405 850 5509 cziszowskp
885 5408 928 5483 de
963 5409 1186 5500 Pollroza,
1221 5409 1258 5480 in
1293 5429 1362 5500 qua
1396 5411 1479 5480 sunt
1502 5428 1564 5482 ser
1589 5406 1682 5479 lanei
1707 5425 1798 5479 ome·
1896 5450 1900 5463 ι

248 5528 426 5619 mandes,
453 5527 496 5601 de
523 5529 648 5621 quibus
678 5528 831 5602 solvitur
857 5535 894 5603 et
920 5530 1124 5603 conducitur
1150 5529 1283 5602 decima
1308 5528 1534 5620 manipularis
1559 5533 1597 5600 et
1622 5527 1798 5618 canapalis

249 5667 312 5740 pro
339 5648 486 5725 ecclesia
511 5651 547 5724 in
575 5648 885 5745 Slalroscluou,
911 5656 948 5726 et
973 5651 1073 5728 relor
1098 5651 1174 5728 eius
1200 5651 1406 5726 aestimatur
1423 5649 1468 5724 ad
1486 5655 1637 5743 quatuor
1653 5669 1800 5743 marcas,
