4550 6600
927 1086 1141 1203 honorans,

360 1224 456 1297 Villa
480 1224 613 1298 babens
639 1226 821 1298 ecclesiam
846 1227 1080 1319 parochialem
1102 1228 1140 1299 in
1158 1246 1196 1299 se
1214 1228 1373 1319 ligneam,
1392 1228 1540 1301 Sanctae
1558 1228 1804 1322 Margaretbae

252 1346 424 1437 diosmm,
450 1345 548 1418 cuius
574 1346 713 1419 collatio
738 1352 775 1419 et
799 1349 997 1439 proprietas
1023 1348 1068 1421 ad
1093 1367 1212 1440 regem
1237 1349 1400 1440 pertinet.
1440 1350 1481 1421 In
1508 1370 1577 1441 qua
1604 1357 1685 1424 aaut
1711 1354 1804 1424 lanei

256 1466 510 1557 emethonales,
537 1465 581 1539 de
616 1466 741 1558 quibus
776 1469 953 1559 omuibus,
979 1475 1121 1561 praeter
1155 1486 1258 1561 agros
1285 1466 1530 1561 additionales,
1558 1472 1617 1562 qui
1643 1469 1804 1545 deantur

243 1584 493 1683 praymportp,
519 1587 666 1661 solvitur
692 1594 729 1660 et
754 1589 957 1663 conducitur
973 1589 1107 1663 decima
1123 1591 1350 1682 manipularis
1368 1596 1404 1663 et
1419 1586 1596 1684 canapalis
1614 1609 1677 1683 pro
1697 1594 1805 1665 eccle-

254 1708 309 1780 sia
333 1707 525 1800 parochiali
549 1708 587 1780 in
613 1709 740 1800 oppido
768 1708 940 1801 Solecz,
966 1715 1003 1782 et
1028 1711 1126 1785 valor
1153 1712 1227 1784 eius
1253 1713 1461 1785 aestimatum
1485 1714 1529 1785 ad
1547 1714 1695 1805 triginta
1711 1732 1804 1815 mar·
1869 1752 1876 1757 -

255 1848 324 1918 cas,
351 1827 537 1919 abquando
563 1828 610 1901 ad
636 1828 873 1920 quadraginta.
907 1831 998 1903 Item
1023 1838 1079 1903 est
1105 1832 1154 1904 ibi
1181 1833 1348 1925 optimum
1374 1833 1555 1923 praedium
1582 1836 1734 1925 regium,
1761 1834 1804 1906 de
1905 1818 1908 1827 ’

254 1950 353 2022 cuins
388 1950 483 2041 agita
517 1953 555 2021 et
581 1950 677 2039 aliis,
712 1950 773 2040 qui
807 1950 971 2023 dicuutur
997 1950 1234 2049 przymyarlcp
1269 1948 1560 2045 emethonallbns,
1596 1950 1743 2026 solvitur
1769 1960 1805 2026 et
1879 1968 1883 1977 '

256 2070 461 2143 conducitur
486 2069 620 2142 deame
645 2071 870 2162 manipularis
896 2089 961 2162 pro
987 2071 1133 2144 ecelesia
1159 2079 1196 2145 et
1220 2066 1368 2164 plebano
1386 2075 1421 2145 in
1440 2073 1689 2147 Sobotbka.
1715 2074 1804 2147 Item

256 2190 403 2263 ecclesia
441 2196 480 2263 et
512 2190 680 2282 plebanus
714 2192 846 2264 hahent
878 2190 929 2268 lbi
961 2192 1127 2284 speciales
1155 2204 1258 2284 agros
1285 2199 1322 2265 et
1347 2198 1450 2283 prata
1469 2194 1622 2286 liberos,
1648 2214 1713 2285 pro
1741 2214 1804 2267 sno

254 2311 400 2403 praedio
427 2316 464 2384 et
490 2312 706 2385 necessitate.
731 2312 820 2384 Item
845 2312 1045 2403 notandum,
1072 2312 1166 2403 quod
1183 2312 1341 2404 praefata
1366 2314 1449 2386 villa
1475 2314 1714 2389 Subothka
1738 2313 1806 2387 fuit

255 2430 429 2523 qnondam
455 2430 499 2503 de
525 2434 741 2524 proprietate
775 2432 1087 2505 sanctimonialium
1113 2433 1158 2505 de
1185 2432 1311 2505 Sancto
1337 2432 1480 2507 Andrea
1497 2434 1543 2506 in
1569 2433 1827 2525 Gracouia,

255 2544 293 2625 et
317 2553 516 2644 pertinebat
551 2553 596 2625 ad
622 2553 837 2627 advocatiam
862 2553 1177 2626 Zawichosteusem
1204 2553 1306 2646 pleno
1333 2555 1429 2643 iuue3
1455 2554 1518 2627 sed
1545 2552 1805 2657 Oasim'irus

255 2673 495 2747 Secundus
521 2680 681 2770 coempta
705 2674 888 2747 advocatia
903 2674 1192 2766 Zawychostensi,
1211 2674 1303 2765 apud
1320 2673 1462 2747 Petrum
1489 2675 1564 2747 eiua
1592 2675 1805 2766 advocatum,

255 2795 362 2867 etiam
387 2792 506 2867 villam
531 2794 769 2868 Sobothka
794 2795 831 2867 in
856 2795 910 2867 ius
937 2813 1037 2867 suum
1062 2795 1198 2885 regium
1225 2799 1261 2865 et
1286 2795 1536 2885 proprietatem
1562 2795 1680 2867 traxit.
1716 2794 1805 2867 Item

254 2915 391 2987 decima
423 2916 651 3007 manipularis
683 2921 766 3007 post
800 2925 919 2988 omnes
953 2916 1172 3006 anathemes,
1197 2914 1413 2987 humidaniaa
1439 2919 1475 2987 et
1499 2914 1665 2989 tabernas
1690 2914 1805 2987 dictae
1856 2984 1858 2989 .

252 3037 359 3109 villae
392 3034 651 3129 sabathia,
677 3038 825 3111 solvitur
859 3036 1025 3111 ecclcsiae
1058 3035 1250 3129 parochiali
1276 3040 1314 3109 et
1338 3034 1487 3127 plebano
1513 3037 1588 3111 eius
1612 3034 1651 3107 in
1678 3034 1804 3128 oppido

253 3156 428 3252 Soleer,
455 3164 493 3233 et
517 3159 615 3233 valor
640 3160 716 3233 eius
742 3158 950 3233 aestimatur
975 3157 1021 3231 ad
1047 3158 1196 3249 triginta
1220 3172 1364 3231 marcas.

862 3381 1203 3459 Pnzmranawreau.

359 3522 455 3595 vilia
488 3522 620 3594 habeus
654 3523 691 3594 in
726 3543 765 3596 se
799 3522 980 3596 ecclesiam
1015 3521 1250 3614 parochialem
1284 3517 1412 3592 Sammo
1447 3517 1620 3597 Stanislao
1648 3517 1807 3610 dicatam,

252 3645 353 3716 culus
378 3644 575 3735 proprietas
602 3643 647 3716 ad
672 3644 805 3717 nobiles
833 3699 841 3714 .
868 3699 876 3715 .
903 3699 911 3714 .
938 3699 946 3715 .
972 3643 1135 3734 pertinet.
1171 3606 1312 3731 inqua
1338 3645 1419 3712 aaut
1444 3640 1536 3711 lanei
1563 3639 1807 3748 cmethonales,

252 3765 299 3837 de
326 3765 451 3856 quibus
477 3765 625 3869 solvitur
650 3770 688 3838 et
714 3765 918 3837 conducitur
945 3764 1079 3836 decima
1103 3761 1330 3852 manipularis
1357 3766 1394 3832 et
1419 3760 1594 3850 canapalis
1612 3777 1676 3850 pro
1696 3759 1805 3830 eccle·

253 3886 309 3957 sia
336 3940 344 3955 .
371 3939 379 3955 .
406 3939 432 3976 .,
459 3885 619 3958 etvalor
645 3886 826 3958 eiusad.
853 3940 860 3955 .
889 3940 897 3956 .
923 3940 931 3960 .
958 3903 1092 3956 marcas
1119 3883 1345 3955 aestImatur..
1360 3881 1449 3952 Item
1476 3880 1622 3952 ecclesia
1647 3877 1807 3970 praefata

253 4010 294 4077 et
326 3999 494 4095 plebanus
529 4007 605 4079 eins
639 4007 746 4079 babet
779 4007 829 4080 ibi
863 4004 1024 4098 proprIos
1060 4021 1164 4095 agros
1199 4008 1236 4074 et
1270 4005 1392 4094 prata,
1419 4021 1483 4092 pro
1510 4020 1572 4073 suo
1599 3999 1743 4091 praedio
1771 4003 1807 4070 et
1891 4075 1915 4110 ι,

253 4121 470 4202 necessitate.

849 4290 855 4307 ·
936 4245 1127 4316 Brnarnr.

359 4368 455 4441 Villa
480 4367 612 4441 hahens
638 4368 675 4439 in
702 4387 741 4440 se
766 4365 946 4441 ecclesiam
972 4364 1215 4457 parochialem,
1243 4361 1370 4436 Sancto
1396 4307 1512 4434 Petro
1531 4335 1691 4450 dicabam,
1710 4360 1807 4432 cuius

253 4491 452 4582 proprietas
476 4490 631 4583 pertinet
655 4489 701 4561 ad
726 4489 921 4562 Iohannem
946 4488 1046 4560 Felix
1063 4483 1335 4558 etBernardum
1353 4481 1614 4574 Bidziuslry
1641 4481 1684 4552 de
1701 4481 1807 4552 arnus

254 4608 438 4702 Janyna
463 4615 501 4684 et
525 4610 736 4683 Dambno.
762 4608 880 4683 Habet
905 4606 954 4682 ibi
980 4607 1127 4681 ecclesia
1153 4612 1190 4679 et
1215 4607 1383 4697 plebanus
1410 4604 1571 4695 proprios
1598 4612 1701 4693 agros
1719 4600 1804 4672 libe-

107 4728 109 4735 ‘
253 4753 326 4823 ros,
352 4753 417 4824 pro
443 4726 676 4835 suor'praedlo
702 4735 740 4804 et
763 4732 981 4804 necessItate.
1007 4729 1048 4800 In
1074 4749 1143 4819 qua
1169 4731 1251 4800 suut
1276 4726 1368 4798 lauei
1395 4722 1639 4813 emethonalea,
1666 4721 1709 4800 de
1732 4721 1807 4812 qui-

255 4855 323 4927 hus
358 4854 505 4927 solvitur
538 4859 577 4925 et
610 4852 815 4925 conducitur
849 4851 983 4924 decIma
1008 4849 1235 4940 manipularis
1260 4867 1325 4939 pro
1352 4845 1499 4936 plebano
1526 4845 1562 4915 in
1589 4839 1807 4933 Bydzini3

254 4977 341 5048 item
375 4974 445 5048 duo
470 4974 614 5066 praedia
638 4974 813 5065 milltaria,
840 4971 885 5045 de
910 4966 1034 5063 quibus
1059 4970 1219 5042 omnibns
1246 4967 1391 5041 solvitur
1418 4970 1454 5038 et
1481 4963 1684 5038 conducitur
1711 4961 1804 5034 deci·
1921 4971 1931 4984 '

254 5117 315 5168 ma
340 5095 564 5187 manipularis
590 5101 627 5168 et
652 5092 829 5186 canapalis
855 5092 1022 5167 ecelesiae
1047 5091 1083 5162 iu
1110 5089 1337 5182 Bydzyny,
1364 5093 1401 5160 et
1426 5087 1526 5160 valor
1552 5085 1627 5158 eiua
1645 5082 1805 5155 aestima·

256 5223 318 5290 tur
343 5217 389 5290 ad
413 5217 539 5309 viginti
564 5235 709 5290 marcas.

854 5436 1203 5512 ‚Voczncnowrczn
1308 5517 1313 5524 Ι

258 5671 266 5697 Ι
361 5577 457 5650 Villa
481 5579 615 5652 habeus
640 5577 819 5651 eeclesiam
845 5571 1083 5668 parochialem*
1104 5574 1141 5643 iu
1168 5593 1214 5663 se,
1241 5569 1356 5661 lapide
1383 5570 1461 5642 albo
1480 5567 1661 5658 muratam,
1681 5564 1808 5638 Sancto

256 5695 452 5775 Adalberto
478 5699 639 5791 dicatam,
665 5699 762 5772 cuius
788 5697 987 5791 proprietas
1012 5700 1050 5768 et
1076 5693 1214 5766 collatio
1245 5691 1398 5784 pertinet
1424 5689 1468 5762 ad
1493 5687 1630 5762 nobiles
1659 5741 1809 5758 .....

277 5896 281 5909 ·
362 5867 411 5912 ΗΒ.
424 5865 522 5910 masfla.
537 5866 569 5912 ΙΙ.
1351 5889 1354 5896 .
1603 5837 1640 5886 63
