4550 6600
510 750 584 820 520

502 954 794 1027 Sandomiria
821 952 974 1026 eiusdem
992 954 1211 1045 praebendae
1230 955 1336 1027 etiam
1354 960 1438 1027 tunc
1456 956 1669 1048 canonicum,
1688 955 1926 1048 praepositum
1940 954 2056 1029 Sancti

499 1077 671 1164 Floriani,
706 1084 831 1165 expost
866 1077 1015 1166 primum
1049 1076 1301 1167 Haliciensem,
1338 1079 1381 1149 de
1417 1100 1507 1151 novo
1545 1100 1622 1151 cum
1660 1100 1831 1169 nusquam
1857 1080 1907 1150 ibi
1935 1076 2056 1149 luisset

499 1197 645 1268 ecclesia
680 1198 907 1287 parochialis,
943 1203 1092 1269 erectam
1129 1203 1164 1269 et
1200 1199 1372 1289 dotatam,
1401 1205 1436 1270 et
1461 1200 1587 1290 ligneis
1613 1200 1797 1273 roboribus
1825 1198 2054 1271 aedificatam.

501 1316 606 1389 Gaius
633 1337 724 1387 nunc
758 1318 882 1389 haeres
908 1317 1112 1390 Prandotha
1142 1318 1400 1410 Konynsky
1427 1320 1470 1391 de
1498 1321 1604 1391 armis
1631 1321 1773 1393 Rawa.
1814 1320 1856 1390 In
1884 1341 1955 1410 qua
1981 1328 2060 1391 sunt

501 1438 618 1507 decem
646 1459 722 1509 cum
748 1439 862 1509 medio
888 1440 980 1509 lanei
1007 1440 1256 1529 cmethonales,
1283 1440 1326 1510 de
1355 1442 1480 1530 quibus
1507 1442 1665 1513 omnibus
1693 1441 1841 1512 solvitur
1859 1447 1905 1511 et
1933 1440 2061 1511 condu-

503 1559 593 1628 citur
619 1558 752 1629 decima
778 1560 1006 1649 manipularis
1030 1566 1066 1631 et
1093 1561 1267 1651 canapalis
1286 1581 1350 1650 pro
1369 1562 1528 1633 custodia
1547 1560 1826 1652 Sandomiriensi,
1845 1563 1946 1633 cuius
1965 1562 2061 1633 valor

501 1679 546 1751 ad
581 1678 761 1751 duodecim
796 1700 941 1751 marcas.
981 1680 1028 1751 Et
1053 1682 1139 1751 haec
1176 1683 1322 1755 ecclesia
1342 1688 1403 1754 ‘est
1430 1682 1545 1754 filialis
1572 1684 1739 1755 ecclesiae
1767 1683 1810 1754 de
1837 1682 2061 1754 Szkarze-

503 1801 662 1873 schow.
698 1801 787 1871 Item
814 1802 993 1891 praedium
1021 1804 1071 1873 ibi
1097 1808 1152 1873 est
1179 1825 1283 1874 unum
1311 1804 1479 1895 militare,
1508 1805 1645 1895 dequo
1673 1804 1807 1877 decima
1833 1804 2062 1893 manipularis

503 1921 651 1992 solvitur
677 1921 841 1993 ecclesiae
867 1923 904 1992 in
930 1921 1195 2013 Odanchuw.
1222 1924 1311 1995 Item
1338 1930 1420 1996 sunt
1446 1926 1496 1997 ibi
1523 1926 1673 2016 quinque
1699 1928 1877 2014 tabernae,
1905 1930 2063 2015 quatuor,

504 2047 585 2113 sunt
611 2042 771 2113 haeredis
799 2047 835 2114 et
862 2043 983 2132 quinta
1009 2044 1158 2135 plebani,
1185 2045 1229 2116 de
1258 2066 1326 2136 qua
1354 2046 1405 2117 illi
1432 2046 1581 2119 solvitur
1598 2068 1661 2137 pro
1681 2068 1786 2121 censu
1804 2046 1921 2117 media
1939 2066 2061 2116 marca

504 2163 565 2233 sed
593 2182 711 2235 omnes
738 2184 807 2235 non
833 2164 964 2235 habent
990 2186 1102 2255 agros.
1129 2166 1218 2237 Item
1246 2167 1414 2256 plebanus
1438 2167 1547 2239 habet
1575 2190 1678 2258 agros
1705 2169 1868 2258 proprios
1895 2173 1933 2238 et
1950 2174 2063 2257 prata,

504 2302 570 2373 pro
597 2304 659 2356 ano
686 2306 752 2355 usu
777 2290 815 2356 et
841 2287 1058 2358 necessitate.

609 2404 885 2496 Nuunnaczow,
912 2407 996 2477 villa
1022 2408 1086 2478 sub
1113 2410 1281 2498 parochia
1308 2410 1472 2481 ecclesiae
1500 2410 1543 2483 de
1570 2409 1830 2482 Odanohow
1857 2410 1937 2499 sita,
1966 2410 2062 2481 cuius

503 2526 627 2595 haeres
653 2525 830 2615 praefatus
856 2526 1109 2619 Kouynsky
1136 2529 1407 2603 Prandotha
1434 2532 1477 2603 de
1504 2532 1609 2603 armis
1636 2532 1777 2604 Rawa.
1815 2531 1856 2601 ln
1884 2552 1955 2621 qua
1983 2537 2063 2601 sunt

449 2653 453 2663 '
501 2646 592 2717 lanei
619 2647 861 2737 emethonaleS,
887 2649 972 2719 item
999 2670 1105 2721 uuum
1131 2652 1320 2743 praedium,
1348 2654 1431 2723 item
1457 2674 1562 2725 unum
1588 2653 1832 2743 molendinum,
1860 2653 1905 2723 de
1934 2653 2058 2742 quibus

505 2767 663 2839 omnibns
691 2768 838 2847 solvitur
865 2775 901 2840 et
928 2770 1132 2843 conducitur
1159 2762 1292 2845 decima
1318 2774 1544 2864 manipularis
1571 2780 1606 2845 et
1633 2776 1808 2865 canapalis
1821 2774 2007 2845 ecclesiae
2029 2775 2062 2843 in

504 2886 748 2987 Odacbow,
775 2897 812 2959 et
847 2890 945 2961 valor
982 2892 1056 2963 eius
1093 2893 1138 2963 ad
1165 2915 1226 2965 sex
1250 2916 1405 2985 marran,
1433 2902 1470 2967 et
1495 2895 1688 2985 praelatam
1715 2896 1885 2967 decimam
1914 2896 2063 2966 contulit

503 3009 668 3080 ecclesiae
695 3010 731 3079 in
758 3008 984 3100 Odachow
1011 3012 1138 3085 Petrus
1165 3013 1328 3105 Wysch
1356 3017 1537 3105 episcopus
1565 3016 1816 3107 Oracoviensis,
1844 3016 1889 3104 ad
1918 3016 2062 3105 petitio

501 3149 580 3199 nem
606 3129 753 3219 praelati
780 3131 915 3203 Nicolai
946 3133 1172 3205 Vilhelmi
1199 3142 1280 3207 tunc
1306 3138 1406 3226 regni
1432 3136 1596 3209 Poloniae
1622 3140 1908 3211 vicecancellarii.

608 3249 883 3344 Cuouowrrcz,
915 3254 997 3326 villa
1033 3257 1097 3328 snb
1132 3258 1299 3347 parocbia
1334 3258 1454 3330 eadem
1490 3258 1576 3350 sita,
1606 3261 1703 3332 cuius
1730 3260 1855 3332 haeres
1881 3258 2063 3332 Jobnnnes

505 3368 714 3462 Gosczky
741 3373 784 3444 de
811 3375 916 3445 armis
942 3376 1140 3468 Dolywa.
1167 3379 1207 3448 ln
1235 3401 1304 3470 qua
1330 3385 1412 3450 sunt
1439 3382 1530 3452 lanei
1558 3381 1793 3454 cmethonales
1822 3383 1995 3472 quinque,
2020 3381 2063 3451 de

505 3492 629 3581 quibus
657 3494 804 3565 solvitur
831 3502 867 3567 et
894 3498 1100 3570 conducitur
1125 3500 1259 3572 decima
1285 3501 1512 3592 'manipularis
1531 3509 1567 3574 et
1585 3505 1760 3594 canepalis
1778 3525 1842 3595 pro
1861 3506 2062 3594 praeposito

506 3611 793 3706 Sandonririensi,
822 3623 859 3688 et
894 3619 991 3690 valor
1027 3621 1101 3692 eius
1137 3623 1344 3694 aestimatur·
1380 3623 1424 3694 ad
1451 3625 1602 3714 quinque
1629 3645 1772 3698 marcas
1812 3625 1901 3697 Item
1930 3631 1988 3697 est
2013 3626 2063 3698 ibi

502 3734 682 3822 praedium
717 3738 868 3835 militare
904 3746 941 3811 et
975 3763 1045 3812 una
1080 3744 1279 3816 hortulania
1317 3745 1448 3818 babens
1486 3767 1606 3836 agros,
1635 3746 1680 3818 de
1716 3748 1841 3838 quibus
1868 3747 2064 3819 decimatur

507 3855 670 3927 ccclesiae
693 3859 733 3928 in
761 3858 997 3950 Odachow.

608 3977 933 4075 Onnncnowrnoz,
960 3985 1043 4056 villa
1069 3987 1133 4057 sub
1162 3988 1328 4077 parocbia
1355 3988 1397 4060 de
1424 3987 1549 4061 Odan
1562 3991 1685 4063 chow
1712 3993 1790 4081 sita,
1819 3987 1917 4064 cuius
1936 3993 2063 4064 haeres

504 4097 708 4187 Prandotha
732 4101 988 4197 Konynsky
1016 4107 1059 4178 de
1086 4109 1193 4180 armis
1220 4109 1360 4180 Rawa.
1400 4111 1441 4182 In
1469 4133 1537 4201 qna
1563 4103 1648 4184 s'unt
1671 4114 1822 4204 quinque
1849 4114 1943 4186 lanei
1972 4136 2064 4186 cnse

503 4220 683 4311 thonaleS,
719 4223 802 4293 item
837 4245 906 4296 una
940 4228 1088 4298 taberna
1122 4229 1255 4302 habens
1291 4251 1413 4320 agros,
1441 4232 1484 4302 de
1511 4235 1636 4323 quibus
1664 4235 1822 4307 omnibus
1850 4236 2000 4307 solvitur
2027 4245 2063 4308 et

505 4339 708 4412 conducitur
743 4343 876 4416 decima
909 4349 1136 4438 manipularis
1173 4357 1208 4420 et
1244 4352 1419 4442 canapalis
1455 4373 1518 4445 pro
1552 4355 1749 4446 praeposito
1777 4355 2063 4446 Sandomiriensi,

505 4462 603 4532 cuins
639 4463 738 4535 valor
772 4465 816 4536 ad
853 4468 1004 4559 quinque
1040 4491 1175 4544 marcas
1211 4473 1425 4544 aestimatur.
1466 4475 1553 4546 Item
1590 4481 1644 4548 est
1671 4477 1719 4548 ibi
1746 4477 1929 4568 praedium
1957 4501 2063 4550 unum

376 4614 380 4622 ³
503 4584 665 4676 militare,
693 4586 736 4656 de
764 4609 831 4678 quo
859 4589 1051 4662 decimatur
1078 4593 1245 4666 ecclesiae
1273 4595 1309 4664 in
1337 4595 1522 4668 Szucha.

609 4704 890 4782 ussosowmcz
917 4711 1084 4802 Ronorn,
1112 4715 1196 4786 uilla
1223 4716 1286 4788 sub
1311 4717 1475 4807 parocbia
1493 4718 1613 4790 eadem
1632 4718 1675 4792 de
1693 4719 1957 4810 Odancbow
1985 4723 2063 4811 sita,

504 4826 601 4898 cuius
627 4828 752 4900 haeres
779 4829 956 4903 lohannes
983 4832 1017 4903 N
1024 4855 1228 4928 yeczuya
1254 4838 1296 4908 de
1324 4839 1430 4910 armis
1457 4839 1490 4910 N
1499 4860 1668 4932 yeczup
1678 4863 1707 4912 a.
1734 4843 1775 4912 In
1803 4863 1871 4933 qua
1890 4849 1975 4914 sunt
1993 4843 2061 4915 duo

504 4969 581 5020 cum
608 4950 721 5022 medio
748 4952 841 5023 lanei
868 4955 1112 5048 cmethonales,
1141 4959 1183 5030 de
1211 4960 1336 5052 quibus
1364 4961 1467 5032 datur
1494 4969 1530 5033 et
1556 4963 1761 5036 conducitur
1787 4964 1923 5036 decima
1951 4967 2062 5038 mani-

504 5068 636 5160 pularis
663 5078 700 5144 ct
727 5075 902 5165 canapalis
929 5098 993 5166 pro
1020 5081 1219 5170 praeposIto
1248 5081 1536 5174 Sandomiriensi,
1564 5090 1599 5155 et
1626 5086 1724 5157 valor
1750 5087 1825 5156 eius
1853 5089 2062 5158 aestimatur

500 5193 549 5262 ‘ad
585 5193 672 5264 duas
707 5216 857 5268 marcas..
891 5197 980 5268 Item
1008 5206 1062 5270 est
1088 5202 1138 5272 ibi
1164 5223 1269 5272 unum
1297 5204 1476 5294 praedium
1504 5206 1673 5296 militare,
1700 5207 1743 5278 de
1770 5229 1838 5298 quo
1866 5207 2061 5282 decimatur

505 5313 669 5388 ecclesiae
695 5317 731 5388 in
758 5317 944 5390 Szucha.
1739 5387 1746 5398 .

607 5435 909 5532 ZnnazowuacZ,
936 5442 1019 5513 villa
1046 5445 1109 5516 sub
1136 5445 1303 5535 parochia
1330 5447 1372 5518 de
1400 5445 1622 5538 Odachow
1650 5450 1736 5540 sita,
1764 5451 1862 5522 cuius
1889 5451 2059 5524 haeredes

505 5553 680 5629 Martinus
716 5567 752 5631 et
786 5561 877 5652 lugo
915 5563 957 5633 de
994 5566 1099 5636 armis
1126 5565 1430 5658 accipitrum.
1469 5569 1509 5639 In
1538 5591 1605 5660 qua
1631 5577 1712 5642 sunt
1738 5571 1831 5644 lanei
1858 5575 2058 5646 cmethona·

505 5675 573 5768 lea,
601 5678 644 5750 de
681 5683 804 5772 quibus
840 5685 988 5756 solvitur
1024 5693 1060 5758 et
1086 5687 1290 5760 conducitur
1317 5690 1450 5760 decima
1476 5693 1701 5783 manipularis
1728 5698 1764 5763 et
1791 5695 1972 5785 canapalis
1999 5717 2060 5786 pro
