4550 6600
500 738 576 809 482

431 915 433 930 Ι
497 944 727 1034 Scheligy.
762 942 804 1015 Iu
830 962 899 1034 qno
923 943 1008 1013 sont
1034 939 1288 1033 qninquaginta
1320 939 1414 1013 lanai
1441 939 1576 1033 civiles,
1611 941 1812 1033 dequibus
1843 942 1994 1017 solvitur
2023 948 2064 1015 et

499 1052 704 1139 conducitur
739 1062 874 1137 decima
907 1061 1136 1155 manipularis
1171 1082 1235 1155 pro
1266 1062 1471 1157 episcopatu
1505 1060 1746 1154 Gracorieusi,
1781 1069 1819 1137 et
1845 1064 1945 1137 valor
1979 1064 2065 1139 eins

450 1167 456 1187 ’
499 1187 704 1261 aestimatur
731 1184 777 1259 ad
795 1184 1027 1277 quadraginta
1048 1204 1193 1260 marcas.
1219 1184 1307 1259 Item
1326 1190 1381 1259 est
1399 1184 1448 1278 ilai
1458 1183 1666 1277 advocatia,
1692 1185 1825 1261 habena
1843 1190 1917 1263 area
1935 1186 2066 1261 laneos

497 1314 535 1383 et
560 1308 696 1406 aliquot
720 1304 832 1379 niwao
859 1326 921 1379 seu
947 1326 1105 1399 campos,
1132 1304 1329 1397 dequibus
1355 1304 1503 1381 soluitur
1529 1309 1566 1379 et
1591 1302 1796 1383 conducitur
1822 1307 1959 1385 dmm·
1985 1326 2067 1380 ma

499 1430 668 1522 ripularis
695 1451 760 1522 pro
779 1482 940 1519 .......
965 1432 1003 1501 et
1028 1426 1128 1500 valor
1155 1426 1229 1503 eius
1256 1428 1461 1507 aestimatur
1487 1428 1533 1503 ad
1550 1433 1624 1507 tres
1650 1448 1795 1506 marera.
1821 1424 1909 1506 Itane
1937 1428 2067 1521 plebe·

500 1573 566 1626 nus
591 1556 629 1625 et
654 1550 801 1623 ecclesia
826 1550 934 1626 habet
958 1549 1009 1621 ibi
1035 1568 1140 1640 agros
1165 1548 1363 1640 praedIales
1390 1547 1602 1623 sufficientes
1628 1554 1665 1623 at
1690 1554 1802 1649 prata

604 1674 929 1745 Wscnnaauzlcz'u
963 1690 1103 1761 aaron,
1138 1668 1223 1743 villa
1257 1670 1321 1743 sub
1356 1670 1522 1763 parochia
1548 1670 1592 1743 de
1617 1670 1799 1746 Iszlana
1833 1672 1921 1763 sita,
1960 1671 2069 1745 cuius

500 1796 699 1889 proprietas
725 1794 770 1865 ad
796 1793 996 1885 episcopum
1032 1773 1297 1895 cracoviensem
1332 1792 1495 1883 pertinet.
1530 1791 1572 1863 Iu
1598 1812 1667 1884 qua
1697 1798 1781 1868 suut
1813 1814 1939 1873 novem
1966 1794 2070 1865 lanei

500 1917 753 2007 cmethooalcs‚
780 1915 824 1989 de
851 1907 977 2006 quibus
1003 1913 1153 1991 solvitur
1180 1917 1216 1985 et
1241 1903 1446 2001 conducitur
1471 1913 1606 1987 decima
1636 1914 1863 2007 manipularis
1890 1920 1928 1989 et
1954 1936 2070 1989 cana·

501 2040 592 2133 polis
619 2060 682 2131 pro
701 2037 905 2130 episcopatu
926 2034 1168 2126 Gracoviensi,
1194 2039 1232 2107 et
1248 2033 1348 2109 valor
1372 2035 1450 2107 eius
1476 2035 1745 2114 aestimaturad
1763 2038 2072 2130 vigintiquatuor

502 2182 646 2233 marcas.
671 2160 760 2233 Item
786 2164 841 2231 est
865 2158 915 2231 ibi
941 2156 1122 2249 praedium
1149 2156 1345 2249 episcopale
1371 2157 1549 2249 optimum,
1575 2157 1620 2234 de
1642 2179 1710 2251 quo
1728 2158 1921 2234 decimatur
1948 2154 2072 2233 eccle-

502 2284 574 2357 siae
600 2284 638 2355 iu
663 2282 862 2371 Iszlsza,
889 2284 925 2355 et
951 2279 1050 2353 valor
1072 2279 1152 2353 eius
1179 2278 1225 2353 ad
1252 2284 1401 2373 quatuor
1427 2300 1573 2361 marcas
1603 2280 1692 2353 Item
1718 2280 1880 2357 scultetis
1905 2304 1978 2360 non
2010 2287 2073 2355 est

502 2407 539 2479 iu
566 2406 687 2477 eadem
714 2404 806 2495 villa,
833 2423 945 2494 neque
971 2402 1148 2475 tabcmae.

608 2526 933 2601 Wscnnaanzrczn
967 2522 1114 2614 dlnroa,
1150 2522 1235 2595 villo
1269 2523 1334 2597 sub
1365 2522 1533 2617 parochia
1568 2522 1612 2597 de
1638 2522 1818 2603 lszlsza
1844 2525 1926 2616 sita,
1962 2524 2076 2599 mrim

503 2648 698 2741 proprietas
724 2645 769 2719 od
788 2646 1024 2738 episcopatum
1042 2643 1306 2720 Oracovieusam
1333 2644 1494 2737 pertinet
1534 2642 1575 2717 Io
1594 2664 1663 2737 qua
1681 2650 1763 2720 saut
1780 2644 1938 2729 undecim
1964 2646 2074 2719 lauei

504 2766 738 2841 cmethonalcs
764 2772 803 2839 ct
827 2786 898 2839 una
922 2765 1073 2839 taberna
1097 2764 1231 2837 habeus
1259 2784 1376 2865 agros,
1404 2764 1447 2838 da
1474 2764 1599 2857 quibua
1625 2764 1774 2839 solvitur
1800 2771 1838 2837 et
1854 2766 2076 2839 conducitur

383 2978 389 2987 ⁴
505 2891 640 2963 decima
674 2887 901 2980 manipularis
937 2892 975 2961 et
1008 2886 1186 2979 campan
1220 2906 1284 2979 pro
1318 2886 1520 2979 episcopatu
1551 2884 1791 2977 &amomum
1829 2888 1927 2961 cuius
1962 2887 2077 2959 valor

504 3013 551 3085 ad
567 3010 748 3085 duodecim
774 3030 919 3084 marcas.
960 3008 1049 3083 Item
1075 3028 1145 3083 uon
1171 3012 1228 3083 est
1253 3008 1303 3081 ibi
1328 3007 1528 3106 praedium,
1554 3028 1668 3101 neque
1693 3008 1862 3101 scoltetia
1889 3030 1959 3083 nou
1980 3014 2077 3084 suut

505 3132 733 3209 hortulauice.
763 3193 767 3199 .

608 3253 860 3344 lasznrnncz,
886 3251 971 3327 nilla
999 3250 1064 3327 sul)
1090 3251 1258 3346 parochia
1284 3250 1327 3326 de
1344 3250 1528 3326 Iszlsza
1555 3250 1642 3344 sita,
1668 3251 1766 3326 cuius
1791 3252 1997 3348 proprietas
2030 3255 2078 3328 ad

506 3379 742 3470 episcopatum
761 3372 1023 3450 Oracovieusem
1049 3374 1213 3466 pertinet.
1257 3374 1298 3448 Iu
1316 3395 1385 3468 qna
1403 3379 1486 3448 sunt
1511 3373 1772 3466 quatuordociua
1797 3375 1890 3448 lanei
1906 3377 2078 3450 emetho

507 3499 604 3572 noles
630 3502 667 3572 ct
692 3497 782 3571 duae
808 3496 1046 3572 tautummodo
1073 3497 1254 3588 tabernae,
1281 3515 1428 3588 quarum
1454 3515 1525 3570 una
1550 3496 1657 3571 habet
1682 3496 1922 3602 tautummodo
1949 3519 2079 3592 agros,

353 3717 360 3728 ἢ
507 3621 550 3694 de
577 3621 702 3713 quibus
729 3620 876 3694 solvitur
910 3623 947 3692 et
972 3618 1177 3704 conducitur
1203 3617 1337 3695 (lemma
1371 3617 1595 3710 manipularis
1621 3622 1658 3692 ct
1683 3619 1858 3712 canapalis
1893 3639 1960 3714 pro
1995 3622 2077 3716 epi-

513 3747 658 3836 scopatu
685 3741 922 3834 cracoviensi,
947 3745 985 3815 et
1010 3743 1108 3818 valor
1134 3742 1211 3814 eius
1236 3741 1282 3816 ad
1308 3736 1426 3816 decen
1452 3759 1598 3816 marcas.
1641 3741 1731 3814 Imm
1758 3742 1918 3816 scoltetia
1944 3749 2011 3816 e‘st
2042 3745 2079 3818 iu

507 3865 628 3940 eadem
654 3865 745 3957 villa,
773 3886 862 3958 quac
888 3864 997 3940 habet
1022 3864 1110 3940 duos
1135 3863 1255 3938 laneos
1280 3863 1429 3954 liberos,
1456 3868 1493 3936 et
1518 3861 1667 3966 decimat
1692 3883 1757 3955 pro
1784 3917 1894 3936 .....

446 4074 452 4092 Ι
611 3987 807 4077 Buaznur,
845 3986 929 4058 villa
959 3986 1024 4060 sub
1050 3985 1217 4078 parochia
1251 3985 1295 4058 de
1321 3985 1502 4060 Iszlsza
1536 3985 1620 4076 sita,
1655 3985 1753 4060 cuius
1780 3985 1987 4080 proprietas
2029 3989 2077 4062 ad

500 4111 745 4200 episcopatum
763 4107 1025 4183 Cracoriensem
1052 4108 1214 4200 pertinet.
1258 4107 1299 4182 Iu
1318 4127 1387 4199 qua
1404 4113 1486 4182 suut
1504 4107 1685 4183 duodecim
1702 4108 1796 4180 lanei
1815 4110 2078 4202 cmethonales,

508 4231 552 4302 dc
579 4230 706 4322 quibus
731 4229 880 4303 solvitur
906 4235 944 4303 et
968 4229 1174 4302 conducitur
1200 4229 1334 4304 decima
1360 4230 1587 4322 manipularis
1623 4235 1659 4304 et
1685 4231 1860 4322 campalis
1894 4253 1963 4323 pro
1996 4235 2076 4326 epi·

511 4373 616 4444 scopo
643 4349 881 4442 Gracovieuai,
906 4356 963 4424 est
988 4351 1092 4424 etiam
1119 4351 1168 4424 ibi
1187 4372 1258 4424 una
1287 4352 1436 4426 taberna
1460 4353 1593 4426 habens
1619 4371 1742 4444 agros,
1768 4357 1806 4426 et
1823 4353 1980 4428 decimat
2009 4377 2079 4448 pro

348 4560 351 4567 .
509 4475 691 4568 episcopo,
726 4474 824 4546 cuius
860 4473 957 4547 valor
983 4472 1135 4548 adorto
1170 4493 1306 4549 marcas
1332 4475 1547 4556 destinatur.
1590 4474 1679 4548 Item
1704 4493 1775 4552 nou
1802 4480 1858 4549 est
1882 4478 2079 4568 praedium

507 4599 545 4672 in
572 4595 693 4674 eadem
720 4595 816 4687 villa,
842 4615 954 4688 neque
980 4595 1153 4688 scotatio,
1180 4617 1248 4670 nou
1277 4601 1359 4673 sunt
1384 4597 1565 4689 tabernae,
1591 4613 1704 4690 neque
1731 4597 1963 4674 hortulaniaa.

441 4731 445 4738 ’
614 4718 895 4809 Pannonicas,
923 4718 1007 4791 villa
1034 4717 1098 4790 sub
1116 4717 1284 4809 parochia
1310 4717 1354 4790 dc
1371 4717 1529 4800 Iszlza
1555 4719 1641 4811 sita,
1666 4719 1767 4794 cuius
1792 4721 2004 4814 proprietas
2032 4725 2080 4798 ad

509 4843 745 4934 episcopatum
772 4838 1036 4913 GracovIensem
1071 4839 1235 4932 pertinet
1278 4839 1320 4912 In
1348 4861 1417 4933 qua
1432 4846 1524 4914 sunt
1550 4861 1673 4916 novem
1699 4842 1793 4918 lanei
1819 4844 2079 4936 cmethonales;

509 4966 594 5038 item
624 4968 679 5036 est
705 4963 754 5036 ibi
781 4983 887 5039 unum
922 4961 1102 5054 praedium
1128 4962 1325 5055 episcopale
1351 4963 1484 5040 habena
1510 4984 1631 5056 agros,
1667 4963 1722 5038 de'
1747 4965 1873 5056 quous
1905 4969 2078 5042 omnibns

509 5085 658 5158 solvitur
684 5090 721 5157 et
747 5084 955 5158 conducitur
980 5072 1118 5156 'decima
1143 5083 1370 5178 maquularia
1396 5089 1434 5158 ct
1459 5085 1635 5178 campalis
1663 5105 1728 5178 pro
1755 5086 1903 5166 ecclesia
1931 5093 1971 5162 ct
2000 5090 2078 5182 ple-

509 5209 601 5280 bano
628 5207 665 5280 iu
691 5207 862 5298 Iszlza,
898 5211 935 5279 at
960 5206 1059 5297 valor
1085 5206 1161 5279 cius
1196 5205 1243 5280 ad
1268 5211 1348 5282 octo
1374 5225 1508 5285 marcas
1543 5207 1757 5284 aestimatur.
1797 5209 1887 5288 Item
1915 5231 1991 5285 nou
2020 5217 2079 5286 est

510 5329 559 5402 ibi
586 5328 765 5420 scotatio,
790 5350 860 5401 nou
887 5331 969 5410 aunt
993 5327 1172 5420 tabernae,
1198 5347 1311 5420 neqm
1336 5327 1566 5406 homulaaiac.

613 5447 876 5540 Pronoean,
911 5447 996 5522 villa
1021 5449 1087 5522 aab
1112 5447 1280 5540 parochia
1306 5447 1350 5525 de
1376 5447 1503 5522 Islza
1537 5449 1624 5542 sita,
1659 5449 1757 5528 cuius
1795 5452 2001 5544 proprietas
2029 5455 2079 5528 ad

511 5569 747 5662 episcopatum
775 5570 1038 5644 Oracovienacm
1056 5571 1220 5664 pertinet.
1259 5570 1300 5644 Iu
1319 5591 1388 5666 qua
1406 5574 1488 5644 suut
1505 5569 1685 5645 duodecim
1710 5571 1803 5644 lanei
1822 5575 2077 5667 cmetlronales,

511 5691 594 5765 item
621 5691 709 5767 duae
735 5693 912 5788 tabernae,
939 5713 1085 5788 quarum
1112 5691 1288 5789 quaelibet
1313 5693 1421 5770 habet
1437 5691 1575 5770 laneum
1602 5693 1774 5788 integrum
1801 5697 2000 5790 proprium,
2029 5698 2077 5772 de
