4550 6600
405 732 406 739 ’
535 724 609 797 438

637 927 911 1015 Wnnwroann,
938 925 1023 997 villa
1058 923 1121 996 sub
1157 927 1323 1015 parochia
1358 924 1524 999 ecclesiae
1558 925 1602 997 de
1632 926 1849 999 Zasszow
1875 926 1969 1015 sita,
1996 924 2082 997 cuins

533 1053 657 1123 haeres
684 1048 877 1119 Stanislans
905 1047 1228 1138 Thanczinsky
1259 1048 1396 1120 ratione
1422 1048 1551 1119 uxoris
1586 1048 1627 1119 ln
1654 1055 1723 1138 qua
1749 1052 1831 1119 sunt
1857 1044 2082 1139 quadraginta

534 1172 626 1242 lanei
653 1168 907 1261 emethonales,
929 1168 971 1239 de
1000 1169 1124 1259 quibus
1152 1168 1317 1259 solvitur,
1345 1169 1479 1239 decima
1503 1167 1685 1241 sertonalis
1711 1189 1776 1259 pro
1803 1169 1939 1239 decano
1968 1165 2083 1237 &aco

536 1293 657 1383 riensi,
685 1296 721 1362 ct
747 1312 880 1363 summa
905 1290 989 1361 facit
1016 1290 1134 1361 decem
1162 1311 1306 1361 mareas.
1333 1290 1422 1361 Item
1447 1291 1573 1361 haeres
1599 1290 1766 1381 depositis
1792 1290 1910 1362 trihus
1939 1287 2084 1358 emetha

536 1414 639 1486 nibus
666 1413 709 1484 de
736 1412 854 1503 laneis,
883 1412 1054 1484 convertit
1081 1432 1140 1485 eos
1167 1412 1202 1483 in
1229 1410 1434 1503 praediales‚
1461 1416 1498 1483 et
1519 1412 1664 1484 abstulit
1681 1412 1848 1483 decimam
1867 1432 1890 1482 a
1909 1409 2085 1497 decanatu,

489 1516 492 1521 ¹
536 1541 572 1606 et
600 1536 747 1606 decimat
773 1534 815 1604 de
843 1534 911 1605 illis
938 1511 1191 1624 praebendario
1218 1534 1255 1605 in
1281 1531 1472 1605 Zassow.

639 1656 815 1745 Borean,
843 1654 926 1727 villa
953 1655 1016 1726 sub
1035 1654 1202 1746 parochia
1220 1654 1263 1727 de
1280 1653 1466 1727 Zaasow
1492 1654 1570 1745 sita,
1588 1654 1685 1725 cuins
1704 1653 1795 1726 idem
1812 1654 1942 1725 haeres
1963 1650 2085 1722 Than-

536 1776 727 1867 ezinsky
754 1776 890 1847 ratione
917 1777 1045 1847 uxoris.
1084 1775 1125 1845 ln
1153 1796 1221 1867 qua
1246 1796 1371 1849 norem
1396 1776 1487 1847 lanei
1514 1776 1768 1867 emethonales‚
1797 1774 1839 1845 de
1866 1774 2000 1865 quibus
2027 1772 2086 1843 sol-

535 1899 630 1971 vitur
656 1898 788 1969 decima
814 1894 994 1969 fertonalis
1021 1896 1152 1969 decano
1180 1895 1411 1987 (hacoriensi²
1438 1898 1536 1969 euius
1549 1918 1698 1981 „summa
1723 1917 1846 1968 norem
1871 1894 2042 1966 fertones

639 2019 762 2108 Rozn,
789 2018 872 2091 villa
903 2019 967 2090 sub
995 2018 1162 2111 parochia
1188 2019 1231 2090 de
1257 2018 1286 2088 Z
1294 1994 1441 2091 asson
1467 2020 1552 2110 sita,
1579 2021 1676 2091 cuius
1702 2017 1869 2090 haeredes
1898 2016 2031 2107 plures,
2056 2022 2087 2086 et

536 2140 695 2234 undecim
722 2139 813 2210 lanei
841 2140 1082 2229 emethonales‚
1110 2140 1284 2211 solventes
1303 2140 1471 2210 decimam
1488 2140 1692 2213 fortunalem
1709 2140 1838 2211 decano
1857 2136 2086 2225 Oracoriensi,

536 2262 632 2333 euius
661 2282 794 2333 summa
819 2266 893 2333 tres
920 2280 1057 2333 marcae
1083 2260 1197 2331 minus
1219 2258 1366 2333 fertone.

1158 2486 1272 2560 Nova
1300 2486 1467 2559 Grvrnns.

640 2624 811 2717 Oppidum
838 2626 973 2716 regium
999 2626 1098 2696 iuxta
1123 2625 1264 2697 fluvium
1292 2625 1411 2697 Nida
1438 2625 1552 2717 situm,
1578 2625 1711 2696 hahens
1733 2624 1912 2695 eeclesiam
1930 2623 2085 2714 parochi-

537 2748 624 2819 alem
660 2748 826 2838 ligneam,
853 2747 1000 2819 Sanctae
1036 2746 1219 2819 Elisabeth
1254 2748 1380 2819 viduae
1416 2752 1452 2819 et
1486 2747 1615 2819 electae
1647 2746 1815 2835 dicatam,
1842 2746 1941 2818 cuius
1969 2746 2084 2816 uniens

536 2875 704 2959 patronus
740 2868 906 2940 Poloniae
941 2880 1029 2940 rex!
1053 2868 1170 2942 Habet
1205 2869 1254 2940 ihi
1289 2869 1436 2941 ecclesia
1466 2869 1643 2960 propriam
1671 2866 1806 2958 dotem,
1832 2867 2028 2957 pomerium
2052 2872 2084 2937 et

536 2990 684 3061 hortum.
716 2990 756 3061 ln
786 3012 852 3081 quo
881 2990 1018 3081 quidem
1047 2990 1175 3081 oppido
1202 2996 1283 3061 aunt
1308 2991 1400 3062 lanei
1426 2991 1693 3083 oppidanorum,
1719 2990 1763 3062 de
1789 2990 1915 3081 quihus
1942 2989 2084 3061 solritur

537 3117 573 3182 et
599 3111 802 3183 conducitur
828 3112 960 3183 decima
986 3112 1212 3203 manipularis
1239 3116 1274 3183 et
1300 3112 1476 3203 eanapahs
1502 3133 1566 3203 pro
1593 3112 1738 3184 ecelesia
1765 3113 1801 3183 in
1818 3111 1947 3183 Nora
1974 3110 2084 3182 (liri-

536 3236 643 3323 tate‚
671 3238 707 3303 et
733 3232 832 3306 valor
859 3234 1062 3307 aestimatur
1089 3234 1134 3307 ad
1155 3288 1304 3305 .....
1330 3234 1417 3306 Eius
1443 3239 1559 3307 rector
1585 3232 1714 3308 Paulus
1740 3233 1890 3306 Noeta
1917 3232 2082 3304 sacerdos

537 3354 624 3424 Item
652 3374 769 3425 omnes
797 3355 959 3446 oppidani
985 3355 1132 3447 praelati
1165 3357 1285 3448 oppidi
1311 3357 1451 3429 solvunt
1477 3349 1662 3449 mensalia,
1688 3357 1775 3428 alias
1800 3352 1953 3446 mbae,
1984 3354 2081 3427 eccle

537 3475 609 3545 siae
644 3475 834 3565 parochiali
869 3481 906 3547 et
940 3477 1089 3568 plebano
1123 3479 1160 3550 in
1187 3477 1270 3550 villa
1296 3477 1527 3570 Korezyn‚
1553 3484 1719 3570 tanquam
1745 3468 1902 3569 matrici,
1929 3483 1968 3548 et
1992 3477 2083 3548 valor

537 3597 739 3667 mensalium
767 3597 811 3668 ad
839 3651 846 3668 .
874 3653 882 3669 .
909 3599 1031 3670 ‚Item
1058 3605 1112 3671 est
1138 3600 1187 3672 ibi
1213 3600 1462 3671 monasterium
1488 3599 1635 3673 iratrnm
1662 3600 1842 3691 minorum,
1860 3599 1975 3671 latere
1992 3604 2080 3670 mmo

466 3791 468 3795 Α
537 3716 752 3810 fabricatum,
779 3721 875 3792 euius
902 3721 1133 3793 conditionem
1161 3726 1292 3793 statum
1319 3728 1355 3794 et
1382 3722 1588 3812 positionem
1615 3723 1650 3793 in
1679 3729 1834 3812 regestro
1862 3721 2079 3794 monasterio

536 3859 613 3910 rum
640 3841 839 3929 specialiter
864 3842 1118 3934 descripsimus,
1145 3843 1238 3935 quod
1265 3843 1402 3933 quidem
1419 3844 1555 3943 honori
1581 3843 1779 3915 Beatissimi
1805 3842 1974 3914 Stanislai
1998 3862 2079 3913 mar·
2135 3862 2140 3872 ·

535 3962 624 4050 tyris
659 3967 695 4032 et
730 3962 901 4052 pontilicis
928 3963 1178 4037 ¹Craeoviensis
1213 3965 1365 4036 dicatum
1400 3970 1464 4036 est.
1503 3965 1592 4038 Item
1623 3971 1679 4036 eat
1704 3964 1754 4037 ibi
1780 3966 1881 4037 iuxta
1908 3966 2077 4036 ecelesiam

536 4083 769 4169 parochialem
796 4085 968 4176 hospitale
995 4086 1219 4159 infirmorum.

982 4419 1227 4502 praebenda
1262 4421 1410 4502 Novae
1441 4420 1646 4503 Civitatis.

638 4689 705 4762 Eat
730 4691 828 4762 iuxta
854 4691 1016 4784 oppidum
1043 4691 1236 4783 praefatum
1264 4715 1327 4766 arx
1354 4695 1461 4786 regia,
1478 4715 1500 4766 a
1517 4693 1687 4766 (iasimiro
1705 4693 1858 4768 seeundo
1875 4716 1960 4786 rege
1978 4696 2075 4766 latere

536 4815 632 4882 cocto
672 4811 869 4905 aedificata,
898 4815 933 4884 in
961 4835 1029 4906 qua
1055 4819 1109 4886 est
1136 4815 1268 4907 capella
1292 4816 1401 4887 latere
1426 4816 1597 4888 fabricata
1623 4823 1659 4889 et
1684 4818 1809 4889 honori
1836 4816 1984 4888 Sanctae
2010 4816 2077 4887 Tri·

534 4931 655 5003 nitatis
682 4938 719 5004 et
745 4916 862 5005 Sancti
889 4933 1054 5006 Stanislai
1080 4938 1245 5028 martyris
1272 4937 1396 5028 dicata,
1423 4937 1466 5009 de
1492 4939 1719 5028 proventibus
1746 4939 1892 5010 alterius
1920 4939 2074 5009 ecelesiae

534 5053 570 5122 in
597 5052 798 5125 Korezin
836 5055 973 5148 dotata,
1001 5059 1097 5130 cuius
1133 5080 1224 5130 nunc
1259 5059 1531 5150 praebendarius
1558 5058 1709 5132 Jaoohus
1737 5059 2074 5148 Straehoczslrp

534 5171 577 5242 de
605 5173 706 5246 domo
734 5174 1036 5270 decipiemur,
1064 5179 1122 5269 qui
1148 5181 1256 5251 hahet
1281 5182 1456 5271 propriam
1484 5181 1622 5252 domum
1649 5182 1685 5252 in
1713 5186 1838 5271 castro,
1862 5187 1899 5254 et
1917 5200 2074 5273 expensas

535 5294 680 5383 singulis
707 5297 807 5369 annis
833 5303 906 5369 met
932 5300 1111 5391 secundus,
1140 5306 1176 5372 et
1200 5306 1340 5373 tenetur
1367 5303 1411 5374 ad
1437 5303 1619 5393 legendum
1638 5303 1784 5393 singulis
1802 5304 2005 5394 septimanis
2022 5359 2030 5372 .
2046 5354 2073 5370 ..

482 5495 484 5500 ¹
533 5413 581 5484 Et
606 5417 713 5489 habet
739 5418 896 5510 praefata
922 5422 1121 5511 praebenda
1147 5401 1385 5514 infrascriptos
1411 5430 1602 5514 proventus
1627 5431 1663 5496 et
1689 5425 1850 5497 decimas.

639 5535 883 5633 (inornrrnnr²
911 5543 993 5614 villa
1019 5545 1083 5615 sub
1110 5546 1277 5635 parochia
1296 5545 1345 5616 -de
1363 5545 1490 5618 Nova
1516 5545 1727 5619 Ciuitate
1754 5549 1830 5619 sita
1857 5548 1898 5618 In
1918 5569 1987 5638 qua
2003 5551 2073 5618 snut

366 5711 369 5716 .
483 5749 488 5755 1
534 5653 625 5726 lanei
654 5661 887 5733 emethonales
934 5664 1128 5755 dequibus
1166 5667 1312 5739 solvitur
1343 5674 1379 5738 et
1406 5667 1610 5740 conducitur
1636 5659 1768 5741 decima
1794 5670 2019 5760 manipularis
2041 5672 2073 5738 et
