4550 6600
567 957 725 1028 Ecclesia
751 955 783 1027 S.
810 954 945 1026 Mariae
973 955 1183 1046 parochialis
1210 956 1245 1026 iu
1277 954 1524 1045 Cracovia,
1551 956 1648 1026 cuius
1675 955 1802 1026 chorus
1829 955 1967 1043 nobilis,
1996 977 2020 1026 a

463 1078 794 1149 Wierznikone
821 1077 929 1148 nobili
956 1077 999 1148 de
1026 1075 1127 1147 domo
1147 1131 1155 1146 .
1173 1131 1181 1146 .
1200 1131 1208 1146 .
1227 1131 1262 1164 .„
1289 1084 1442 1165 murata,
1470 1096 1596 1166 corpus
1623 1096 1706 1146 vero
1733 1097 1776 1148 cx
1804 1075 2014 1166 elemosynis

463 1205 662 1289 sumptuose
689 1199 799 1268 latere
826 1197 1049 1285 fabricatum,
1077 1197 1183 1267 lrabet
1209 1197 1375 1268 circulum
1403 1198 1603 1268 uuiversum
1630 1203 1666 1267 et
1692 1197 1844 1286 plateam
1872 1195 1905 1267 S.
1932 1197 2018 1266 Flo-

463 1322 554 1392 riani
582 1321 646 1392 sub
674 1319 840 1410 parochia
868 1340 946 1408 sua,
984 1319 1080 1388 cuius
1107 1325 1292 1408 patronum
1331 1326 1492 1388 asserunt
1518 1339 1556 1388 se
1583 1319 1825 1389 serenissimus
1851 1317 2019 1388 Polouiae

460 1463 542 1529 rex3
569 1441 751 1531 episeopus
779 1447 894 1511 autem
922 1437 1160 1510 cracoviensis
1196 1440 1302 1510 etiam
1330 1441 1458 1510 asserit
1485 1460 1522 1510 se
1548 1439 1686 1510 unicum
1724 1439 1818 1510 illius
1847 1438 2016 1510 eeclesiae

462 1563 672 1652 collatorem,
700 1563 795 1633 cuius
823 1581 913 1632 nunc
940 1561 1106 1650 plebanus
1126 1614 1241 1630 .....
1268 1559 1527 1650 Szworcziurga
1553 1559 1596 1630 de
1615 1559 1857 1648 eracovia,
1888 1559 2018 1630 nobilis

464 1683 636 1754 dedomo
656 1737 797 1753 ......

537 1873 541 1882 ,
569 1803 836 1892 Bauuowrczn‚
864 1802 946 1873 villa
973 1802 1037 1873 sub
1064 1801 1231 1891 parochia
1257 1800 1289 1871 S.
1317 1801 1453 1872 Mariae
1480 1802 1516 1872 in
1543 1800 1773 1872 Gracoria
1799 1801 1881 1891 sita,
1918 1801 2018 1871 cuius

464 1925 659 2014 proprietas
687 1930 723 1995 et
749 1924 938 1995 dominium
965 1923 1010 1993 ad
1037 1921 1222 2012 plebanum
1250 1921 1282 1992 S.
1309 1922 1444 1994 Mariae
1471 1923 1508 1992 in
1535 1922 1763 1994 Oracovia
1789 1923 1951 2012 pertinet,
1979 1922 2016 1992 iu

462 2065 530 2134 qua
557 2050 637 2116 suut
663 2045 812 2116 sedecim
840 2043 932 2114 lanei
959 2042 1212 2132 cmcthonales,
1239 2049 1275 2114 et
1302 2043 1448 2133 quilibet
1474 2043 1518 2114 de
1545 2043 1648 2114 laneo
1676 2043 1781 2114 solvit
1807 2043 1954 2133 plebano
1981 2041 2016 2112 S.

461 2165 595 2236 Mariae
623 2166 658 2236 in
686 2165 914 2236 Gracovia
949 2163 1098 2234 sedecim
1132 2164 1224 2235 latos
1258 2186 1400 2254 grossos
1428 2187 1492 2255 pro
1520 2185 1635 2236 annuo
1662 2185 1767 2236 censu
1802 2171 1839 2234 et
1865 2169 2015 2254 quatuor

461 2305 640 2355 mensuras
666 2285 793 2374 tritici,
821 2287 970 2374 quatuor
996 2283 1144 2374 siliginis
1170 2290 1207 2355 et
1233 2290 1381 2374 quatuor
1407 2305 1548 2358 avenae.
1591 2285 1680 2356 Item
1707 2291 1762 2356 est
1787 2283 1948 2354 scoltetia
1975 2285 2013 2354 in

463 2405 583 2474 eadem
611 2405 706 2495 villa,
734 2405 866 2475 habens
894 2425 1015 2494 agros,
1052 2404 1095 2474 de
1123 2405 1248 2494 quibus
1275 2405 1368 2476 cedit
1394 2406 1528 2477 decima
1553 2406 1779 2496 manipularis
1806 2405 1954 2495 plebano
1981 2403 2016 2474 S.

462 2524 599 2596 Mariae
625 2525 660 2596 in
687 2524 935 2614 Gracovia;
960 2527 1044 2596 item
1072 2526 1178 2596 habet
1197 2527 1245 2597 ibi
1263 2527 1431 2616 plebanus
1458 2527 1638 2616 praedium
1661 2528 1839 2616 proprium
1867 2526 1910 2597 de
1929 2526 2016 2596 duo·

462 2645 527 2715 bus
554 2645 672 2734 laneis,
699 2647 780 2716 item
809 2651 862 2716 est
880 2646 937 2726 ,ibi
964 2646 1196 2717 molendinum
1225 2647 1370 2736 scolteti,
1398 2647 1442 2718 ad
1461 2647 1552 2737 quod
1570 2647 1647 2718 fluit
1672 2647 1798 2718 ilarius
1824 2647 2016 2736 Dlubuia,

462 2769 499 2834 et
525 2764 614 2836 alter
639 2765 763 2838 fluvius
790 2765 903 2837 dictus
931 2745 1147 2856 Sadame,
1184 2767 1243 2856 qui
1269 2768 1441 2856 praeterit
1468 2767 1585 2838 villam
1612 2767 1934 2856 Bruuowicze‚
1968 2765 2016 2836 ad

463 2905 549 2974 quos
576 2885 741 2958 scoltetus
768 2886 875 2958 habet
893 2939 1029 2956 ......

355 3087 362 3100 Ι
565 3005 856 3094 Marmarion,
884 3005 969 3075 rilla
995 3005 1059 3075 sub
1086 3006 1253 3094 parochia
1279 3005 1322 3076 de
1341 3060 1482 3078 ......
1510 3009 1586 3098 sita,
1613 3009 1649 3079 in
1677 3029 1745 3099 qua
1771 3013 1852 3080 sunt
1871 3061 2014 3080 ......

408 3114 410 3119 ’
461 3125 549 3196 Item
576 3131 658 3196 sunt
683 3126 733 3196 ibi
759 3125 904 3214 praedia
930 3125 1122 3196 militaria.
1142 3179 1203 3214 ..‚
1231 3127 1274 3196 dc
1302 3128 1427 3217 quibus
1454 3128 1601 3218 solvitur
1628 3130 1761 3201 decima
1786 3129 2011 3220 manipularis
2114 3143 2120 3156 ·

463 3249 499 3314 et
512 3244 687 3334 canapalis
702 3243 868 3315 ecelesiae
883 3243 915 3315 S.
930 3243 1064 3317 Mariae
1080 3246 1115 3317 iu
1131 3244 1377 3339 cracovia,
1396 3255 1432 3320 et
1445 3222 1632 3321 valoreius
1645 3249 1849 3323 aestimatur
1863 3251 1907 3323 ad
1925 3306 1933 3321 .
1952 3305 1959 3320 .
1977 3304 1986 3320 .
2004 3304 2013 3321 .

566 3364 831 3453 Bosszurnow‚
859 3364 942 3435 villa
969 3366 1033 3437 sub
1060 3368 1226 3457 parochia
1253 3367 1295 3438 de
1324 3368 1746 3459 Wyanczslawieze
1773 3372 1854 3462 sita,
1881 3372 1917 3441 iu
1944 3391 2013 3461 qua

462 3490 544 3557 aunt
569 3484 659 3555 lanei
686 3485 939 3576 emethonales,
967 3486 1009 3557 de
1038 3488 1162 3576 quibus
1190 3489 1337 3561 solvitur
1365 3491 1499 3563 decima
1525 3492 1749 3583 manipularis
1776 3499 1812 3565 ct
1839 3493 2012 3582 canapalis

461 3606 679 3696 praebendae
706 3604 937 3695 (lracovienst
967 3629 1054 3697 quae
1081 3608 1208 3681 dicitur
1236 3610 1520 3701 Boszutlrowslra3
1546 3588 1730 3685 de’tribus
1758 3621 1874 3707 autem
1900 3614 2009 3685 laneis

463 3727 609 3803 solvitur
636 3728 769 3801 decima
795 3728 1021 3819 manipularis
1058 3730 1239 3803 alternatis
1267 3734 1366 3803 annis
1394 3739 1430 3805 ct
1457 3734 1591 3806 vicibus
1623 3736 1789 3808 ecclesiae
1816 3736 1849 3807 S.
1876 3733 2010 3807 Mariae

229 3866 233 3875 ·
347 3910 353 3924 .
461 3850 497 3921 iu
525 3848 766 3941 G'raoovia‚
794 3856 830 3921 et
857 3850 955 3923 valor
982 3851 1056 3923 eius
1083 3854 1289 3925 aestimatur
1315 3855 1360 3925 ad
1379 3908 1493 3927 .....

565 3970 859 4061 Szmouowuczr.‚
894 3972 978 4043 villa
1004 3974 1068 4044 sub
1096 3975 1264 4064 parochia
1289 3975 1332 4047 de
1359 3976 1763 4050 Wroczimowicze
1789 3980 1875 4069 sita,
1913 3979 2010 4051 cuius

460 4090 658 4181 proprietas
684 4090 729 4160 ad
755 4091 944 4180 capitulum
971 4090 1200 4165 Graooviense
1226 4096 1397 4185 pertinet,
1432 4098 1468 4167 in
1496 4120 1564 4188 qua
1590 4106 1671 4171 sunt
1697 4108 1776 4173 octo
1803 4102 1894 4173 lanei
1920 4120 2010 4172 cme-

460 4210 630 4297 thonales‚
657 4210 740 4280 item
767 4211 915 4283 taberna
932 4232 1011 4301 uua,
1037 4213 1170 4283 habens
1197 4234 1310 4304 agros,
1337 4216 1420 4287 item
1446 4219 1639 4291 ortulaniae
1666 4229 1825 4312 quatuor,
1841 4224 2011 4295 babentes

461 4348 574 4419 agros,
601 4330 644 4401 de
671 4330 796 4421 quibus
824 4332 981 4404 omuibus
1001 4332 1149 4404 solvitur
1167 4340 1202 4405 et
1220 4334 1424 4423 conducitur
1450 4338 1582 4411 decima
1608 4342 1835 4433 manipularis
1854 4350 1890 4415 et
1907 4365 2009 4415 cana-

463 4449 554 4539 palis
579 4451 745 4523 ecclesiae
772 4450 805 4523 S.
832 4452 967 4525 Mariae
995 4454 1030 4524 iu
1058 4452 1303 4547 Oracovia,
1330 4463 1367 4529 et
1392 4460 1489 4531 valor
1515 4463 1590 4533 eius
1618 4464 1823 4537 aestimatur
1848 4465 1893 4537 ad

567 4568 830 4663 Onezowuezm
857 4573 940 4643 villa
966 4573 1030 4645 sub
1057 4575 1224 4664 parochia
1250 4576 1293 4647 de
1312 4632 1319 4647 .
1338 4632 1346 4647 .
1365 4632 1399 4649 ..
1425 4581 1512 4671 sita,
1547 4582 1583 4653 iu
1610 4604 1678 4673 qua
1704 4591 1786 4657 arunt
1803 4640 1812 4655 .
1831 4640 1838 4656 .
1857 4640 1891 4657 ..
1918 4586 2009 4658 lanei

461 4692 713 4783 cmethonales‚
749 4692 792 4763 de
820 4694 944 4784 quibus
972 4695 1130 4767 omuibus
1158 4697 1305 4769 solvitur
1331 4705 1368 4771 et
1395 4702 1599 4775 conducitur
1626 4703 1759 4777 decima
1784 4708 2008 4798 manipularis

461 4818 496 4883 et
510 4814 683 4904 eauapalis
697 4812 863 4886 ecclesiae
878 4814 910 4885 S.
925 4814 1060 4887 Mariae
1087 4816 1122 4887 iu
1138 4815 1280 4890 Craco
1291 4843 1312 4892 v
1322 4822 1378 4911 ia,
1393 4830 1429 4893 et
1442 4823 1540 4895 valor
1554 4826 1627 4895 eius
1642 4828 1845 4900 aestimatur
1859 4829 1903 4899 ad
1921 4884 1929 4899 .
1948 4884 1956 4899 .
1974 4884 1982 4897 .
2000 4884 2008 4898 .

563 4935 820 5026 Yaurowrczs‚
847 4934 931 5005 villa
957 4937 1021 5009 sub
1048 4939 1214 5027 parocbia
1239 4942 1405 5013 ccclesiae
1431 4944 1474 5015 de
1493 4998 1501 5014 .
1521 5000 1528 5014 .
1546 5000 1554 5015 .
1573 5000 1608 5035 .‚
1648 4947 1684 5017 in
1712 4970 1781 5038 qua
1807 4956 1890 5021 sunt
1916 4950 2007 5021 lanei

459 5054 711 5146 cmethonaleS,
747 5056 790 5127 de
817 5056 941 5144 quibus
969 5058 1128 5129 omuibus
1156 5059 1304 5133 solvitur
1330 5068 1367 5133 et
1393 5065 1597 5136 conducitur
1623 5065 1757 5138 decima
1782 5070 2008 5160 manipularis

459 5180 494 5245 et
509 5175 682 5263 canapalis
697 5176 863 5247 ecclesiae
876 5174 909 5246 S.
923 5175 1058 5248 Mariae
1073 5178 1108 5248 in
1123 5177 1318 5254 Oracovi
1328 5204 1368 5271 a,
1383 5190 1419 5255 et
1432 5186 1531 5257 valor
1545 5187 1619 5257 eius
1633 5190 1841 5260 aestimatur
1853 5190 1898 5261 ad
1917 5246 1925 5261 .
1944 5246 1952 5259 .
1973 5244 1981 5260 .
2000 5246 2007 5260 .

562 5294 712 5366 Macella
737 5296 808 5367 tria
834 5298 1031 5369 carnificum
1060 5300 1095 5371 iu
1123 5300 1370 5393 (draconis,
1397 5306 1440 5376 de
1467 5307 1624 5395 quolibet
1649 5309 1833 5381 solvuntur
1858 5311 2006 5401 plebano

459 5413 491 5485 S.
517 5414 653 5487 Mariae
680 5416 716 5487 in
743 5416 970 5491 Oracovia
996 5442 1059 5509 pro
1087 5443 1202 5495 annuo
1229 5446 1335 5496 ceusu
1362 5426 1450 5499 duae
1477 5448 1622 5499 marcae.

562 5534 736 5608 Summum
771 5539 883 5611 altare
909 5541 944 5611 iu
971 5542 1128 5630 praefata
1162 5546 1308 5617 ecclesia
1334 5546 1367 5617 S.
1394 5546 1529 5619 Mariae
1563 5550 1600 5619 in
1636 5549 1865 5625 Gracovia
1900 5556 2005 5627 situm

458 5661 496 5727 et
519 5654 759 5747 assumptioni
784 5659 818 5731 S.
843 5660 980 5733 Mariae
1006 5663 1169 5753 dicatum,
1196 5666 1294 5736 euius
1320 5666 1481 5739 altarista
1505 5668 1685 5743 Jobaunes
1709 5673 2007 5769 Byechowsky‚
