<?xml version="1.0" encoding="UTF-8"?>
<!DOCTYPE html PUBLIC "-//W3C//DTD XHTML 1.0 Transitional//EN"
    "http://www.w3.org/TR/xhtml1/DTD/xhtml1-transitional.dtd">
<html xmlns="http://www.w3.org/1999/xhtml" xml:lang="en" lang="en">
 <head>
  <title>
</title>
<meta http-equiv="Content-Type" content="text/html;charset=utf-8" />
  <meta name='ocr-system' content='tesseract 3.04.00' />
  <meta name='ocr-capabilities' content='ocr_page ocr_carea ocr_par ocr_line ocrx_word'/>
</head>
<body>
  <div class='ocr_page' id='page_1' title='image "./operaomnia03paulgoog_0468.png"; bbox 0 0 4550 6600; ppageno 0'>
   <div class='ocr_carea' id='block_1_1' title="bbox 1681 768 1834 849">
    <p class='ocr_par' dir='ltr' id='par_1_1' title="bbox 1681 768 1834 849">
     <span class='ocr_line' id='line_1_1' title="bbox 1681 768 1834 849; baseline 0.013 -4"><span class='ocrx_word' id='word_1_1' title='bbox 1681 768 1756 849; x_wconf 74' lang='lat' dir='ltr'>tta</span> <span class='ocrx_word' id='word_1_2' title='bbox 1828 804 1834 813; x_wconf 63' lang='lat'><strong><em>¹</em></strong></span> 
     </span>
    </p>
   </div>
   <div class='ocr_carea' id='block_1_2' title="bbox 201 972 1662 1075">
    <p class='ocr_par' dir='ltr' id='par_1_2' title="bbox 201 972 1760 1075">
     <span class='ocr_line' id='line_1_2' title="bbox 201 972 1662 1075; baseline 0.001 -27"><span class='ocrx_word' id='word_1_3' title='bbox 201 978 237 1049; x_wconf 86' lang='lat' dir='ltr'>ct</span> <span class='ocrx_word' id='word_1_4' title='bbox 264 973 444 1065; x_wconf 90' lang='lat' dir='ltr'>canapalis</span> <span class='ocrx_word' id='word_1_5' title='bbox 471 994 536 1064; x_wconf 90' lang='lat' dir='ltr'>pro</span> <span class='ocrx_word' id='word_1_6' title='bbox 562 973 709 1045; x_wconf 87' lang='lat' dir='ltr'>ecclesia</span> <span class='ocrx_word' id='word_1_7' title='bbox 735 972 771 1047; x_wconf 88' lang='lat' dir='ltr'>in</span> <span class='ocrx_word' id='word_1_8' title='bbox 798 973 1067 1065; x_wconf 87' lang='lat' dir='ltr'>Paczanow,</span> <span class='ocrx_word' id='word_1_9' title='bbox 1095 979 1131 1047; x_wconf 88' lang='lat' dir='ltr'>et</span> <span class='ocrx_word' id='word_1_10' title='bbox 1157 976 1256 1048; x_wconf 86' lang='lat' dir='ltr'>valor</span> <span class='ocrx_word' id='word_1_11' title='bbox 1281 976 1357 1047; x_wconf 88' lang='lat' dir='ltr'>eins</span> <span class='ocrx_word' id='word_1_12' title='bbox 1383 976 1590 1075; x_wconf 84' lang='lat' dir='ltr'>aestimatur</span> <span class='ocrx_word' id='word_1_13' title='bbox 1616 977 1662 1050; x_wconf 91' lang='lat' dir='ltr'>ad</span> 
     </span>
    </p>
   </div>
   <div class='ocr_carea' id='block_1_3' title="bbox 202 1095 1869 1188">
    <p class='ocr_par' dir='ltr' id='par_1_3' title="bbox 202 1095 1869 1188">
     <span class='ocr_line' id='line_1_3' title="bbox 202 1095 1869 1188; baseline 0.005 -19"><span class='ocrx_word' id='word_1_14' title='bbox 202 1096 288 1169; x_wconf 87' lang='lat' dir='ltr'>ltem</span> <span class='ocrx_word' id='word_1_15' title='bbox 318 1096 463 1168; x_wconf 91' lang='lat' dir='ltr'>suntin</span> <span class='ocrx_word' id='word_1_16' title='bbox 490 1095 611 1168; x_wconf 89' lang='lat' dir='ltr'>eodem</span> <span class='ocrx_word' id='word_1_17' title='bbox 647 1095 775 1187; x_wconf 92' lang='lat' dir='ltr'>oppido</span> <span class='ocrx_word' id='word_1_18' title='bbox 811 1096 879 1171; x_wconf 91' lang='lat' dir='ltr'>duo</span> <span class='ocrx_word' id='word_1_19' title='bbox 906 1098 1051 1188; x_wconf 86' lang='lat' dir='ltr'>praedia</span> <span class='ocrx_word' id='word_1_20' title='bbox 1077 1099 1262 1188; x_wconf 87' lang='lat' dir='ltr'>militaria,</span> <span class='ocrx_word' id='word_1_21' title='bbox 1298 1120 1403 1171; x_wconf 88' lang='lat' dir='ltr'>unum</span> <span class='ocrx_word' id='word_1_22' title='bbox 1430 1098 1576 1174; x_wconf 89' lang='lat' dir='ltr'>duorum</span> <span class='ocrx_word' id='word_1_23' title='bbox 1610 1101 1758 1177; x_wconf 81' lang='lat' dir='ltr'><strong>fratrum</strong></span> <span class='ocrx_word' id='word_1_24' title='bbox 1867 1157 1869 1160; x_wconf 91' lang='lat'>-</span> 
     </span>
    </p>
   </div>
   <div class='ocr_carea' id='block_1_4' title="bbox 203 1216 1758 1684">
    <p class='ocr_par' dir='ltr' id='par_1_4' title="bbox 203 1216 1758 1684">
     <span class='ocr_line' id='line_1_4' title="bbox 205 1216 1758 1318; baseline 0.005 -27"><span class='ocrx_word' id='word_1_25' title='bbox 205 1218 376 1291; x_wconf 83' lang='lat' dir='ltr'>videlicet:</span> <span class='ocrx_word' id='word_1_26' title='bbox 395 1216 493 1289; x_wconf 90' lang='lat' dir='ltr'>Petri</span> <span class='ocrx_word' id='word_1_27' title='bbox 512 1222 548 1290; x_wconf 89' lang='lat' dir='ltr'>et</span> <span class='ocrx_word' id='word_1_28' title='bbox 563 1216 722 1309; x_wconf 75' lang='lat' dir='ltr'><strong>Floriani</strong></span> <span class='ocrx_word' id='word_1_29' title='bbox 739 1240 993 1312; x_wconf 87' lang='lat' dir='ltr'>germanorum,</span> <span class='ocrx_word' id='word_1_30' title='bbox 1016 1221 1112 1296; x_wconf 93' lang='lat' dir='ltr'>aliud</span> <span class='ocrx_word' id='word_1_31' title='bbox 1129 1220 1277 1312; x_wconf 87' lang='lat' dir='ltr'>praelati</span> <span class='ocrx_word' id='word_1_32' title='bbox 1296 1220 1394 1293; x_wconf 85' lang='lat' dir='ltr'>Petri</span> <span class='ocrx_word' id='word_1_33' title='bbox 1411 1221 1553 1293; x_wconf 84' lang='lat' dir='ltr'>Sanun</span> <span class='ocrx_word' id='word_1_34' title='bbox 1564 1223 1758 1318; x_wconf 80' lang='lat' dir='ltr'>ignyew·</span> 
     </span>
     <span class='ocr_line' id='line_1_5' title="bbox 203 1337 1758 1437; baseline 0.005 -25"><span class='ocrx_word' id='word_1_35' title='bbox 203 1342 284 1432; x_wconf 86' lang='lat' dir='ltr'>sky</span> <span class='ocrx_word' id='word_1_36' title='bbox 312 1340 356 1411; x_wconf 88' lang='lat' dir='ltr'>de</span> <span class='ocrx_word' id='word_1_37' title='bbox 384 1340 515 1412; x_wconf 86' lang='lat' dir='ltr'>eisdem</span> <span class='ocrx_word' id='word_1_38' title='bbox 540 1341 646 1413; x_wconf 88' lang='lat' dir='ltr'>armis</span> <span class='ocrx_word' id='word_1_39' title='bbox 674 1337 885 1433; x_wconf 86' lang='lat' dir='ltr'>Gelitha,</span> <span class='ocrx_word' id='word_1_40' title='bbox 913 1344 956 1417; x_wconf 91' lang='lat' dir='ltr'>de</span> <span class='ocrx_word' id='word_1_41' title='bbox 984 1344 1109 1437; x_wconf 86' lang='lat' dir='ltr'>quibus</span> <span class='ocrx_word' id='word_1_42' title='bbox 1136 1345 1296 1417; x_wconf 91' lang='lat' dir='ltr'>omnibns</span> <span class='ocrx_word' id='word_1_43' title='bbox 1323 1343 1471 1416; x_wconf 89' lang='lat' dir='ltr'>solvitur</span> <span class='ocrx_word' id='word_1_44' title='bbox 1497 1344 1632 1417; x_wconf 85' lang='lat' dir='ltr'>decima</span> <span class='ocrx_word' id='word_1_45' title='bbox 1648 1349 1758 1420; x_wconf 91' lang='lat' dir='ltr'>mani-</span> 
     </span>
     <span class='ocr_line' id='line_1_6' title="bbox 203 1462 1758 1563; baseline 0.006 -30"><span class='ocrx_word' id='word_1_46' title='bbox 203 1462 334 1554; x_wconf 85' lang='lat' dir='ltr'>pularis</span> <span class='ocrx_word' id='word_1_47' title='bbox 361 1466 434 1534; x_wconf 88' lang='lat' dir='ltr'>tam</span> <span class='ocrx_word' id='word_1_48' title='bbox 461 1462 504 1535; x_wconf 87' lang='lat' dir='ltr'>de</span> <span class='ocrx_word' id='word_1_49' title='bbox 533 1482 683 1555; x_wconf 86' lang='lat' dir='ltr'>canapo,</span> <span class='ocrx_word' id='word_1_50' title='bbox 711 1463 803 1537; x_wconf 86' lang='lat' dir='ltr'>sicut</span> <span class='ocrx_word' id='word_1_51' title='bbox 829 1464 872 1537; x_wconf 89' lang='lat' dir='ltr'>de</span> <span class='ocrx_word' id='word_1_52' title='bbox 898 1465 988 1557; x_wconf 87' lang='lat' dir='ltr'>lino,</span> <span class='ocrx_word' id='word_1_53' title='bbox 1024 1467 1114 1539; x_wconf 88' lang='lat' dir='ltr'>sicut</span> <span class='ocrx_word' id='word_1_54' title='bbox 1139 1473 1177 1540; x_wconf 90' lang='lat' dir='ltr'>et</span> <span class='ocrx_word' id='word_1_55' title='bbox 1202 1467 1246 1540; x_wconf 92' lang='lat' dir='ltr'>de</span> <span class='ocrx_word' id='word_1_56' title='bbox 1272 1466 1351 1539; x_wconf 90' lang='lat' dir='ltr'>aliis</span> <span class='ocrx_word' id='word_1_57' title='bbox 1377 1466 1562 1563; x_wconf 74' lang='lat' dir='ltr'>Frumentis</span> <span class='ocrx_word' id='word_1_58' title='bbox 1593 1469 1758 1543; x_wconf 87' lang='lat' dir='ltr'>ecclesiae</span> 
     </span>
     <span class='ocr_line' id='line_1_7' title="bbox 203 1584 1757 1684; baseline 0.005 -27"><span class='ocrx_word' id='word_1_59' title='bbox 203 1590 239 1657; x_wconf 91' lang='lat' dir='ltr'>et</span> <span class='ocrx_word' id='word_1_60' title='bbox 264 1584 416 1676; x_wconf 83' lang='lat' dir='ltr'>plebano</span> <span class='ocrx_word' id='word_1_61' title='bbox 445 1584 480 1656; x_wconf 93' lang='lat' dir='ltr'>in</span> <span class='ocrx_word' id='word_1_62' title='bbox 507 1584 768 1677; x_wconf 88' lang='lat' dir='ltr'>Paczanow‚</span> <span class='ocrx_word' id='word_1_63' title='bbox 796 1591 832 1659; x_wconf 91' lang='lat' dir='ltr'>et</span> <span class='ocrx_word' id='word_1_64' title='bbox 856 1588 956 1659; x_wconf 86' lang='lat' dir='ltr'>valor</span> <span class='ocrx_word' id='word_1_65' title='bbox 983 1588 1058 1661; x_wconf 86' lang='lat' dir='ltr'>eius</span> <span class='ocrx_word' id='word_1_66' title='bbox 1085 1590 1129 1661; x_wconf 91' lang='lat' dir='ltr'>ad</span> <span class='ocrx_word' id='word_1_67' title='bbox 1149 1644 1287 1661; x_wconf 87' lang='grc'><strong>......</strong></span> <span class='ocrx_word' id='word_1_68' title='bbox 1313 1589 1402 1661; x_wconf 89' lang='lat' dir='ltr'>Item</span> <span class='ocrx_word' id='word_1_69' title='bbox 1429 1589 1473 1661; x_wconf 92' lang='lat' dir='ltr'>de</span> <span class='ocrx_word' id='word_1_70' title='bbox 1499 1589 1630 1663; x_wconf 88' lang='lat' dir='ltr'>eisdem</span> <span class='ocrx_word' id='word_1_71' title='bbox 1657 1613 1757 1684; x_wconf 89' lang='lat' dir='ltr'>prae-</span> 
     </span>
    </p>
   </div>
   <div class='ocr_carea' id='block_1_5' title="bbox 204 1697 1908 1806">
    <p class='ocr_par' dir='ltr' id='par_1_5' title="bbox 204 1697 1908 1806">
     <span class='ocr_line' id='line_1_8' title="bbox 204 1697 1908 1806; baseline 0.004 -26"><span class='ocrx_word' id='word_1_72' title='bbox 204 1707 269 1781; x_wconf 91' lang='lat' dir='ltr'>diis</span> <span class='ocrx_word' id='word_1_73' title='bbox 296 1712 463 1779; x_wconf 88' lang='lat' dir='ltr'>tenentur</span> <span class='ocrx_word' id='word_1_74' title='bbox 490 1708 659 1783; x_wconf 88' lang='lat' dir='ltr'>haeredes</span> <span class='ocrx_word' id='word_1_75' title='bbox 693 1708 777 1781; x_wconf 87' lang='lat' dir='ltr'>dare</span> <span class='ocrx_word' id='word_1_76' title='bbox 804 1709 952 1800; x_wconf 82' lang='lat' dir='ltr'>plebano</span> <span class='ocrx_word' id='word_1_77' title='bbox 989 1710 1159 1784; x_wconf 87' lang='lat' dir='ltr'>decimum</span> <span class='ocrx_word' id='word_1_78' title='bbox 1185 1732 1340 1802; x_wconf 85' lang='lat' dir='ltr'>caseum,</span> <span class='ocrx_word' id='word_1_79' title='bbox 1377 1712 1547 1785; x_wconf 88' lang='lat' dir='ltr'>decimum</span> <span class='ocrx_word' id='word_1_80' title='bbox 1574 1714 1757 1806; x_wconf 81' lang='lat' dir='ltr'>agnellum,</span> <span class='ocrx_word' id='word_1_81' title='bbox 1904 1697 1908 1704; x_wconf 68' lang='grc'><strong>’</strong></span> 
     </span>
    </p>
   </div>
   <div class='ocr_carea' id='block_1_6' title="bbox 204 1829 1764 2784">
    <p class='ocr_par' dir='ltr' id='par_1_6' title="bbox 204 1829 1758 2535">
     <span class='ocr_line' id='line_1_9' title="bbox 204 1829 1757 1928; baseline 0.005 -27"><span class='ocrx_word' id='word_1_82' title='bbox 204 1829 372 1903; x_wconf 90' lang='lat' dir='ltr'>decimum</span> <span class='ocrx_word' id='word_1_83' title='bbox 399 1830 598 1920; x_wconf 75' lang='lat' dir='ltr'>porcellum,</span> <span class='ocrx_word' id='word_1_84' title='bbox 624 1830 713 1904; x_wconf 83' lang='lat' dir='ltr'><strong>Item</strong></span> <span class='ocrx_word' id='word_1_85' title='bbox 739 1831 783 1905; x_wconf 93' lang='lat' dir='ltr'>de</span> <span class='ocrx_word' id='word_1_86' title='bbox 809 1831 952 1905; x_wconf 84' lang='lat' dir='ltr'>lacubus</span> <span class='ocrx_word' id='word_1_87' title='bbox 979 1832 1077 1905; x_wconf 89' lang='lat' dir='ltr'>Petri</span> <span class='ocrx_word' id='word_1_88' title='bbox 1103 1834 1528 1926; x_wconf 79' lang='lat' dir='ltr'>Sanczignyewslry</span> <span class='ocrx_word' id='word_1_89' title='bbox 1555 1834 1659 1907; x_wconf 88' lang='lat' dir='ltr'>datur</span> <span class='ocrx_word' id='word_1_90' title='bbox 1685 1836 1757 1928; x_wconf 86' lang='lat' dir='ltr'>ple-</span> 
     </span>
     <span class='ocr_line' id='line_1_10' title="bbox 204 1950 1758 2049; baseline 0.003 -24"><span class='ocrx_word' id='word_1_91' title='bbox 204 1954 291 2025; x_wconf 92' lang='lat' dir='ltr'>bano</span> <span class='ocrx_word' id='word_1_92' title='bbox 318 1950 473 2028; x_wconf 89' lang='lat' dir='ltr'>decimus</span> <span class='ocrx_word' id='word_1_93' title='bbox 500 1952 615 2044; x_wconf 88' lang='lat' dir='ltr'>piscis.</span> <span class='ocrx_word' id='word_1_94' title='bbox 659 1954 748 2025; x_wconf 92' lang='lat' dir='ltr'>Item</span> <span class='ocrx_word' id='word_1_95' title='bbox 783 1954 890 2027; x_wconf 90' lang='lat' dir='ltr'>babet</span> <span class='ocrx_word' id='word_1_96' title='bbox 915 1955 1084 2047; x_wconf 90' lang='lat' dir='ltr'>plebanus</span> <span class='ocrx_word' id='word_1_97' title='bbox 1120 1957 1156 2027; x_wconf 92' lang='lat' dir='ltr'>in</span> <span class='ocrx_word' id='word_1_98' title='bbox 1184 1957 1304 2029; x_wconf 92' lang='lat' dir='ltr'>eodem</span> <span class='ocrx_word' id='word_1_99' title='bbox 1340 1957 1467 2049; x_wconf 94' lang='lat' dir='ltr'>oppido</span> <span class='ocrx_word' id='word_1_100' title='bbox 1500 1957 1569 2031; x_wconf 90' lang='lat' dir='ltr'>duo</span> <span class='ocrx_word' id='word_1_101' title='bbox 1605 1958 1758 2049; x_wconf 76' lang='lat' dir='ltr'>macella</span> 
     </span>
     <span class='ocr_line' id='line_1_11' title="bbox 205 2076 1758 2170; baseline 0.005 -24"><span class='ocrx_word' id='word_1_102' title='bbox 205 2094 290 2166; x_wconf 86' lang='lat' dir='ltr'>quae</span> <span class='ocrx_word' id='word_1_103' title='bbox 317 2095 384 2165; x_wconf 88' lang='lat' dir='ltr'>pro</span> <span class='ocrx_word' id='word_1_104' title='bbox 411 2096 526 2147; x_wconf 88' lang='lat' dir='ltr'>annuo</span> <span class='ocrx_word' id='word_1_105' title='bbox 554 2096 658 2149; x_wconf 84' lang='lat' dir='ltr'>censu</span> <span class='ocrx_word' id='word_1_106' title='bbox 686 2076 826 2149; x_wconf 92' lang='lat' dir='ltr'>solvunt</span> <span class='ocrx_word' id='word_1_107' title='bbox 844 2131 958 2149; x_wconf 94' lang='grc'><strong>.....</strong></span> <span class='ocrx_word' id='word_1_108' title='bbox 985 2078 1072 2152; x_wconf 85' lang='lat' dir='ltr'><strong>Item</strong></span> <span class='ocrx_word' id='word_1_109' title='bbox 1099 2079 1208 2153; x_wconf 86' lang='lat' dir='ltr'>habet</span> <span class='ocrx_word' id='word_1_110' title='bbox 1233 2080 1402 2170; x_wconf 87' lang='lat' dir='ltr'>plebanus</span> <span class='ocrx_word' id='word_1_111' title='bbox 1429 2079 1516 2152; x_wconf 92' lang='lat' dir='ltr'>duas</span> <span class='ocrx_word' id='word_1_112' title='bbox 1542 2080 1758 2154; x_wconf 87' lang='lat' dir='ltr'>hortulanias</span> 
     </span>
     <span class='ocr_line' id='line_1_12' title="bbox 205 2196 1758 2293; baseline 0.005 -25"><span class='ocrx_word' id='word_1_113' title='bbox 205 2198 238 2268; x_wconf 93' lang='lat' dir='ltr'>in</span> <span class='ocrx_word' id='word_1_114' title='bbox 266 2196 445 2287; x_wconf 86' lang='lat' dir='ltr'>suburbio,</span> <span class='ocrx_word' id='word_1_115' title='bbox 473 2218 618 2288; x_wconf 89' lang='lat' dir='ltr'>quarum</span> <span class='ocrx_word' id='word_1_116' title='bbox 647 2198 822 2289; x_wconf 84' lang='lat' dir='ltr'>quaelibet</span> <span class='ocrx_word' id='word_1_117' title='bbox 848 2200 1025 2271; x_wconf 91' lang='lat' dir='ltr'>annuatim</span> <span class='ocrx_word' id='word_1_118' title='bbox 1053 2200 1159 2274; x_wconf 90' lang='lat' dir='ltr'>solvit</span> <span class='ocrx_word' id='word_1_119' title='bbox 1185 2222 1247 2274; x_wconf 83' lang='lat' dir='ltr'>sex</span> <span class='ocrx_word' id='word_1_120' title='bbox 1263 2222 1414 2293; x_wconf 80' lang='lat' dir='ltr'>grossos,</span> <span class='ocrx_word' id='word_1_121' title='bbox 1435 2206 1478 2280; x_wconf 81' lang='lat' dir='ltr'>,et</span> <span class='ocrx_word' id='word_1_122' title='bbox 1502 2202 1640 2277; x_wconf 89' lang='lat' dir='ltr'>laborat</span> <span class='ocrx_word' id='word_1_123' title='bbox 1666 2201 1758 2275; x_wconf 90' lang='lat' dir='ltr'>diem</span> 
     </span>
     <span class='ocr_line' id='line_1_13' title="bbox 206 2320 1758 2415; baseline 0.005 -24"><span class='ocrx_word' id='word_1_124' title='bbox 206 2320 240 2391; x_wconf 91' lang='lat' dir='ltr'>in</span> <span class='ocrx_word' id='word_1_125' title='bbox 266 2320 470 2411; x_wconf 77' lang='lat' dir='ltr'>septimana.</span> <span class='ocrx_word' id='word_1_126' title='bbox 497 2320 585 2393; x_wconf 91' lang='lat' dir='ltr'>Item</span> <span class='ocrx_word' id='word_1_127' title='bbox 612 2321 649 2393; x_wconf 91' lang='lat' dir='ltr'>in</span> <span class='ocrx_word' id='word_1_128' title='bbox 676 2321 797 2395; x_wconf 91' lang='lat' dir='ltr'>eodem</span> <span class='ocrx_word' id='word_1_129' title='bbox 824 2322 990 2397; x_wconf 90' lang='lat' dir='ltr'>suburbio</span> <span class='ocrx_word' id='word_1_130' title='bbox 1026 2324 1132 2397; x_wconf 89' lang='lat' dir='ltr'>habet</span> <span class='ocrx_word' id='word_1_131' title='bbox 1166 2324 1335 2415; x_wconf 86' lang='lat' dir='ltr'>plebanus</span> <span class='ocrx_word' id='word_1_132' title='bbox 1362 2326 1539 2397; x_wconf 89' lang='lat' dir='ltr'>annuatim</span> <span class='ocrx_word' id='word_1_133' title='bbox 1574 2324 1619 2399; x_wconf 91' lang='lat' dir='ltr'>de</span> <span class='ocrx_word' id='word_1_134' title='bbox 1644 2326 1758 2398; x_wconf 89' lang='lat' dir='ltr'>tribus</span> 
     </span>
     <span class='ocr_line' id='line_1_14' title="bbox 205 2442 832 2535; baseline 0 -20"><span class='ocrx_word' id='word_1_135' title='bbox 205 2443 302 2532; x_wconf 88' lang='lat' dir='ltr'>areis,</span> <span class='ocrx_word' id='word_1_136' title='bbox 330 2442 376 2514; x_wconf 91' lang='lat' dir='ltr'>de</span> <span class='ocrx_word' id='word_1_137' title='bbox 402 2442 558 2534; x_wconf 88' lang='lat' dir='ltr'>qualibet</span> <span class='ocrx_word' id='word_1_138' title='bbox 583 2446 656 2517; x_wconf 87' lang='lat' dir='ltr'>tres</span> <span class='ocrx_word' id='word_1_139' title='bbox 681 2465 832 2535; x_wconf 78' lang='lat' dir='ltr'>grossos,</span> 
     </span>
    </p>

    <p class='ocr_par' dir='ltr' id='par_1_7' title="bbox 206 2564 1764 2784">
     <span class='ocr_line' id='line_1_15' title="bbox 307 2564 1759 2669; baseline 0.003 -32"><span class='ocrx_word' id='word_1_140' title='bbox 307 2564 660 2656; x_wconf 77' lang='lat' dir='ltr'>Nrnoosnnwuozu,</span> <span class='ocrx_word' id='word_1_141' title='bbox 687 2566 771 2639; x_wconf 89' lang='lat' dir='ltr'>villa</span> <span class='ocrx_word' id='word_1_142' title='bbox 797 2568 861 2669; x_wconf 84' lang='lat' dir='ltr'>sub</span> <span class='ocrx_word' id='word_1_143' title='bbox 889 2568 1054 2659; x_wconf 89' lang='lat' dir='ltr'>parocbia</span> <span class='ocrx_word' id='word_1_144' title='bbox 1081 2569 1125 2641; x_wconf 89' lang='lat' dir='ltr'>de</span> <span class='ocrx_word' id='word_1_145' title='bbox 1151 2568 1402 2643; x_wconf 88' lang='lat' dir='ltr'>Paczanow</span> <span class='ocrx_word' id='word_1_146' title='bbox 1429 2571 1515 2661; x_wconf 86' lang='lat' dir='ltr'>sita,</span> <span class='ocrx_word' id='word_1_147' title='bbox 1551 2570 1649 2643; x_wconf 89' lang='lat' dir='ltr'>cuius</span> <span class='ocrx_word' id='word_1_148' title='bbox 1675 2572 1759 2644; x_wconf 89' lang='lat' dir='ltr'>bae-</span> 
     </span>
     <span class='ocr_line' id='line_1_16' title="bbox 206 2687 1764 2784; baseline 0.003 -23"><span class='ocrx_word' id='word_1_149' title='bbox 206 2687 307 2761; x_wconf 84' lang='lat' dir='ltr'>redes</span> <span class='ocrx_word' id='word_1_150' title='bbox 340 2687 468 2761; x_wconf 88' lang='lat' dir='ltr'>Petrus</span> <span class='ocrx_word' id='word_1_151' title='bbox 496 2692 532 2761; x_wconf 91' lang='lat' dir='ltr'>et</span> <span class='ocrx_word' id='word_1_152' title='bbox 558 2688 742 2763; x_wconf 82' lang='lat' dir='ltr'>Florianus</span> <span class='ocrx_word' id='word_1_153' title='bbox 777 2689 1129 2784; x_wconf 89' lang='lat' dir='ltr'>Paczanousky.</span> <span class='ocrx_word' id='word_1_154' title='bbox 1174 2691 1215 2763; x_wconf 89' lang='lat' dir='ltr'>In</span> <span class='ocrx_word' id='word_1_155' title='bbox 1242 2714 1311 2783; x_wconf 91' lang='lat' dir='ltr'>qua</span> <span class='ocrx_word' id='word_1_156' title='bbox 1337 2697 1419 2765; x_wconf 91' lang='lat' dir='ltr'>sunt</span> <span class='ocrx_word' id='word_1_157' title='bbox 1452 2691 1634 2765; x_wconf 82' lang='lat' dir='ltr'>duodecim</span> <span class='ocrx_word' id='word_1_158' title='bbox 1666 2693 1764 2765; x_wconf 79' lang='lat' dir='ltr'>lanei·</span> 
     </span>
    </p>
   </div>
   <div class='ocr_carea' id='block_1_7' title="bbox 208 2795 1902 2907">
    <p class='ocr_par' dir='ltr' id='par_1_8' title="bbox 208 2795 1902 2907">
     <span class='ocr_line' id='line_1_17' title="bbox 208 2795 1902 2907; baseline 0.002 -24"><span class='ocrx_word' id='word_1_159' title='bbox 208 2811 460 2901; x_wconf 90' lang='lat' dir='ltr'>cmetbonales,</span> <span class='ocrx_word' id='word_1_160' title='bbox 497 2812 692 2903; x_wconf 88' lang='lat' dir='ltr'>dequibus</span> <span class='ocrx_word' id='word_1_161' title='bbox 728 2813 887 2886; x_wconf 89' lang='lat' dir='ltr'>omnibus</span> <span class='ocrx_word' id='word_1_162' title='bbox 923 2814 1076 2887; x_wconf 85' lang='lat' dir='ltr'>solvitur.</span> <span class='ocrx_word' id='word_1_163' title='bbox 1105 2814 1240 2886; x_wconf 90' lang='lat' dir='ltr'>decima</span> <span class='ocrx_word' id='word_1_164' title='bbox 1266 2815 1491 2905; x_wconf 79' lang='lat' dir='ltr'>manipularis</span> <span class='ocrx_word' id='word_1_165' title='bbox 1521 2819 1557 2887; x_wconf 88' lang='lat' dir='ltr'>et</span> <span class='ocrx_word' id='word_1_166' title='bbox 1583 2815 1758 2907; x_wconf 89' lang='lat' dir='ltr'>canapalis</span> <span class='ocrx_word' id='word_1_167' title='bbox 1899 2795 1902 2800; x_wconf 36' lang='lat'>¹</span> 
     </span>
    </p>
   </div>
   <div class='ocr_carea' id='block_1_8' title="bbox 201 2934 1854 5845">
    <p class='ocr_par' dir='ltr' id='par_1_9' title="bbox 206 2934 1549 3039">
     <span class='ocr_line' id='line_1_18' title="bbox 206 2934 1549 3028; baseline 0.001 -21"><span class='ocrx_word' id='word_1_168' title='bbox 206 2954 266 3024; x_wconf 91' lang='lat' dir='ltr'>pro</span> <span class='ocrx_word' id='word_1_169' title='bbox 292 2934 441 3007; x_wconf 88' lang='lat' dir='ltr'>ecclesia</span> <span class='ocrx_word' id='word_1_170' title='bbox 468 2940 504 3007; x_wconf 92' lang='lat' dir='ltr'>et</span> <span class='ocrx_word' id='word_1_171' title='bbox 530 2934 677 3025; x_wconf 90' lang='lat' dir='ltr'>plebano</span> <span class='ocrx_word' id='word_1_172' title='bbox 705 2935 779 3009; x_wconf 87' lang='lat' dir='ltr'>eius</span> <span class='ocrx_word' id='word_1_173' title='bbox 806 2936 843 3007; x_wconf 92' lang='lat' dir='ltr'>in</span> <span class='ocrx_word' id='word_1_174' title='bbox 869 2935 1128 3028; x_wconf 84' lang='lat' dir='ltr'>Paczanow,</span> <span class='ocrx_word' id='word_1_175' title='bbox 1155 2943 1193 3009; x_wconf 92' lang='lat' dir='ltr'>et</span> <span class='ocrx_word' id='word_1_176' title='bbox 1218 2938 1317 3010; x_wconf 88' lang='lat' dir='ltr'>valor</span> <span class='ocrx_word' id='word_1_177' title='bbox 1342 2937 1417 3010; x_wconf 89' lang='lat' dir='ltr'>eius</span> <span class='ocrx_word' id='word_1_178' title='bbox 1488 2992 1496 3008; x_wconf 93' lang='lat'><strong>.</strong></span> <span class='ocrx_word' id='word_1_179' title='bbox 1514 2990 1549 3009; x_wconf 88' lang='lat'>..</span> 
     </span>
    </p>

    <p class='ocr_par' dir='ltr' id='par_1_10' title="bbox 207 3055 1809 4374">
     <span class='ocr_line' id='line_1_19' title="bbox 308 3055 1759 3150; baseline 0.003 -23"><span class='ocrx_word' id='word_1_180' title='bbox 308 3055 503 3147; x_wconf 81' lang='lat' dir='ltr'>Sczaenm,</span> <span class='ocrx_word' id='word_1_181' title='bbox 530 3056 615 3129; x_wconf 85' lang='lat' dir='ltr'>villa</span> <span class='ocrx_word' id='word_1_182' title='bbox 641 3056 706 3129; x_wconf 88' lang='lat' dir='ltr'>sub</span> <span class='ocrx_word' id='word_1_183' title='bbox 732 3057 900 3148; x_wconf 84' lang='lat' dir='ltr'>parochia</span> <span class='ocrx_word' id='word_1_184' title='bbox 926 3058 969 3129; x_wconf 90' lang='lat' dir='ltr'>de</span> <span class='ocrx_word' id='word_1_185' title='bbox 996 3058 1246 3131; x_wconf 89' lang='lat' dir='ltr'>Paczanow</span> <span class='ocrx_word' id='word_1_186' title='bbox 1273 3060 1352 3149; x_wconf 84' lang='lat' dir='ltr'>sita,</span> <span class='ocrx_word' id='word_1_187' title='bbox 1379 3058 1477 3131; x_wconf 86' lang='lat' dir='ltr'>cuins</span> <span class='ocrx_word' id='word_1_188' title='bbox 1503 3058 1672 3131; x_wconf 86' lang='lat' dir='ltr'>haeredes</span> <span class='ocrx_word' id='word_1_189' title='bbox 1693 3080 1759 3150; x_wconf 94' lang='lat' dir='ltr'>pro</span> 
     </span>
     <span class='ocr_line' id='line_1_20' title="bbox 207 3178 1758 3273; baseline 0 -22"><span class='ocrx_word' id='word_1_190' title='bbox 207 3178 317 3253; x_wconf 87' lang='lat' dir='ltr'>modia</span> <span class='ocrx_word' id='word_1_191' title='bbox 353 3185 455 3271; x_wconf 87' lang='lat' dir='ltr'>parte</span> <span class='ocrx_word' id='word_1_192' title='bbox 482 3178 609 3252; x_wconf 89' lang='lat' dir='ltr'>Petrus</span> <span class='ocrx_word' id='word_1_193' title='bbox 636 3184 673 3251; x_wconf 88' lang='lat' dir='ltr'>et</span> <span class='ocrx_word' id='word_1_194' title='bbox 698 3179 883 3253; x_wconf 85' lang='lat' dir='ltr'>Florianus</span> <span class='ocrx_word' id='word_1_195' title='bbox 911 3179 954 3252; x_wconf 91' lang='lat' dir='ltr'>de</span> <span class='ocrx_word' id='word_1_196' title='bbox 990 3178 1263 3271; x_wconf 86' lang='lat' dir='ltr'>Paczanou;</span> <span class='ocrx_word' id='word_1_197' title='bbox 1302 3180 1471 3253; x_wconf 83' lang='lat' dir='ltr'>medietas</span> <span class='ocrx_word' id='word_1_198' title='bbox 1507 3185 1623 3253; x_wconf 89' lang='lat' dir='ltr'>autem</span> <span class='ocrx_word' id='word_1_199' title='bbox 1655 3180 1758 3273; x_wconf 84' lang='lat' dir='ltr'>villae</span> 
     </span>
     <span class='ocr_line' id='line_1_21' title="bbox 209 3301 1793 3395; baseline 0.001 -19"><span class='ocrx_word' id='word_1_200' title='bbox 209 3302 383 3395; x_wconf 83' lang='lat' dir='ltr'>praelatae</span> <span class='ocrx_word' id='word_1_201' title='bbox 410 3301 455 3376; x_wconf 92' lang='lat' dir='ltr'>ad</span> <span class='ocrx_word' id='word_1_202' title='bbox 481 3301 666 3394; x_wconf 90' lang='lat' dir='ltr'>plebanum</span> <span class='ocrx_word' id='word_1_203' title='bbox 694 3301 737 3376; x_wconf 85' lang='lat' dir='ltr'>da</span> <span class='ocrx_word' id='word_1_204' title='bbox 764 3301 1014 3377; x_wconf 90' lang='lat' dir='ltr'>Paczanow</span> <span class='ocrx_word' id='word_1_205' title='bbox 1042 3308 1210 3395; x_wconf 90' lang='lat' dir='ltr'>perpetuo</span> <span class='ocrx_word' id='word_1_206' title='bbox 1237 3301 1400 3395; x_wconf 86' lang='lat' dir='ltr'>pertinet.</span> <span class='ocrx_word' id='word_1_207' title='bbox 1427 3304 1468 3375; x_wconf 93' lang='lat' dir='ltr'>In</span> <span class='ocrx_word' id='word_1_208' title='bbox 1493 3324 1563 3395; x_wconf 84' lang='lat' dir='ltr'>qua</span> <span class='ocrx_word' id='word_1_209' title='bbox 1581 3307 1663 3376; x_wconf 87' lang='lat' dir='ltr'>sunt</span> <span class='ocrx_word' id='word_1_210' title='bbox 1680 3309 1793 3378; x_wconf 84' lang='lat' dir='ltr'>octo&#39;</span> 
     </span>
     <span class='ocr_line' id='line_1_22' title="bbox 209 3425 1760 3517; baseline 0.001 -20"><span class='ocrx_word' id='word_1_211' title='bbox 209 3425 295 3498; x_wconf 88' lang='lat' dir='ltr'>lanei</span> <span class='ocrx_word' id='word_1_212' title='bbox 322 3425 568 3515; x_wconf 86' lang='lat' dir='ltr'>cmethonalas,</span> <span class='ocrx_word' id='word_1_213' title='bbox 596 3430 745 3516; x_wconf 90' lang='lat' dir='ltr'>quatuor</span> <span class='ocrx_word' id='word_1_214' title='bbox 771 3425 933 3499; x_wconf 88' lang='lat' dir='ltr'>videlicet</span> <span class='ocrx_word' id='word_1_215' title='bbox 959 3425 1056 3499; x_wconf 90' lang='lat' dir='ltr'>Petri</span> <span class='ocrx_word' id='word_1_216' title='bbox 1083 3432 1119 3498; x_wconf 92' lang='lat' dir='ltr'>et</span> <span class='ocrx_word' id='word_1_217' title='bbox 1137 3427 1294 3499; x_wconf 77' lang='lat' dir='ltr'>Floriani</span> <span class='ocrx_word' id='word_1_218' title='bbox 1320 3425 1519 3517; x_wconf 87' lang='lat' dir='ltr'>haeredum,</span> <span class='ocrx_word' id='word_1_219' title='bbox 1546 3431 1583 3498; x_wconf 89' lang='lat' dir='ltr'>et</span> <span class='ocrx_word' id='word_1_220' title='bbox 1610 3431 1760 3517; x_wconf 90' lang='lat' dir='ltr'>quatuor</span> 
     </span>
     <span class='ocr_line' id='line_1_23' title="bbox 208 3544 1760 3641; baseline 0.001 -22"><span class='ocrx_word' id='word_1_221' title='bbox 208 3548 344 3640; x_wconf 87' lang='lat' dir='ltr'>plebani</span> <span class='ocrx_word' id='word_1_222' title='bbox 371 3548 407 3620; x_wconf 92' lang='lat' dir='ltr'>in</span> <span class='ocrx_word' id='word_1_223' title='bbox 434 3547 695 3620; x_wconf 87' lang='lat' dir='ltr'>Paczanow.</span> <span class='ocrx_word' id='word_1_224' title='bbox 722 3546 811 3620; x_wconf 87' lang='lat' dir='ltr'>Item</span> <span class='ocrx_word' id='word_1_225' title='bbox 838 3553 919 3622; x_wconf 90' lang='lat' dir='ltr'>sunt</span> <span class='ocrx_word' id='word_1_226' title='bbox 945 3549 995 3622; x_wconf 92' lang='lat' dir='ltr'>ibi</span> <span class='ocrx_word' id='word_1_227' title='bbox 1021 3548 1089 3622; x_wconf 90' lang='lat' dir='ltr'>dno</span> <span class='ocrx_word' id='word_1_228' title='bbox 1116 3544 1271 3641; x_wconf 75' lang='lat' dir='ltr'>praedia,</span> <span class='ocrx_word' id='word_1_229' title='bbox 1297 3571 1404 3621; x_wconf 91' lang='lat' dir='ltr'>unum</span> <span class='ocrx_word' id='word_1_230' title='bbox 1430 3549 1592 3639; x_wconf 87' lang='lat' dir='ltr'>militare,</span> <span class='ocrx_word' id='word_1_231' title='bbox 1611 3553 1647 3620; x_wconf 91' lang='lat' dir='ltr'>et</span> <span class='ocrx_word' id='word_1_232' title='bbox 1665 3547 1760 3620; x_wconf 91' lang='lat' dir='ltr'>alind</span> 
     </span>
     <span class='ocr_line' id='line_1_24' title="bbox 209 3668 1759 3766; baseline -0.002 -23"><span class='ocrx_word' id='word_1_233' title='bbox 209 3671 344 3762; x_wconf 88' lang='lat' dir='ltr'>plebani</span> <span class='ocrx_word' id='word_1_234' title='bbox 372 3671 415 3744; x_wconf 90' lang='lat' dir='ltr'>de</span> <span class='ocrx_word' id='word_1_235' title='bbox 441 3668 710 3761; x_wconf 87' lang='lat' dir='ltr'>Paczanow‚</span> <span class='ocrx_word' id='word_1_236' title='bbox 746 3671 791 3766; x_wconf 87' lang='lat' dir='ltr'>de</span> <span class='ocrx_word' id='word_1_237' title='bbox 817 3672 943 3762; x_wconf 87' lang='lat' dir='ltr'>quibus</span> <span class='ocrx_word' id='word_1_238' title='bbox 971 3671 1130 3744; x_wconf 86' lang='lat' dir='ltr'>omnibus</span> <span class='ocrx_word' id='word_1_239' title='bbox 1157 3671 1307 3743; x_wconf 86' lang='lat' dir='ltr'>solvitur</span> <span class='ocrx_word' id='word_1_240' title='bbox 1332 3675 1369 3741; x_wconf 87' lang='lat' dir='ltr'>at</span> <span class='ocrx_word' id='word_1_241' title='bbox 1394 3670 1599 3743; x_wconf 81' lang='lat' dir='ltr'>conducitur</span> <span class='ocrx_word' id='word_1_242' title='bbox 1625 3670 1759 3742; x_wconf 89' lang='lat' dir='ltr'>decima</span> 
     </span>
     <span class='ocr_line' id='line_1_25' title="bbox 210 3792 1809 3886; baseline -0.003 -18"><span class='ocrx_word' id='word_1_243' title='bbox 210 3794 432 3886; x_wconf 87' lang='lat' dir='ltr'>manipularis</span> <span class='ocrx_word' id='word_1_244' title='bbox 458 3799 495 3866; x_wconf 92' lang='lat' dir='ltr'>et</span> <span class='ocrx_word' id='word_1_245' title='bbox 522 3793 697 3885; x_wconf 87' lang='lat' dir='ltr'>canapalis</span> <span class='ocrx_word' id='word_1_246' title='bbox 724 3813 788 3884; x_wconf 87' lang='lat' dir='ltr'>pro</span> <span class='ocrx_word' id='word_1_247' title='bbox 816 3793 961 3864; x_wconf 88' lang='lat' dir='ltr'>ecclesie</span> <span class='ocrx_word' id='word_1_248' title='bbox 987 3799 1023 3866; x_wconf 89' lang='lat' dir='ltr'>et</span> <span class='ocrx_word' id='word_1_249' title='bbox 1050 3793 1198 3884; x_wconf 92' lang='lat' dir='ltr'>plebano</span> <span class='ocrx_word' id='word_1_250' title='bbox 1225 3793 1261 3864; x_wconf 92' lang='lat' dir='ltr'>in</span> <span class='ocrx_word' id='word_1_251' title='bbox 1288 3792 1557 3882; x_wconf 87' lang='lat' dir='ltr'>Paczanou‚</span> <span class='ocrx_word' id='word_1_252' title='bbox 1597 3797 1634 3863; x_wconf 88' lang='lat' dir='ltr'>ct</span> <span class='ocrx_word' id='word_1_253' title='bbox 1661 3792 1759 3864; x_wconf 86' lang='lat' dir='ltr'>valor</span> <span class='ocrx_word' id='word_1_254' title='bbox 1802 3833 1809 3843; x_wconf 90' lang='lat'><strong>·</strong></span> 
     </span>
     <span class='ocr_line' id='line_1_26' title="bbox 210 3913 1759 4006; baseline -0.003 -18"><span class='ocrx_word' id='word_1_255' title='bbox 210 3916 280 3989; x_wconf 85' lang='lat' dir='ltr'>eine</span> <span class='ocrx_word' id='word_1_256' title='bbox 306 3916 512 3990; x_wconf 89' lang='lat' dir='ltr'>aestimatur</span> <span class='ocrx_word' id='word_1_257' title='bbox 538 3914 582 3988; x_wconf 91' lang='lat' dir='ltr'>ad</span> <span class='ocrx_word' id='word_1_258' title='bbox 601 3968 768 3986; x_wconf 92' lang='grc'><strong>.......</strong></span> <span class='ocrx_word' id='word_1_259' title='bbox 808 3915 895 3987; x_wconf 91' lang='lat' dir='ltr'>Item</span> <span class='ocrx_word' id='word_1_260' title='bbox 925 3919 978 3987; x_wconf 90' lang='lat' dir='ltr'>est</span> <span class='ocrx_word' id='word_1_261' title='bbox 1004 3915 1039 3986; x_wconf 94' lang='lat' dir='ltr'>in</span> <span class='ocrx_word' id='word_1_262' title='bbox 1067 3914 1188 3987; x_wconf 88' lang='lat' dir='ltr'>eadem</span> <span class='ocrx_word' id='word_1_263' title='bbox 1214 3914 1297 3987; x_wconf 87' lang='lat' dir='ltr'>villa</span> <span class='ocrx_word' id='word_1_264' title='bbox 1323 3914 1433 4004; x_wconf 85' lang='lat' dir='ltr'>lacus,</span> <span class='ocrx_word' id='word_1_265' title='bbox 1461 3935 1564 4006; x_wconf 86' lang='lat' dir='ltr'>quem</span> <span class='ocrx_word' id='word_1_266' title='bbox 1590 3913 1759 3986; x_wconf 88' lang='lat' dir='ltr'>haeredes</span> 
     </span>
     <span class='ocr_line' id='line_1_27' title="bbox 210 4011 1760 4145; baseline -0.001 -36"><span class='ocrx_word' id='word_1_267' title='bbox 210 4038 337 4112; x_wconf 86' lang='lat' dir='ltr'>babent</span> <span class='ocrx_word' id='word_1_268' title='bbox 373 4038 590 4110; x_wconf 86' lang='lat' dir='ltr'>medietatem</span> <span class='ocrx_word' id='word_1_269' title='bbox 626 4042 663 4110; x_wconf 90' lang='lat' dir='ltr'>et</span> <span class='ocrx_word' id='word_1_270' title='bbox 689 4037 859 4128; x_wconf 89' lang='lat' dir='ltr'>plebanus</span> <span class='ocrx_word' id='word_1_271' title='bbox 893 4038 1133 4128; x_wconf 84' lang='lat' dir='ltr'>medietatem,</span> <span class='ocrx_word' id='word_1_272' title='bbox 1163 4037 1228 4145; x_wconf 76' lang='lat' dir='ltr'>¹ita</span> <span class='ocrx_word' id='word_1_273' title='bbox 1254 4011 1346 4128; x_wconf 82' lang='lat' dir='ltr'>quod</span> <span class='ocrx_word' id='word_1_274' title='bbox 1381 4016 1550 4109; x_wconf 85' lang='lat' dir='ltr'>haeredes</span> <span class='ocrx_word' id='word_1_275' title='bbox 1581 4036 1760 4127; x_wconf 89' lang='lat' dir='ltr'>piscantur</span> 
     </span>
     <span class='ocr_line' id='line_1_28' title="bbox 211 4158 1759 4252; baseline -0.001 -20"><span class='ocrx_word' id='word_1_276' title='bbox 211 4161 344 4250; x_wconf 88' lang='lat' dir='ltr'>qnando</span> <span class='ocrx_word' id='word_1_277' title='bbox 371 4160 492 4233; x_wconf 91' lang='lat' dir='ltr'>volunt</span> <span class='ocrx_word' id='word_1_278' title='bbox 519 4165 556 4232; x_wconf 89' lang='lat' dir='ltr'>et</span> <span class='ocrx_word' id='word_1_279' title='bbox 582 4160 749 4252; x_wconf 88' lang='lat' dir='ltr'>plebanus</span> <span class='ocrx_word' id='word_1_280' title='bbox 777 4158 914 4252; x_wconf 88' lang='lat' dir='ltr'>quando</span> <span class='ocrx_word' id='word_1_281' title='bbox 941 4159 1034 4251; x_wconf 86' lang='lat' dir='ltr'>vult,</span> <span class='ocrx_word' id='word_1_282' title='bbox 1062 4180 1166 4252; x_wconf 89' lang='lat' dir='ltr'>super</span> <span class='ocrx_word' id='word_1_283' title='bbox 1193 4179 1295 4252; x_wconf 87' lang='lat' dir='ltr'>quem</span> <span class='ocrx_word' id='word_1_284' title='bbox 1320 4158 1432 4232; x_wconf 88' lang='lat' dir='ltr'>lacum</span> <span class='ocrx_word' id='word_1_285' title='bbox 1459 4159 1567 4232; x_wconf 88' lang='lat' dir='ltr'>habet</span> <span class='ocrx_word' id='word_1_286' title='bbox 1592 4158 1759 4249; x_wconf 90' lang='lat' dir='ltr'>plebanus</span> 
     </span>
     <span class='ocr_line' id='line_1_29' title="bbox 210 4265 914 4374; baseline 0.001 -22"><span class='ocrx_word' id='word_1_287' title='bbox 210 4282 426 4373; x_wconf 85' lang='lat' dir='ltr'>privilegium</span> <span class='ocrx_word' id='word_1_288' title='bbox 453 4281 612 4374; x_wconf 87' lang='lat' dir='ltr'>speciale.</span> <span class='ocrx_word' id='word_1_289' title='bbox 910 4265 914 4282; x_wconf 80' lang='lat'>&#39;</span> 
     </span>
    </p>

    <p class='ocr_par' dir='ltr' id='par_1_11' title="bbox 201 4392 1761 4864">
     <span class='ocr_line' id='line_1_30' title="bbox 310 4392 1760 4497; baseline -0.003 -19"><span class='ocrx_word' id='word_1_290' title='bbox 310 4405 520 4496; x_wconf 72' lang='lat' dir='ltr'>Sacrouiro,</span> <span class='ocrx_word' id='word_1_291' title='bbox 554 4405 638 4476; x_wconf 90' lang='lat' dir='ltr'>villa</span> <span class='ocrx_word' id='word_1_292' title='bbox 664 4405 728 4476; x_wconf 88' lang='lat' dir='ltr'>sub</span> <span class='ocrx_word' id='word_1_293' title='bbox 755 4402 921 4497; x_wconf 90' lang='lat' dir='ltr'>parocbia</span> <span class='ocrx_word' id='word_1_294' title='bbox 947 4403 991 4476; x_wconf 93' lang='lat' dir='ltr'>de</span> <span class='ocrx_word' id='word_1_295' title='bbox 1016 4392 1275 4495; x_wconf 66' lang='lat' dir='ltr'>Myely&#39;ecz,</span> <span class='ocrx_word' id='word_1_296' title='bbox 1315 4403 1412 4477; x_wconf 87' lang='lat' dir='ltr'>cuius</span> <span class='ocrx_word' id='word_1_297' title='bbox 1438 4402 1606 4476; x_wconf 88' lang='lat' dir='ltr'>haeredes</span> <span class='ocrx_word' id='word_1_298' title='bbox 1633 4401 1760 4474; x_wconf 87' lang='lat' dir='ltr'>Petrus</span> 
     </span>
     <span class='ocr_line' id='line_1_31' title="bbox 201 4524 1760 4620; baseline -0.002 -22"><span class='ocrx_word' id='word_1_299' title='bbox 201 4531 244 4598; x_wconf 87' lang='lat' dir='ltr'>-et</span> <span class='ocrx_word' id='word_1_300' title='bbox 269 4525 454 4620; x_wconf 76' lang='lat' dir='ltr'>Florianus</span> <span class='ocrx_word' id='word_1_301' title='bbox 480 4525 851 4618; x_wconf 87' lang='lat' dir='ltr'>Paczanowsczy</span> <span class='ocrx_word' id='word_1_302' title='bbox 879 4525 921 4598; x_wconf 91' lang='lat' dir='ltr'>de</span> <span class='ocrx_word' id='word_1_303' title='bbox 948 4526 1053 4598; x_wconf 88' lang='lat' dir='ltr'>armis</span> <span class='ocrx_word' id='word_1_304' title='bbox 1081 4524 1286 4598; x_wconf 89' lang='lat' dir='ltr'>Gelitha.</span> <span class='ocrx_word' id='word_1_305' title='bbox 1329 4525 1370 4596; x_wconf 93' lang='lat' dir='ltr'>In</span> <span class='ocrx_word' id='word_1_306' title='bbox 1398 4546 1468 4618; x_wconf 88' lang='lat' dir='ltr'>qna</span> <span class='ocrx_word' id='word_1_307' title='bbox 1502 4529 1584 4597; x_wconf 92' lang='lat' dir='ltr'>sunt</span> <span class='ocrx_word' id='word_1_308' title='bbox 1610 4529 1760 4615; x_wconf 88' lang='lat' dir='ltr'>quatuor</span> 
     </span>
     <span class='ocr_line' id='line_1_32' title="bbox 211 4643 1761 4740; baseline -0.001 -21"><span class='ocrx_word' id='word_1_309' title='bbox 211 4649 299 4722; x_wconf 88' lang='lat' dir='ltr'>lanei</span> <span class='ocrx_word' id='word_1_310' title='bbox 326 4649 576 4740; x_wconf 84' lang='lat' dir='ltr'>cmetbonales‚</span> <span class='ocrx_word' id='word_1_311' title='bbox 612 4647 655 4720; x_wconf 93' lang='lat' dir='ltr'>dc</span> <span class='ocrx_word' id='word_1_312' title='bbox 683 4649 807 4739; x_wconf 91' lang='lat' dir='ltr'>quibus</span> <span class='ocrx_word' id='word_1_313' title='bbox 834 4647 983 4720; x_wconf 89' lang='lat' dir='ltr'>solvitur</span> <span class='ocrx_word' id='word_1_314' title='bbox 1008 4652 1045 4719; x_wconf 93' lang='lat' dir='ltr'>et</span> <span class='ocrx_word' id='word_1_315' title='bbox 1071 4647 1277 4720; x_wconf 88' lang='lat' dir='ltr'>conducitur</span> <span class='ocrx_word' id='word_1_316' title='bbox 1312 4647 1446 4720; x_wconf 87' lang='lat' dir='ltr'>decima</span> <span class='ocrx_word' id='word_1_317' title='bbox 1472 4643 1698 4738; x_wconf 90' lang='lat' dir='ltr'>manipularis</span> <span class='ocrx_word' id='word_1_318' title='bbox 1724 4649 1761 4718; x_wconf 91' lang='lat' dir='ltr'>et</span> 
     </span>
     <span class='ocr_line' id='line_1_33' title="bbox 212 4769 1527 4864; baseline -0.003 -21"><span class='ocrx_word' id='word_1_319' title='bbox 212 4772 383 4864; x_wconf 88' lang='lat' dir='ltr'>canapalis</span> <span class='ocrx_word' id='word_1_320' title='bbox 410 4793 474 4862; x_wconf 89' lang='lat' dir='ltr'>pro</span> <span class='ocrx_word' id='word_1_321' title='bbox 502 4771 648 4846; x_wconf 87' lang='lat' dir='ltr'>ecclesia</span> <span class='ocrx_word' id='word_1_322' title='bbox 672 4770 709 4842; x_wconf 92' lang='lat' dir='ltr'>in</span> <span class='ocrx_word' id='word_1_323' title='bbox 735 4769 995 4861; x_wconf 74' lang='lat' dir='ltr'>Paozanou¹</span> <span class='ocrx_word' id='word_1_324' title='bbox 1022 4769 1121 4844; x_wconf 83' lang='lat' dir='ltr'>cuius</span> <span class='ocrx_word' id='word_1_325' title='bbox 1147 4769 1247 4842; x_wconf 86' lang='lat' dir='ltr'>valor</span> <span class='ocrx_word' id='word_1_326' title='bbox 1265 4823 1379 4842; x_wconf 90' lang='grc'><strong>.....</strong></span> <span class='ocrx_word' id='word_1_327' title='bbox 1524 4831 1527 4839; x_wconf 93' lang='grc'><em>.</em></span> 
     </span>
    </p>

    <p class='ocr_par' dir='ltr' id='par_1_12' title="bbox 213 4887 1854 5357">
     <span class='ocr_line' id='line_1_34' title="bbox 312 4887 1854 4985; baseline -0.002 -20"><span class='ocrx_word' id='word_1_328' title='bbox 312 4894 497 4984; x_wconf 76' lang='lat' dir='ltr'>Zasunaz,</span> <span class='ocrx_word' id='word_1_329' title='bbox 525 4893 609 4966; x_wconf 87' lang='lat' dir='ltr'>villa</span> <span class='ocrx_word' id='word_1_330' title='bbox 635 4893 700 4966; x_wconf 92' lang='lat' dir='ltr'>sub</span> <span class='ocrx_word' id='word_1_331' title='bbox 726 4891 893 4985; x_wconf 90' lang='lat' dir='ltr'>parocbia</span> <span class='ocrx_word' id='word_1_332' title='bbox 919 4892 963 4964; x_wconf 90' lang='lat' dir='ltr'>de</span> <span class='ocrx_word' id='word_1_333' title='bbox 988 4891 1237 4968; x_wconf 90' lang='lat' dir='ltr'>Paczanow</span> <span class='ocrx_word' id='word_1_334' title='bbox 1263 4891 1341 4982; x_wconf 84' lang='lat' dir='ltr'>sita,</span> <span class='ocrx_word' id='word_1_335' title='bbox 1367 4891 1466 4964; x_wconf 89' lang='lat' dir='ltr'>cuins</span> <span class='ocrx_word' id='word_1_336' title='bbox 1491 4890 1616 4962; x_wconf 87' lang='lat' dir='ltr'>haeres</span> <span class='ocrx_word' id='word_1_337' title='bbox 1634 4887 1768 4962; x_wconf 87' lang='lat' dir='ltr'>Petrus·</span> <span class='ocrx_word' id='word_1_338' title='bbox 1849 4911 1854 4919; x_wconf 68' lang='grc'><em>’</em></span> 
     </span>
     <span class='ocr_line' id='line_1_35' title="bbox 213 5011 1760 5107; baseline -0.001 -21"><span class='ocrx_word' id='word_1_339' title='bbox 213 5014 632 5107; x_wconf 84' lang='lat' dir='ltr'>Sanczignyewsky</span> <span class='ocrx_word' id='word_1_340' title='bbox 672 5013 716 5086; x_wconf 90' lang='lat' dir='ltr'>de</span> <span class='ocrx_word' id='word_1_341' title='bbox 742 5013 848 5086; x_wconf 88' lang='lat' dir='ltr'>armis</span> <span class='ocrx_word' id='word_1_342' title='bbox 875 5011 1077 5086; x_wconf 89' lang='lat' dir='ltr'>Gelitha.</span> <span class='ocrx_word' id='word_1_343' title='bbox 1121 5013 1163 5084; x_wconf 91' lang='lat' dir='ltr'>In</span> <span class='ocrx_word' id='word_1_344' title='bbox 1190 5034 1259 5105; x_wconf 87' lang='lat' dir='ltr'>qua</span> <span class='ocrx_word' id='word_1_345' title='bbox 1285 5034 1355 5085; x_wconf 90' lang='lat' dir='ltr'>non</span> <span class='ocrx_word' id='word_1_346' title='bbox 1382 5016 1464 5084; x_wconf 89' lang='lat' dir='ltr'>sunt</span> <span class='ocrx_word' id='word_1_347' title='bbox 1488 5011 1581 5084; x_wconf 89' lang='lat' dir='ltr'>lanei</span> <span class='ocrx_word' id='word_1_348' title='bbox 1608 5012 1760 5084; x_wconf 90' lang='lat' dir='ltr'>cmetbo·</span> 
     </span>
     <span class='ocr_line' id='line_1_36' title="bbox 213 5133 1837 5233; baseline -0.002 -25"><span class='ocrx_word' id='word_1_349' title='bbox 213 5137 322 5229; x_wconf 86' lang='lat' dir='ltr'>noles,</span> <span class='ocrx_word' id='word_1_350' title='bbox 358 5138 419 5210; x_wconf 90' lang='lat' dir='ltr'>sed</span> <span class='ocrx_word' id='word_1_351' title='bbox 446 5137 523 5230; x_wconf 81' lang='lat' dir='ltr'>agri</span> <span class='ocrx_word' id='word_1_352' title='bbox 549 5137 586 5209; x_wconf 91' lang='lat' dir='ltr'>in</span> <span class='ocrx_word' id='word_1_353' title='bbox 612 5141 730 5228; x_wconf 86' lang='lat' dir='ltr'>partes</span> <span class='ocrx_word' id='word_1_354' title='bbox 757 5135 932 5227; x_wconf 87' lang='lat' dir='ltr'>distincti,</span> <span class='ocrx_word' id='word_1_355' title='bbox 968 5135 1011 5208; x_wconf 90' lang='lat' dir='ltr'>de</span> <span class='ocrx_word' id='word_1_356' title='bbox 1039 5135 1164 5228; x_wconf 89' lang='lat' dir='ltr'>quibus</span> <span class='ocrx_word' id='word_1_357' title='bbox 1191 5136 1340 5210; x_wconf 82' lang='lat' dir='ltr'>solvitur</span> <span class='ocrx_word' id='word_1_358' title='bbox 1375 5134 1508 5208; x_wconf 88' lang='lat' dir='ltr'>decima</span> <span class='ocrx_word' id='word_1_359' title='bbox 1533 5133 1760 5226; x_wconf 89' lang='lat' dir='ltr'>manipularis</span> <span class='ocrx_word' id='word_1_360' title='bbox 1828 5225 1837 5233; x_wconf 22' lang='grc' dir='ltr'>ι</span> 
     </span>
     <span class='ocr_line' id='line_1_37' title="bbox 214 5233 1759 5357; baseline -0.004 -25"><span class='ocrx_word' id='word_1_361' title='bbox 214 5261 248 5332; x_wconf 87' lang='lat' dir='ltr'>et</span> <span class='ocrx_word' id='word_1_362' title='bbox 272 5260 446 5352; x_wconf 89' lang='lat' dir='ltr'>canapalis</span> <span class='ocrx_word' id='word_1_363' title='bbox 473 5281 537 5352; x_wconf 91' lang='lat' dir='ltr'>pro</span> <span class='ocrx_word' id='word_1_364' title='bbox 565 5259 713 5352; x_wconf 90' lang='lat' dir='ltr'>plebano</span> <span class='ocrx_word' id='word_1_365' title='bbox 725 5233 776 5332; x_wconf 57' lang='lat' dir='ltr'>‘in</span> <span class='ocrx_word' id='word_1_366' title='bbox 802 5258 1062 5350; x_wconf 74' lang='lat' dir='ltr'>Panaenum,</span> <span class='ocrx_word' id='word_1_367' title='bbox 1089 5264 1126 5332; x_wconf 92' lang='lat' dir='ltr'>et</span> <span class='ocrx_word' id='word_1_368' title='bbox 1152 5259 1253 5333; x_wconf 84' lang='lat' dir='ltr'>valor</span> <span class='ocrx_word' id='word_1_369' title='bbox 1278 5259 1353 5330; x_wconf 89' lang='lat' dir='ltr'>eins</span> <span class='ocrx_word' id='word_1_370' title='bbox 1380 5258 1583 5357; x_wconf 78' lang='lat' dir='ltr'>aestimatur</span> <span class='ocrx_word' id='word_1_371' title='bbox 1609 5255 1654 5328; x_wconf 90' lang='lat' dir='ltr'>ad</span> <span class='ocrx_word' id='word_1_372' title='bbox 1672 5310 1681 5325; x_wconf 91' lang='lat'><strong>.</strong></span> <span class='ocrx_word' id='word_1_373' title='bbox 1699 5309 1707 5327; x_wconf 90' lang='lat'><strong>.</strong></span> <span class='ocrx_word' id='word_1_374' title='bbox 1726 5310 1759 5327; x_wconf 88' lang='lat'>..</span> 
     </span>
    </p>

    <p class='ocr_par' dir='ltr' id='par_1_13' title="bbox 215 5376 1762 5845">
     <span class='ocr_line' id='line_1_38' title="bbox 313 5376 1760 5474; baseline -0.003 -20"><span class='ocrx_word' id='word_1_375' title='bbox 313 5381 419 5474; x_wconf 69' lang='lat' dir='ltr'>Snus,</span> <span class='ocrx_word' id='word_1_376' title='bbox 446 5383 530 5456; x_wconf 78' lang='lat' dir='ltr'>villa</span> <span class='ocrx_word' id='word_1_377' title='bbox 557 5382 621 5455; x_wconf 90' lang='lat' dir='ltr'>sub</span> <span class='ocrx_word' id='word_1_378' title='bbox 644 5381 813 5474; x_wconf 87' lang='lat' dir='ltr'>parocbia</span> <span class='ocrx_word' id='word_1_379' title='bbox 839 5380 882 5454; x_wconf 92' lang='lat' dir='ltr'>de</span> <span class='ocrx_word' id='word_1_380' title='bbox 909 5379 1161 5454; x_wconf 86' lang='lat' dir='ltr'>Paczanou</span> <span class='ocrx_word' id='word_1_381' title='bbox 1187 5382 1265 5471; x_wconf 88' lang='lat' dir='ltr'>sita,</span> <span class='ocrx_word' id='word_1_382' title='bbox 1291 5381 1390 5453; x_wconf 87' lang='lat' dir='ltr'>cuius</span> <span class='ocrx_word' id='word_1_383' title='bbox 1415 5377 1584 5452; x_wconf 90' lang='lat' dir='ltr'>haeredes</span> <span class='ocrx_word' id='word_1_384' title='bbox 1611 5376 1760 5452; x_wconf 87' lang='lat' dir='ltr'>Grotb</span> 
     </span>
     <span class='ocr_line' id='line_1_39' title="bbox 215 5499 1762 5598; baseline -0.001 -24"><span class='ocrx_word' id='word_1_385' title='bbox 215 5501 374 5579; x_wconf 85' lang='lat' dir='ltr'>Nicolaus</span> <span class='ocrx_word' id='word_1_386' title='bbox 397 5511 438 5578; x_wconf 79' lang='lat' dir='ltr'>&#39;ct</span> <span class='ocrx_word' id='word_1_387' title='bbox 463 5505 706 5598; x_wconf 86' lang='lat' dir='ltr'>Skubyscb</span> <span class='ocrx_word' id='word_1_388' title='bbox 733 5503 777 5577; x_wconf 90' lang='lat' dir='ltr'>de</span> <span class='ocrx_word' id='word_1_389' title='bbox 803 5504 936 5576; x_wconf 87' lang='lat' dir='ltr'>armis.</span> <span class='ocrx_word' id='word_1_390' title='bbox 955 5557 1071 5576; x_wconf 90' lang='grc'><strong>.....</strong></span> <span class='ocrx_word' id='word_1_391' title='bbox 1097 5504 1138 5576; x_wconf 90' lang='lat' dir='ltr'>In</span> <span class='ocrx_word' id='word_1_392' title='bbox 1166 5525 1235 5596; x_wconf 88' lang='lat' dir='ltr'>qna</span> <span class='ocrx_word' id='word_1_393' title='bbox 1261 5525 1331 5577; x_wconf 92' lang='lat' dir='ltr'>non</span> <span class='ocrx_word' id='word_1_394' title='bbox 1358 5508 1441 5576; x_wconf 85' lang='lat' dir='ltr'>sunt</span> <span class='ocrx_word' id='word_1_395' title='bbox 1465 5500 1568 5591; x_wconf 88' lang='lat' dir='ltr'>lanei,</span> <span class='ocrx_word' id='word_1_396' title='bbox 1595 5499 1656 5573; x_wconf 89' lang='lat' dir='ltr'>sed</span> <span class='ocrx_word' id='word_1_397' title='bbox 1683 5501 1762 5592; x_wconf 77' lang='lat' dir='ltr'>agri</span> 
     </span>
     <span class='ocr_line' id='line_1_40' title="bbox 215 5620 1760 5718; baseline -0.002 -22"><span class='ocrx_word' id='word_1_398' title='bbox 215 5621 248 5696; x_wconf 90' lang='lat' dir='ltr'>in</span> <span class='ocrx_word' id='word_1_399' title='bbox 273 5629 450 5718; x_wconf 85' lang='lat' dir='ltr'>portiones</span> <span class='ocrx_word' id='word_1_400' title='bbox 478 5627 589 5702; x_wconf 86' lang='lat' dir='ltr'>divisi.</span> <span class='ocrx_word' id='word_1_401' title='bbox 619 5627 709 5700; x_wconf 92' lang='lat' dir='ltr'>Item</span> <span class='ocrx_word' id='word_1_402' title='bbox 736 5631 818 5700; x_wconf 88' lang='lat' dir='ltr'>sunt</span> <span class='ocrx_word' id='word_1_403' title='bbox 843 5626 892 5700; x_wconf 94' lang='lat' dir='ltr'>ibi</span> <span class='ocrx_word' id='word_1_404' title='bbox 919 5625 1063 5718; x_wconf 91' lang='lat' dir='ltr'>praedia</span> <span class='ocrx_word' id='word_1_405' title='bbox 1088 5627 1160 5699; x_wconf 93' lang='lat' dir='ltr'>tria</span> <span class='ocrx_word' id='word_1_406' title='bbox 1185 5626 1360 5717; x_wconf 88' lang='lat' dir='ltr'>militaria,</span> <span class='ocrx_word' id='word_1_407' title='bbox 1387 5623 1574 5716; x_wconf 88' lang='lat' dir='ltr'>dequibus</span> <span class='ocrx_word' id='word_1_408' title='bbox 1599 5620 1760 5696; x_wconf 87' lang='lat' dir='ltr'>omnibus</span> 
     </span>
     <span class='ocr_line' id='line_1_41' title="bbox 217 5741 1760 5845; baseline -0.001 -26"><span class='ocrx_word' id='word_1_409' title='bbox 217 5746 357 5824; x_wconf 86' lang='lat' dir='ltr'>solvitur</span> <span class='ocrx_word' id='word_1_410' title='bbox 383 5755 419 5824; x_wconf 87' lang='lat' dir='ltr'>et</span> <span class='ocrx_word' id='word_1_411' title='bbox 446 5741 648 5845; x_wconf 84' lang='lat' dir='ltr'>conducitur</span> <span class='ocrx_word' id='word_1_412' title='bbox 675 5750 809 5824; x_wconf 89' lang='lat' dir='ltr'>decima</span> <span class='ocrx_word' id='word_1_413' title='bbox 834 5749 1060 5842; x_wconf 89' lang='lat' dir='ltr'>manipularis</span> <span class='ocrx_word' id='word_1_414' title='bbox 1087 5769 1152 5841; x_wconf 92' lang='lat' dir='ltr'>pro</span> <span class='ocrx_word' id='word_1_415' title='bbox 1178 5747 1324 5823; x_wconf 90' lang='lat' dir='ltr'>ecclesia</span> <span class='ocrx_word' id='word_1_416' title='bbox 1350 5748 1386 5822; x_wconf 88' lang='lat' dir='ltr'>in</span> <span class='ocrx_word' id='word_1_417' title='bbox 1413 5745 1623 5838; x_wconf 79' lang='lat' dir='ltr'>Gnoyno,</span> <span class='ocrx_word' id='word_1_418' title='bbox 1662 5745 1760 5818; x_wconf 89' lang='lat' dir='ltr'>cuius</span> 
     </span>
    </p>
   </div>
   <div class='ocr_carea' id='block_1_9' title="bbox 0 0 2294 6596">
    <p class='ocr_par' dir='ltr' id='par_1_14' title="bbox 0 0 2294 6596">
     <span class='ocr_line' id='line_1_42' title="bbox 0 0 2294 6596; baseline 0 0"><span class='ocrx_word' id='word_1_419' title='bbox 0 0 2294 6596; x_wconf 95' lang='lat' dir='ltr'> </span> 
     </span>
    </p>
   </div>
  </div>
 </body>
</html>
