4550 6600
501 718 574 798 150

494 932 671 1021 tabernae,
698 932 782 1003 item
809 932 999 1024 praedium,
1025 933 1213 1023 dequibus
1240 934 1389 1005 solvitur
1414 912 1550 1006 decima
1570 932 1797 1025 manipularis
1815 939 1852 1006 61
1869 937 2040 1026 canapalis

357 1090 360 1098 =
496 1052 660 1125 ecclesiae
687 1054 722 1121 in
749 1052 1096 1145 Przernanlrow,
1124 1055 1220 1126 cuius
1247 1055 1345 1127 valor
1372 1057 1577 1127 aestimatur
1603 1055 1647 1126 ad
1666 1110 1781 1125 .....

598 1172 924 1263 Jawrozowrczn,
952 1174 1037 1245 oilla
1073 1175 1137 1247 suh
1164 1176 1330 1265 parochia
1365 1176 1409 1248 de
1434 1176 1795 1266 Raphalowicze
1828 1178 1914 1265 sita,
1950 1178 2042 1248 cuius

371 1369 375 1375 ,
493 1294 691 1385 proprietas
718 1294 762 1365 ad
791 1294 1048 1367 serenissimum
1074 1295 1239 1368 Poloniae
1265 1317 1382 1387 regern
1408 1298 1571 1387 pertinet.
1598 1297 1638 1367 In
1657 1302 1825 1387 quaeunt
1846 1296 2042 1369 16661666-

496 1414 673 1505 thonales,
708 1416 792 1486 item
820 1415 999 1505 praedium
1025 1422 1194 1507 nonest,
1231 1417 1425 1507 dequibus
1461 1418 1560 1489 vario
1592 1417 1694 1490 modo
1721 1418 1930 1508 decimatur,
1966 1439 2042 1489 nam

382 1557 390 1575 ·=
494 1556 558 1627 pro
586 1556 654 1607 una
680 1535 866 1607 medietate
893 1536 1039 1609 solvitur
1066 1538 1200 1609 decima
1225 1538 1262 1607 in
1288 1537 1633 1628 Przemankow,
1669 1558 1733 1628 pro
1760 1538 1871 1610 altera
1898 1540 2042 1611 veroin

493 1656 868 1748 Raphalowicze,
896 1658 992 1728 cuius
1019 1656 1118 1729 66166
1146 1658 1352 1729 aestimatur
1378 1658 1423 1728 ad
1442 1712 1556 1728 .....

598 1776 884 1867 Pnrnmowrczn,
911 1778 993 1848 villa
1011 1780 1075 1849 sub
1093 1778 1260 1869 parochia
1285 1777 1330 1849 de
1356 1779 1714 1869 Raphalowiczc
1740 1779 1815 1869 sita,
1847 1780 1947 1850 euius
1965 1780 2042 1851 hae

494 1919 552 1971 res
578 1897 742 1969 Nicolaus
767 1896 882 1969 Goth
909 1898 953 1969 de
979 1898 1080 1973 domo
1107 1898 1302 1990 Pylawa.
1329 1899 1370 1969 In
1389 1918 1458 1989 qua
1476 1904 1558 1974 6661
1573 1899 1666 1970 lanei
1693 1901 1938 1990 emethonales‚
1966 1900 2043 1971 itam

493 2020 674 2110 praedium
700 2018 861 2109 militare,
889 2018 932 2091 de
960 2020 1084 2109 quibus
1112 2020 1272 2092 omnihus
1298 2021 1446 2092 solvitur
1472 2020 1607 2091 decima
1631 2020 1857 2111 manipularis
1883 2025 1922 2092 61
1948 2040 2044 2094 cana

497 2140 585 2230 palis
612 2140 778 2211 ecclesiae
805 2141 841 2209 in
868 2138 1026 2211 Przem
1040 2142 1217 2231 ankow,
1245 2146 1281 2213 et
1307 2140 1407 2212 valor
1433 2142 1507 2213 eius
1533 2142 1740 2214 aestimatur
1766 2142 1810 2213 ad
1829 2196 1946 2212 .....

605 2260 972 2350 11666666666666,
1008 2260 1092 2332 villa
1130 2262 1263 2333 hahens
1298 2263 1335 2332 in
1361 2282 1399 2333 se
1433 2262 1668 2351 parochialem
1703 2263 1900 2338 ecclesiam,
1912 2316 2046 2332 ......

499 2382 596 2453 cuius
614 2381 739 2453 haeres
758 2381 907 2453 Thomas
934 2380 1311 2473 Rachualowslrp
1337 2382 1501 2454 dedomo
1528 2379 1781 2475 Grzymala
1820 2383 2045 2473 Inqnasuot

456 2580 461 2589 „
495 2502 587 2572 lanei
614 2502 863 2591 emethonales,
890 2502 974 2573 item
1000 2502 1238 2594 hortulaniae,
1274 2503 1319 2573 de
1346 2504 1473 2594 quibus
1499 2505 1658 2577 omnihus
1684 2505 1831 2576 solvitur
1857 2510 1896 2575 61
1921 2504 2047 2576 condu-

493 2623 584 2694 citur
611 2622 743 2694 decima
769 2623 994 2713 manipularis
1020 2628 1057 2695 et
1074 2625 1248 2715 canapalis
1276 2624 1441 2695 eeclesiae
1467 2624 1504 2694 in
1530 2624 1875 2716 Przemankow,
1903 2630 2042 2716 practer

495 2742 581 2817 duos
609 2744 727 2816 laneos
755 2745 1008 2835 emethonales,
1035 2745 1078 2816 de
1105 2746 1231 2835 quibus
1257 2744 1451 2816 decimatur
1476 2745 1512 2814 in
1539 2744 1906 2835 Raphalooricze.

596 2864 834 2956 1666616666,
861 2864 945 2937 villa
963 2865 1212 2955 subparochia
1230 2864 1806 2957 deDzyethrzpchowycze
1832 2867 1920 2957 sita,
1950 2866 2044 2939 66166

492 2987 617 3058 haeres
644 2985 836 3059 Stanislaus
862 2984 1136 3077 Pyeuyazek
1171 2986 1342 3057 dedomo
1369 2983 1601 3077 Gyelitha.
1640 2987 1682 3057 In
1709 3008 1778 3077 qua
1803 2992 1886 3059 6661
1912 2994 2043 3078 septem

493 3106 585 3178 lanei
612 3106 860 3197 emethonales,
896 3107 981 3179 item
1007 3108 1188 3196 praedium
1215 3107 1385 3199 militare,
1421 3108 1618 3198 dequibus
1649 3109 1807 3179 omnihus
1834 3108 1986 3181 solvitur
2010 3112 2043 3179 et

404 3230 405 3233 '
493 3228 698 3300 conducitur
733 3226 867 3300 decima
900 3228 1125 3320 manipularis
1160 3233 1196 3300 61
1222 3228 1398 3321 canapalls
1433 3228 1601 3302 ecclesiae
1635 3230 1672 3301 in
1707 3228 2045 3319 Przemankou,
2150 3252 2156 3264 ’

496 3350 593 3421 66166
620 3349 720 3421 valor
748 3403 888 3420 ......

598 3469 799 3561 Brczrozn,
834 3469 917 3543 villa
944 3471 1008 3543 sub
1034 3473 1202 3562 parochia
1227 3472 1272 3544 de
1414 3473 1501 3561 sita,
1528 3472 1625 3543 66166
1651 3471 1849 3562 proprietas
1875 3475 1912 3541 61
1938 3470 2044 3543 domi-

471 3591 588 3684 nium
614 3591 659 3662 ad
686 3591 943 3664 serenissimum
969 3591 1135 3665 Poloniae
1162 3614 1281 3684 regern
1305 3594 1467 3684 pertinet
1506 3591 1548 3664 Iu
1571 3613 1641 3682 qua
1665 3597 1746 3664 sunt
1771 3593 1865 3663 16661
1890 3593 2042 3664 emetha

480 3713 609 3803 males,
635 3713 718 3784 item
736 3713 916 3803 praedium
934 3714 1086 3805 regium,
1105 3714 1149 3788 de
1168 3716 1292 3808 quibus
1315 3716 1464 3787 solvitur
1482 3713 1616 3785 decima
1632 3711 1858 3803 manipularis
1875 3713 2041 3785 eeclesiae

492 3835 528 3904 in
554 3833 898 3926 Przemankow,
925 3836 1022 3908 66166
1048 3837 1148 3910 valor
1174 3837 1219 3908 ad
1246 3842 1396 3928 quatuor
1422 3855 1557 3907 mareas
1584 3835 1798 3906 aestimatur.

595 3955 897 4046 Pronnowrczn,
924 3957 1008 4028 villa
1035 3959 1099 4030 sub
1122 3957 1290 4047 parochia
1316 3958 1360 4028 de
1378 3955 1703 4028 Przemankow
1730 3957 1816 4045 sita,
1843 3955 1941 4026 cuins
1967 3977 2044 4046 pro·

429 4086 432 4096 ·
492 4077 623 4166 pristas
650 4081 686 4148 61
709 4077 896 4149 dominium
923 4077 968 4148 ad
996 4077 1256 4149 serenissimum
1274 4077 1440 4151 Poloniae
1466 4097 1585 4167 regem
1611 4077 1773 4167 pertinet
1813 4077 1854 4148 In
1880 4097 1952 4167 qua
1977 4097 2043 4148 non

493 4202 575 4268 sunt
601 4196 712 4288 lanei,
749 4198 860 4270 solum
886 4197 1107 4269 hortulaniae
1141 4197 1310 4268 habentes
1337 4219 1459 4289 agros,
1495 4197 1539 4268 de
1566 4198 1693 4288 quibus
1718 4197 1876 4269 omnihus
1903 4197 2047 4270 solvitur

495 4317 630 4389 decima
655 4319 883 4410 manipularis
910 4317 1076 4392 eeclesiae
1111 4319 1148 4389 16
1174 4317 1513 4410 Przemankow,
1549 4324 1587 4391 et
1611 4318 1711 4390 valor
1741 4318 1816 4390 6166
1842 4319 2045 4390 aestimatur

347 4454 353 4460 ’
497 4437 542 4510 ad
569 4493 790 4511 .........

611 4559 859 4651 8666666666,
886 4561 969 4634 villa
995 4561 1059 4633 sub
1086 4562 1252 4652 parochia
1278 4562 1322 4634 de
1347 4563 1671 4634 Przemankow
1696 4562 1780 4650 sita,
1805 4561 1905 4632 cuius
1928 4562 2050 4632 haeres

491 4736 609 4768 ,....
635 4682 676 4753 16
695 4703 763 4773 qua
788 4688 844 4755 est
870 4703 940 4753 una
966 4683 1132 4775 taberna,
1161 4685 1246 4755 item
1272 4684 1341 4757 duo
1369 4690 1497 4755 nautae
1524 4684 1691 4754 habentes
1718 4701 1830 4772 agros,
1857 4681 2043 4772 dequibus

489 4804 630 4876 solvunt
665 4803 831 4876 decimam
866 4803 1115 4896 manipularem
1151 4806 1315 4879 ecclesiae
1350 4806 1387 4876 in
1430 4804 1774 4892 Przemankow,
1811 4786 1909 4875 cuius
1946 4803 2041 4875 valor

493 4927 697 4999 aestimatur
723 4925 768 4998 ad
796 4979 964 4997 .......
1284 4930 1287 4934 ’

594 5048 856 5138 8666666666,
889 5047 973 5120 villa
1000 5047 1065 5120 sub
1092 5049 1259 5140 parochia
1295 5048 1340 5120 de
1365 5047 1692 5148 Przemankow
1719 5049 1804 5139 sita,
1840 5047 1938 5119 66166
1965 5069 2042 5138 pro

489 5171 621 5260 prietes
651 5169 695 5241 ad
723 5169 981 5242 serenissimum
1006 5169 1172 5242 Poloniae
1207 5189 1325 5261 regem
1351 5171 1513 5261 pertinet.
1548 5169 1590 5240 16
1617 5189 1687 5261 qua
1712 5175 1767 5240 661
1792 5169 1942 5245 taberna
1967 5189 2041 5258 una,

488 5291 574 5361 item
601 5290 834 5362 molendinum
861 5313 968 5363 unum
994 5277 1127 5363 habens
1154 5311 1258 5382 agros
1286 5292 1332 5363 ad
1350 5311 1426 5363 earn
1452 5292 1645 5382 pertinens,
1672 5291 1715 5364 do
1743 5291 1868 5382 quibus
1895 5291 2041 5364 decima·

490 5412 612 5482 turin
638 5411 980 5486 Przemanlrow.

597 5529 836 5606 Molendinum
863 5535 900 5605 in
919 5534 1053 5626 Lawy
1079 5538 1116 5605 61
1134 5532 1222 5605 duae
1240 5535 1407 5606 tabernae
1433 5554 1497 5626 per
1514 5553 1553 5607 se
1570 5539 1723 5625 stantes,
1747 5534 1916 5607 habentes
1934 5553 2043 5626 agros,

493 5650 536 5724 de
556 5650 680 5744 quihus
699 5653 846 5728 solvitur
865 5655 998 5730 decima
1016 5654 1243 5748 manipularis
1261 5661 1297 5728 et
1310 5657 1486 5748 canapalis
1505 5657 1670 5732 ccclesiae
1687 5658 1725 5731 in
1743 5655 2043 5732 Przemankow.
