4550 6600
1702 790 1776 860 111
1817 753 1822 765 ‘

224 977 356 1051 Sancto
382 978 514 1052 Jacobo
542 976 711 1070 Apostolo
738 979 897 1072 dicatam,
925 982 1022 1055 ouius
1048 984 1173 1057 haeres
1198 984 1325 1059 Petrus
1350 988 1584 1081 Obulyecz
1610 982 1654 1067 de'
1671 995 1777 1069 armis
1885 1052 1890 1061 .

219 1099 553 1191 Odrowansoh,
580 1102 617 1171 in
635 1100 748 1173 media
765 1107 866 1193 parte
884 1104 1003 1195 villae,
1031 1105 1067 1177 in
1086 1106 1157 1178 alia
1182 1102 1402 1200 vcroparte,
1430 1110 1595 1185 Nicotaus
1622 1112 1777 1190 Ghicz-
1819 1178 1822 1181 .

222 1224 324 1314 sky,
361 1222 540 1295 lohannes
576 1220 877 1315 Gyedeozsky
911 1225 953 1299 de
988 1227 1094 1298 armis
1131 1224 1416 1333 Griflonum‚
1443 1237 1481 1304 et
1506 1233 1657 1309 lacobus
1683 1238 1777 1331 Rey

220 1346 264 1417 de
290 1344 326 1415 N
337 1345 590 1435 aglowicze
617 1344 661 1417 de
687 1346 793 1417 armis
819 1345 920 1419 011.
964 1347 1005 1419 In
1033 1370 1101 1439 qua
1127 1354 1210 1422 sunt
1235 1350 1385 1424 sedecim
1412 1352 1507 1425 lanei
1532 1357 1776 1453 emethonales,

222 1466 412 1557 dequibus
440 1467 587 1539 solvitur
613 1472 649 1539 et
672 1466 875 1541 conducitur
902 1468 1035 1543 decima
1061 1472 1288 1562 manipularis
1314 1478 1351 1546 et
1369 1475 1563 1567 canapalis,
1589 1498 1658 1552 uno
1685 1501 1776 1554 anno

226 1610 290 1680 pro
310 1587 470 1661 custodia
495 1587 707 1680 Kelcziensi,
738 1589 849 1662 altero
867 1610 931 1681 pro
950 1592 1151 1682 praebenda
1167 1592 1381 1687 Kelcziensi,
1405 1617 1495 1687 quae
1513 1597 1643 1688 dicitur
1660 1599 1776 1675 Pirsz·

220 1710 382 1800 niczska,
411 1716 447 1782 et
466 1710 564 1783 valor
582 1712 656 1783 aius
675 1712 878 1785 aestimatur
904 1712 1085 1786 addacem
1112 1735 1267 1805 maroas;
1293 1717 1376 1788 item
1396 1718 1484 1791 duae
1502 1721 1668 1795 tabernae
1686 1724 1776 1797 mili-

218 1838 327 1922 tares,
347 1832 409 1904 sed
427 1853 497 1905 non
514 1832 645 1905 habent
662 1816 785 1924 agros3
803 1834 886 1905 item
904 1834 1123 1907 hortulaniae
1142 1856 1212 1909 non
1230 1842 1320 1909 sunt.
1347 1836 1516 1913 Plebania
1534 1846 1650 1914 autem
1668 1844 1776 1919 habet

218 1953 407 2026 introitus:
431 1953 617 2044 erpuino,
643 1974 707 2045 pro
734 1954 877 2045 praedio
905 1975 967 2029 suo
995 1955 1103 2028 habet
1129 1977 1254 2047 agrum
1271 1957 1402 2031 dictum
1429 1958 1775 2058 Markusszowka,

218 2079 301 2148 item
338 2096 462 2167 agrum
488 2074 629 2147 dictum
657 2073 919 2167 Gasthowka‚
955 2077 1039 2151 item
1065 2097 1188 2168 11111111
1223 2078 1355 2153 dietum
1380 2079 1540 2174 Kapya
1575 2084 1658 2156 item
1694 2092 1776 2177 post

219 2218 346 2290 gayum
374 2218 543 2288 magnum,
573 2217 730 2288 campum
757 2198 930 2271 detritus
958 2198 1098 2290 stadiis,
1125 2199 1210 2275 item
1227 2220 1349 2291 agrum
1366 2206 1447 2293 post
1463 2202 1629 2293 piscinam
1647 2205 1776 2279 dictam
1909 2285 1911 2290 ,

218 2320 408 2417 Szmilou
434 2322 543 2410 stau,
579 2324 616 2391 et
642 2324 781 2410 pratum
816 2319 944 2393 ibidem
980 2319 1109 2393 dictum
1141 2319 1331 2414 Wrothy,
1365 2322 1449 2396 item
1484 2344 1608 2415 agrum
1644 2326 1776 2401 dictum

219 2437 472 2513 Barkowska
497 2462 625 2531 nywa,
660 2441 745 2514 item
780 2461 902 2533 agrum
936 2442 973 2516 in
1008 2441 1101 2515 bivio
1138 2462 1181 2514 11
1217 2447 1365 2535 utraque
1401 2444 1495 2516 cirea
1520 2444 1661 2538 collem,
1688 2449 1774 2522 alias

215 2559 426 2660 fflzipoctm
452 2563 536 2635 item
563 2563 669 2636 habet
687 2568 826 2654 pratum
844 2568 925 2654 post
943 2562 1256 2654 Chomanthow3
1281 2565 1365 2637 item
1383 2565 1492 2639 habet
1507 2571 1584 2639 tres
1602 2569 1778 2662 tabernas,

219 2686 390 2757 habentes
418 2685 584 2773 agresta
611 2665 1039 2775 saanoaiwoyowicza
1076 2688 1112 2757 a
1131 2684 1316 2775 auaenoet
1351 2686 1419 2758 sur
1445 2687 1551 2759 solvit
1576 2708 1642 2779 pro
1670 2710 1775 2764 censu
1912 2762 1917 2771 .

219 2828 319 2878 unam
356 2824 527 2895 marcam,
563 2805 647 2876 item
683 2805 790 2877 habet
824 2804 1075 2895 hortulaniam,
1111 2805 1297 2878 habentem
1333 2826 1455 2898 agrum
1489 2811 1527 2880 et
1551 2814 1711 2901 pratum,
1737 2816 1775 2884 et

218 2928 321 3001 solvit
348 2948 413 3019 pro
432 2948 537 2999 censu
555 2947 660 2998 unum
676 2922 857 3017 fertonem,
884 2930 921 2997 et
938 2926 1076 2999 laborat
1093 2947 1200 2998 unum
1218 2925 1309 2998 diem
1327 2926 1490 3018 pedester
1507 2928 1543 3001 in
1561 2931 1776 3022 septimana3

217 3052 298 3122 item
336 3054 420 3122 sunt
446 3050 496 3121 ibi
523 3048 591 3120 duo
618 3046 763 3139 praedia
798 3047 976 3137 militaria,
1013 3046 1175 3119 videlicet
1205 3047 1343 3120 Nicolai
1378 3046 1580 3143 Chiczsky
1615 3056 1652 3123 et
1677 3050 1776 3124 Petri

218 3170 436 3264 Obulyecz‚
475 3176 511 3243 et
538 3169 582 3241 de
608 3174 756 3261 utroque
792 3169 925 3241 decima
951 3169 1178 3259 manipularis
1214 3169 1361 3242 solvitur
1387 3170 1554 3244 ecclesiae
1589 3172 1627 3245 in
1652 3156 1773 3246 Suan-

219 3292 547 3386 dziwoyowicze,
575 3297 612 3364 et
639 3291 736 3366 valor
763 3291 838 3364 eius
865 3290 1071 3364 aestimatur
1098 3288 1257 3364 adduas
1283 3311 1428 3364 mareas.

321 3417 508 3506 Bonuow,
537 3415 601 3488 sub
628 3414 794 3505 parochia
811 3413 854 3485 de
873 3412 1294 3504 Szandziwoyowioze
1320 3413 1398 3486 sita.
1437 3413 1479 3486 In
1497 3433 1566 3506 qua
1583 3418 1666 3488 sunt
1683 3413 1775 3489 lanei

220 3537 471 3628 emethonales,
499 3536 542 3609 de
570 3536 695 3628 quibus
722 3535 870 3608 solvitur
905 3539 942 3607 et
968 3534 1172 3607 conducitur
1198 3533 1333 3607 decima
1358 3515 1583 3626 manipularis
1610 3541 1647 3608 et
1673 3556 1776 3609 cana-

220 3660 324 3750 palia,
363 3679 426 3750 pro
463 3658 609 3730 ecclesia
644 3659 680 3729 in
711 3655 1145 3748 Szandziwoyowicze,
1180 3661 1217 3728 et
1243 3655 1342 3729 valor
1376 3656 1451 3728 eius
1487 3656 1695 3731 aestimatur
1729 3659 1774 3730 ad
1862 3739 1865 3744 ,

222 3787 371 3873 quatuor
397 3801 547 3870 marcas3
573 3781 657 3853 item
683 3778 879 3870 praedium,
905 3779 990 3850 item
1016 3775 1197 3866 tabernae,
1224 3777 1307 3849 item
1333 3776 1551 3850 hortulaniae
1571 3831 1685 3848 .....

322 3901 549 3993 Cunaruow,
585 3901 669 3974 villa
704 3900 858 3992 episcopi
891 3897 1148 3988 cracoviensis,
1193 3897 1257 3970 sub
1284 3896 1452 3988 parochia
1484 3894 1528 3968 dc
1558 3895 1775 3970 Szandzi-

224 4025 498 4117 woyowicze
526 4024 601 4096 sita.
641 4023 683 4094 In
702 4043 772 4114 qua
794 4026 876 4094 sunt
895 4023 1045 4121 quatuor
1062 4019 1154 4090 lanei
1172 4018 1422 4109 emethonales,
1450 4015 1538 4091 duae
1558 4018 1778 4092 hortulaniae

221 4147 388 4219 habentes
416 4166 533 4238 agros,
561 4146 644 4217 item
663 4144 843 4236 praedium
870 4163 975 4215 unum
993 4141 1202 4233 episcopale,
1229 4139 1418 4232 dequibus
1441 4138 1600 4213 omuibus
1627 4132 1775 4213 solvitur

184 4270 188 4276 '
222 4274 256 4340 et
281 4268 486 4342 conducitur
522 4266 655 4339 decima
690 4265 916 4356 manipularis
952 4267 988 4335 et
1010 4261 1184 4354 canapalis
1219 4283 1284 4353 pro
1316 4260 1462 4332 ecclesia
1496 4260 1534 4332 in
1560 4259 1775 4333 Suandzi-
1829 4303 1832 4305 Δ

224 4389 511 4482 uoyowicze,
538 4393 576 4460 11
601 4389 699 4461 valor
727 4387 800 4460 eius
828 4387 1030 4458 aestimatur
1057 4383 1102 4456 ad
1129 4385 1281 4476 quinque
1307 4400 1450 4453 marcas.

324 4509 609 4600 (luouunruow,
637 4509 720 4581 villa
738 4509 803 4581 sub
821 4506 987 4598 parochia
1004 4505 1047 4578 de
1065 4501 1546 4594 Szandziwoyowicze
1563 4500 1653 4590 sita,
1680 4499 1777 4573 cuius

224 4635 344 4706 haeres
372 4631 695 4705 Warczislaus
731 4627 1007 4722 Pyeczonko
1041 4625 1085 4698 de
1112 4627 1220 4698 armis
1254 4623 1483 4716 Vulpium.
1520 4619 1561 4692 ln
1597 4642 1667 4712 qua
1692 4626 1804 4711 suntx

224 4760 292 4828 tres
319 4777 397 4828 oum
423 4755 535 4826 medio
563 4753 655 4826 lanei
682 4741 935 4840 emethonales,
962 4749 1005 4820 de
1033 4747 1157 4838 quibus
1184 4745 1330 4818 solvitur
1356 4748 1394 4816 et
1411 4740 1617 4814 conducitur
1642 4739 1776 4814 decima

225 4877 447 4969 manipularis
475 4881 510 4948 et
537 4875 730 4966 canapalis,
757 4894 826 4944 uno
855 4891 944 4944 anno
977 4889 1040 4960 pro
1068 4865 1303 4940 vicecustodia
1327 4861 1541 4952 Kelcziensi,
1573 4861 1685 4933 altero
1712 4882 1777 4953 pro

226 4999 354 5070 vicaria
387 4997 602 5070 Kelcziensis
638 4992 856 5086 praebendae
891 4987 1181 5082 Pyrzszniozska,
1223 4985 1320 5058 cuius
1356 4983 1460 5056 valor
1491 4981 1698 5054 aestimatur
1732 4981 1778 5053 ad

226 5123 295 5191 tres
321 5139 476 5208 maroas3
502 5120 587 5190 item
612 5115 793 5208 praedium
820 5133 927 5185 unum
953 5111 1122 5198 militare,
1150 5111 1186 5179 et
1208 5126 1278 5180 una
1294 5103 1495 5178 hortulania
1510 5102 1643 5176 habens
1662 5121 1776 5193 agros,

228 5239 268 5312 de
295 5241 419 5332 quibus
446 5240 593 5312 solvitur
620 5237 752 5309 decima
785 5231 1011 5324 manipularis
1038 5228 1203 5303 ccclesiae
1229 5228 1266 5299 in
1292 5223 1778 5315 Szandziwoyowicze,

229 5366 262 5432 11
286 5366 364 5453 post
390 5361 524 5452 aliquas
550 5360 663 5450 petias
689 5375 853 5448 agrorum
885 5351 1168 5440 emethonalium,
1203 5353 1240 5420 et
1264 5348 1363 5421 valor
1400 5346 1476 5418 eius
1502 5344 1708 5422 aestimatur
1733 5342 1780 5417 ad

229 5486 299 5556 tres
325 5502 470 5572 marcas
496 5482 581 5553 item
607 5480 774 5552 tabernae
802 5497 870 5550 non
898 5473 1042 5546 suntin
1069 5471 1191 5544 eadem
1217 5469 1308 5540 villa.

318 5593 558 5692 8110111011,
585 5600 669 5672 villa
696 5599 761 5670 sub
787 5595 954 5688 parochia
985 5592 1028 5666 de
1055 5585 1536 5679 Szandziwoyowioze
1562 5583 1645 5674 sita,
1681 5581 1778 5655 cuius

229 5723 348 5797 haeres
373 5723 531 5815 Zegotha
557 5721 816 5812 Baliczsky
834 5718 877 5792 dc
895 5716 1002 5790 armis
1020 5711 1342 5806 Bippennium.
1382 5708 1423 5781 In
1442 5726 1511 5800 qua
1530 5709 1611 5779 sunt
1628 5703 1778 5796 quinque

329 5891 488 5938 1111111111
507 5891 537 5935 11.
1573 5853 1611 5901 ⁴8
