<?xml version="1.0" encoding="UTF-8"?>
<!DOCTYPE html PUBLIC "-//W3C//DTD XHTML 1.0 Transitional//EN"
    "http://www.w3.org/TR/xhtml1/DTD/xhtml1-transitional.dtd">
<html xmlns="http://www.w3.org/1999/xhtml" xml:lang="en" lang="en">
 <head>
  <title>
</title>
<meta http-equiv="Content-Type" content="text/html;charset=utf-8" />
  <meta name='ocr-system' content='tesseract 3.04.00' />
  <meta name='ocr-capabilities' content='ocr_page ocr_carea ocr_par ocr_line ocrx_word'/>
</head>
<body>
  <div class='ocr_page' id='page_1' title='image "./operaomnia03paulgoog_0286.png"; bbox 0 0 4550 6600; ppageno 0'>
   <div class='ocr_carea' id='block_1_1' title="bbox 1705 706 1865 829">
    <p class='ocr_par' dir='ltr' id='par_1_1' title="bbox 1705 706 1865 829">
     <span class='ocr_line' id='line_1_1' title="bbox 1705 706 1865 829; baseline -0.019 0"><span class='ocrx_word' id='word_1_1' title='bbox 1705 728 1780 829; x_wconf 78' lang='lat' dir='ltr'>aas</span> <span class='ocrx_word' id='word_1_2' title='bbox 1861 706 1865 713; x_wconf 63' lang='grc'>’</span> 
     </span>
    </p>
   </div>
   <div class='ocr_carea' id='block_1_2' title="bbox 223 943 1874 2267">
    <p class='ocr_par' dir='ltr' id='par_1_2' title="bbox 226 943 1822 1279">
     <span class='ocr_line' id='line_1_2' title="bbox 229 943 1822 1052; baseline 0.003 -21"><span class='ocrx_word' id='word_1_3' title='bbox 229 960 436 1031; x_wconf 88' lang='lat' dir='ltr'>aestimatur.</span> <span class='ocrx_word' id='word_1_4' title='bbox 473 958 559 1029; x_wconf 82' lang='lat' dir='ltr'>Item</span> <span class='ocrx_word' id='word_1_5' title='bbox 590 956 770 1049; x_wconf 76' lang='lat' dir='ltr'>praedium</span> <span class='ocrx_word' id='word_1_6' title='bbox 806 980 912 1031; x_wconf 91' lang='lat' dir='ltr'>unum</span> <span class='ocrx_word' id='word_1_7' title='bbox 942 958 1122 1049; x_wconf 81' lang='lat' dir='ltr'>haeredis,</span> <span class='ocrx_word' id='word_1_8' title='bbox 1159 959 1202 1031; x_wconf 91' lang='lat' dir='ltr'>de</span> <span class='ocrx_word' id='word_1_9' title='bbox 1229 960 1327 1033; x_wconf 91' lang='lat' dir='ltr'>cuius</span> <span class='ocrx_word' id='word_1_10' title='bbox 1353 962 1448 1052; x_wconf 83' lang='lat' dir='ltr'>agris</span> <span class='ocrx_word' id='word_1_11' title='bbox 1476 962 1623 1033; x_wconf 85' lang='lat' dir='ltr'>solvitur</span> <span class='ocrx_word' id='word_1_12' title='bbox 1649 962 1783 1035; x_wconf 89' lang='lat' dir='ltr'>decima</span> <span class='ocrx_word' id='word_1_13' title='bbox 1817 943 1822 955; x_wconf 57' lang='grc'><em>’</em></span> 
     </span>
     <span class='ocr_line' id='line_1_3' title="bbox 226 1079 1781 1173; baseline 0 -17"><span class='ocrx_word' id='word_1_14' title='bbox 226 1080 448 1173; x_wconf 83' lang='lat' dir='ltr'><strong>manipularis</strong></span> <span class='ocrx_word' id='word_1_15' title='bbox 474 1080 639 1151; x_wconf 89' lang='lat' dir='ltr'>ecclesiae</span> <span class='ocrx_word' id='word_1_16' title='bbox 666 1080 702 1150; x_wconf 92' lang='lat' dir='ltr'>in</span> <span class='ocrx_word' id='word_1_17' title='bbox 721 1079 1076 1171; x_wconf 83' lang='lat' dir='ltr'>Thengoborza,</span> <span class='ocrx_word' id='word_1_18' title='bbox 1104 1085 1140 1152; x_wconf 90' lang='grc'>61</span> <span class='ocrx_word' id='word_1_19' title='bbox 1166 1080 1263 1153; x_wconf 85' lang='lat' dir='ltr'>valor</span> <span class='ocrx_word' id='word_1_20' title='bbox 1290 1083 1365 1153; x_wconf 90' lang='lat' dir='ltr'>eius</span> <span class='ocrx_word' id='word_1_21' title='bbox 1391 1085 1596 1168; x_wconf 75' lang='lat' dir='ltr'>aestimatum</span> <span class='ocrx_word' id='word_1_22' title='bbox 1623 1084 1668 1156; x_wconf 90' lang='lat' dir='ltr'>ad</span> <span class='ocrx_word' id='word_1_23' title='bbox 1694 1084 1781 1156; x_wconf 90' lang='lat' dir='ltr'>duas</span> 
     </span>
     <span class='ocr_line' id='line_1_4' title="bbox 227 1176 1137 1279; baseline -0.007 0"><span class='ocrx_word' id='word_1_24' title='bbox 227 1223 366 1279; x_wconf 84' lang='lat' dir='ltr'>marcas.</span> <span class='ocrx_word' id='word_1_25' title='bbox 541 1210 545 1213; x_wconf 82' lang='grc'><strong>’</strong></span> <span class='ocrx_word' id='word_1_26' title='bbox 1133 1176 1137 1183; x_wconf 45' lang='grc'><strong>’</strong></span> 
     </span>
    </p>

    <p class='ocr_par' dir='ltr' id='par_1_3' title="bbox 225 1301 1874 1908">
     <span class='ocr_line' id='line_1_5' title="bbox 327 1301 1771 1416; baseline 0.001 -20"><span class='ocrx_word' id='word_1_27' title='bbox 327 1322 515 1414; x_wconf 69' lang='lat' dir='ltr'>sinopa,</span> <span class='ocrx_word' id='word_1_28' title='bbox 542 1324 625 1397; x_wconf 87' lang='lat' dir='ltr'>uilla</span> <span class='ocrx_word' id='word_1_29' title='bbox 644 1325 708 1396; x_wconf 91' lang='lat' dir='ltr'>sub</span> <span class='ocrx_word' id='word_1_30' title='bbox 727 1324 892 1415; x_wconf 90' lang='lat' dir='ltr'>parochia</span> <span class='ocrx_word' id='word_1_31' title='bbox 910 1324 953 1395; x_wconf 90' lang='lat' dir='ltr'>de</span> <span class='ocrx_word' id='word_1_32' title='bbox 980 1324 1003 1397; x_wconf 89' lang='lat' dir='ltr'>J</span> <span class='ocrx_word' id='word_1_33' title='bbox 1013 1325 1359 1416; x_wconf 85' lang='lat' dir='ltr'>akubkowycze</span> <span class='ocrx_word' id='word_1_34' title='bbox 1383 1326 1468 1415; x_wconf 86' lang='lat' dir='ltr'>sita,</span> <span class='ocrx_word' id='word_1_35' title='bbox 1504 1326 1602 1397; x_wconf 91' lang='lat' dir='ltr'>cuins</span> <span class='ocrx_word' id='word_1_36' title='bbox 1629 1301 1771 1399; x_wconf 54' lang='lat' dir='ltr'>haeres,</span> 
     </span>
     <span class='ocr_line' id='line_1_6' title="bbox 225 1434 1874 1539; baseline 0.001 -20"><span class='ocrx_word' id='word_1_37' title='bbox 225 1446 475 1537; x_wconf 81' lang='lat' dir='ltr'>Zagorslry.</span> <span class='ocrx_word' id='word_1_38' title='bbox 511 1446 551 1516; x_wconf 90' lang='lat' dir='ltr'>In</span> <span class='ocrx_word' id='word_1_39' title='bbox 580 1467 647 1536; x_wconf 91' lang='lat' dir='ltr'>qua</span> <span class='ocrx_word' id='word_1_40' title='bbox 674 1451 756 1518; x_wconf 89' lang='lat' dir='ltr'>sunt</span> <span class='ocrx_word' id='word_1_41' title='bbox 782 1446 873 1517; x_wconf 86' lang='grc'><strong>16661</strong></span> <span class='ocrx_word' id='word_1_42' title='bbox 899 1446 1154 1539; x_wconf 83' lang='lat' dir='ltr'>emethonales,</span> <span class='ocrx_word' id='word_1_43' title='bbox 1191 1445 1234 1517; x_wconf 91' lang='lat' dir='ltr'>de</span> <span class='ocrx_word' id='word_1_44' title='bbox 1261 1446 1387 1536; x_wconf 90' lang='lat' dir='ltr'>quibus</span> <span class='ocrx_word' id='word_1_45' title='bbox 1415 1447 1563 1519; x_wconf 88' lang='lat' dir='ltr'>solvitur</span> <span class='ocrx_word' id='word_1_46' title='bbox 1589 1453 1626 1519; x_wconf 89' lang='lat' dir='ltr'>et</span> <span class='ocrx_word' id='word_1_47' title='bbox 1653 1434 1792 1521; x_wconf 64' lang='lat' dir='ltr'>condo?</span> <span class='ocrx_word' id='word_1_48' title='bbox 1867 1522 1874 1529; x_wconf 84' lang='grc'><strong><em>,</em></strong></span> 
     </span>
     <span class='ocr_line' id='line_1_7' title="bbox 227 1567 1768 1660; baseline 0.001 -20"><span class='ocrx_word' id='word_1_49' title='bbox 227 1570 312 1641; x_wconf 92' lang='lat' dir='ltr'>citur</span> <span class='ocrx_word' id='word_1_50' title='bbox 340 1567 475 1639; x_wconf 88' lang='lat' dir='ltr'>decima</span> <span class='ocrx_word' id='word_1_51' title='bbox 510 1567 735 1658; x_wconf 81' lang='lat' dir='ltr'>manipularis</span> <span class='ocrx_word' id='word_1_52' title='bbox 770 1571 807 1637; x_wconf 92' lang='grc'>61</span> <span class='ocrx_word' id='word_1_53' title='bbox 833 1568 1008 1657; x_wconf 89' lang='lat' dir='ltr'>canapalis</span> <span class='ocrx_word' id='word_1_54' title='bbox 1045 1588 1110 1657; x_wconf 93' lang='lat' dir='ltr'>pro</span> <span class='ocrx_word' id='word_1_55' title='bbox 1147 1568 1293 1639; x_wconf 89' lang='lat' dir='ltr'>ecclesia</span> <span class='ocrx_word' id='word_1_56' title='bbox 1328 1568 1364 1637; x_wconf 93' lang='lat' dir='ltr'>in</span> <span class='ocrx_word' id='word_1_57' title='bbox 1390 1567 1768 1660; x_wconf 85' lang='lat' dir='ltr'>Jakubkowycze</span> 
     </span>
     <span class='ocr_line' id='line_1_8' title="bbox 225 1688 1780 1779; baseline 0.002 -17"><span class='ocrx_word' id='word_1_58' title='bbox 225 1691 318 1761; x_wconf 88' lang='lat' dir='ltr'>cuins</span> <span class='ocrx_word' id='word_1_59' title='bbox 345 1689 445 1762; x_wconf 87' lang='lat' dir='ltr'>valor</span> <span class='ocrx_word' id='word_1_60' title='bbox 471 1688 678 1760; x_wconf 89' lang='lat' dir='ltr'>aestimatur</span> <span class='ocrx_word' id='word_1_61' title='bbox 697 1688 741 1759; x_wconf 88' lang='lat' dir='ltr'>ad</span> <span class='ocrx_word' id='word_1_62' title='bbox 760 1692 909 1779; x_wconf 88' lang='lat' dir='ltr'>quatuor</span> <span class='ocrx_word' id='word_1_63' title='bbox 935 1708 1079 1759; x_wconf 89' lang='lat' dir='ltr'>marcas.</span> <span class='ocrx_word' id='word_1_64' title='bbox 1106 1688 1192 1759; x_wconf 90' lang='lat' dir='ltr'>Item</span> <span class='ocrx_word' id='word_1_65' title='bbox 1220 1688 1403 1779; x_wconf 82' lang='lat' dir='ltr'>praedium</span> <span class='ocrx_word' id='word_1_66' title='bbox 1429 1689 1589 1761; x_wconf 88' lang='lat' dir='ltr'>similiter</span> <span class='ocrx_word' id='word_1_67' title='bbox 1616 1691 1780 1765; x_wconf 88' lang='lat' dir='ltr'>ecclesiae</span> 
     </span>
     <span class='ocr_line' id='line_1_9' title="bbox 225 1809 1165 1908; baseline -0.003 -25"><span class='ocrx_word' id='word_1_68' title='bbox 225 1812 331 1883; x_wconf 90' lang='lat' dir='ltr'>eidem</span> <span class='ocrx_word' id='word_1_69' title='bbox 359 1810 525 1908; x_wconf 88' lang='lat' dir='ltr'>decimat,</span> <span class='ocrx_word' id='word_1_70' title='bbox 553 1810 650 1881; x_wconf 88' lang='grc'><strong>66166</strong></span> <span class='ocrx_word' id='word_1_71' title='bbox 676 1809 775 1881; x_wconf 89' lang='lat' dir='ltr'>valor</span> <span class='ocrx_word' id='word_1_72' title='bbox 802 1809 847 1881; x_wconf 90' lang='lat' dir='ltr'>ad</span> <span class='ocrx_word' id='word_1_73' title='bbox 874 1830 978 1881; x_wconf 87' lang='lat' dir='ltr'>unam</span> <span class='ocrx_word' id='word_1_74' title='bbox 1004 1830 1165 1883; x_wconf 88' lang='lat' dir='ltr'>marcam.</span> 
     </span>
    </p>

    <p class='ocr_par' dir='ltr' id='par_1_4' title="bbox 223 1930 1780 2267">
     <span class='ocr_line' id='line_1_10' title="bbox 324 1930 1780 2023; baseline 0.001 -20"><span class='ocrx_word' id='word_1_75' title='bbox 324 1930 644 2021; x_wconf 78' lang='lat' dir='ltr'>MrcnsnczowA,</span> <span class='ocrx_word' id='word_1_76' title='bbox 681 1932 764 2003; x_wconf 88' lang='lat' dir='ltr'>villa</span> <span class='ocrx_word' id='word_1_77' title='bbox 790 1931 854 2003; x_wconf 89' lang='lat' dir='ltr'>snb</span> <span class='ocrx_word' id='word_1_78' title='bbox 890 1931 1058 2021; x_wconf 88' lang='lat' dir='ltr'>parochia</span> <span class='ocrx_word' id='word_1_79' title='bbox 1085 1932 1127 2001; x_wconf 90' lang='lat' dir='ltr'>de</span> <span class='ocrx_word' id='word_1_80' title='bbox 1154 1930 1535 2023; x_wconf 83' lang='lat' dir='ltr'>Jakubhowycze</span> <span class='ocrx_word' id='word_1_81' title='bbox 1569 1934 1655 2023; x_wconf 89' lang='lat' dir='ltr'>sita,</span> <span class='ocrx_word' id='word_1_82' title='bbox 1683 1934 1780 2005; x_wconf 90' lang='lat' dir='ltr'>cuins</span> 
     </span>
     <span class='ocr_line' id='line_1_11' title="bbox 223 2050 1777 2142; baseline -0.003 -13"><span class='ocrx_word' id='word_1_83' title='bbox 223 2054 388 2129; x_wconf 90' lang='lat' dir='ltr'>haeredes</span> <span class='ocrx_word' id='word_1_84' title='bbox 415 2051 598 2142; x_wconf 87' lang='lat' dir='ltr'>Nicolans,</span> <span class='ocrx_word' id='word_1_85' title='bbox 625 2052 836 2141; x_wconf 86' lang='lat' dir='ltr'>Stanislaus,</span> <span class='ocrx_word' id='word_1_86' title='bbox 872 2050 1025 2124; x_wconf 88' lang='lat' dir='ltr'>Jacobus</span> <span class='ocrx_word' id='word_1_87' title='bbox 1041 2058 1088 2123; x_wconf 73' lang='grc'>’61</span> <span class='ocrx_word' id='word_1_88' title='bbox 1115 2052 1291 2124; x_wconf 88' lang='lat' dir='ltr'>Martinus</span> <span class='ocrx_word' id='word_1_89' title='bbox 1324 2051 1453 2124; x_wconf 86' lang='lat' dir='ltr'>fratres</span> <span class='ocrx_word' id='word_1_90' title='bbox 1480 2054 1523 2125; x_wconf 89' lang='lat' dir='ltr'>de</span> <span class='ocrx_word' id='word_1_91' title='bbox 1550 2055 1656 2124; x_wconf 87' lang='lat' dir='ltr'>armis</span> <span class='ocrx_word' id='word_1_92' title='bbox 1675 2110 1777 2124; x_wconf 91' lang='lat'><strong>.....</strong></span> 
     </span>
     <span class='ocr_line' id='line_1_12' title="bbox 223 2170 1779 2267; baseline -0.003 -18"><span class='ocrx_word' id='word_1_93' title='bbox 223 2178 261 2249; x_wconf 93' lang='lat' dir='ltr'>ln</span> <span class='ocrx_word' id='word_1_94' title='bbox 288 2196 356 2267; x_wconf 85' lang='lat' dir='ltr'>qna</span> <span class='ocrx_word' id='word_1_95' title='bbox 383 2174 475 2247; x_wconf 90' lang='lat' dir='ltr'>lanei</span> <span class='ocrx_word' id='word_1_96' title='bbox 509 2170 764 2264; x_wconf 86' lang='lat' dir='ltr'>emethonales,</span> <span class='ocrx_word' id='word_1_97' title='bbox 801 2174 844 2245; x_wconf 94' lang='lat' dir='ltr'>de</span> <span class='ocrx_word' id='word_1_98' title='bbox 872 2174 997 2264; x_wconf 92' lang='lat' dir='ltr'>quibus</span> <span class='ocrx_word' id='word_1_99' title='bbox 1025 2173 1172 2245; x_wconf 89' lang='lat' dir='ltr'>solvitur</span> <span class='ocrx_word' id='word_1_100' title='bbox 1198 2179 1236 2245; x_wconf 91' lang='lat' dir='ltr'>et</span> <span class='ocrx_word' id='word_1_101' title='bbox 1262 2174 1466 2245; x_wconf 83' lang='lat' dir='ltr'>conducitur</span> <span class='ocrx_word' id='word_1_102' title='bbox 1501 2174 1635 2246; x_wconf 89' lang='lat' dir='ltr'>decima</span> <span class='ocrx_word' id='word_1_103' title='bbox 1670 2177 1779 2247; x_wconf 88' lang='lat' dir='ltr'>mani-</span> 
     </span>
    </p>
   </div>
   <div class='ocr_carea' id='block_1_3' title="bbox 224 2292 1910 2391">
    <p class='ocr_par' dir='ltr' id='par_1_5' title="bbox 224 2292 1910 2391">
     <span class='ocr_line' id='line_1_13' title="bbox 224 2292 1910 2391; baseline -0.002 -20"><span class='ocrx_word' id='word_1_104' title='bbox 224 2298 350 2391; x_wconf 88' lang='lat' dir='ltr'>pularis</span> <span class='ocrx_word' id='word_1_105' title='bbox 377 2301 414 2368; x_wconf 91' lang='lat' dir='ltr'>ot</span> <span class='ocrx_word' id='word_1_106' title='bbox 445 2296 621 2387; x_wconf 80' lang='lat' dir='ltr'>cenapolis</span> <span class='ocrx_word' id='word_1_107' title='bbox 656 2316 720 2386; x_wconf 87' lang='lat' dir='ltr'>pro</span> <span class='ocrx_word' id='word_1_108' title='bbox 757 2294 920 2385; x_wconf 91' lang='lat' dir='ltr'>episcopo</span> <span class='ocrx_word' id='word_1_109' title='bbox 957 2292 1198 2385; x_wconf 87' lang='lat' dir='ltr'>Cracovieusi,</span> <span class='ocrx_word' id='word_1_110' title='bbox 1235 2295 1333 2367; x_wconf 89' lang='lat' dir='ltr'>cuins</span> <span class='ocrx_word' id='word_1_111' title='bbox 1370 2295 1468 2367; x_wconf 81' lang='lat' dir='ltr'>valor</span> <span class='ocrx_word' id='word_1_112' title='bbox 1503 2296 1708 2367; x_wconf 88' lang='lat' dir='ltr'>aestimatur</span> <span class='ocrx_word' id='word_1_113' title='bbox 1734 2298 1780 2368; x_wconf 91' lang='lat' dir='ltr'>ad</span> <span class='ocrx_word' id='word_1_114' title='bbox 1906 2314 1910 2319; x_wconf 84' lang='lat'>·</span> 
     </span>
    </p>
   </div>
   <div class='ocr_carea' id='block_1_4' title="bbox 224 2416 1779 2512">
    <p class='ocr_par' dir='ltr' id='par_1_6' title="bbox 224 2416 1779 2512">
     <span class='ocr_line' id='line_1_14' title="bbox 224 2416 1779 2512; baseline -0.001 -21"><span class='ocrx_word' id='word_1_115' title='bbox 224 2421 371 2512; x_wconf 85' lang='lat' dir='ltr'>quinque</span> <span class='ocrx_word' id='word_1_116' title='bbox 406 2437 550 2491; x_wconf 89' lang='lat' dir='ltr'>marcas.</span> <span class='ocrx_word' id='word_1_117' title='bbox 585 2417 674 2491; x_wconf 86' lang='lat' dir='ltr'>Item</span> <span class='ocrx_word' id='word_1_118' title='bbox 710 2421 792 2489; x_wconf 88' lang='lat' dir='ltr'>sunt</span> <span class='ocrx_word' id='word_1_119' title='bbox 817 2416 867 2489; x_wconf 88' lang='lat' dir='ltr'>ibi</span> <span class='ocrx_word' id='word_1_120' title='bbox 900 2422 1050 2507; x_wconf 85' lang='lat' dir='ltr'>quatuor</span> <span class='ocrx_word' id='word_1_121' title='bbox 1084 2417 1221 2507; x_wconf 91' lang='lat' dir='ltr'>curiae,</span> <span class='ocrx_word' id='word_1_122' title='bbox 1258 2438 1405 2507; x_wconf 89' lang='lat' dir='ltr'>quarum</span> <span class='ocrx_word' id='word_1_123' title='bbox 1439 2416 1584 2508; x_wconf 89' lang='lat' dir='ltr'>praedia</span> <span class='ocrx_word' id='word_1_124' title='bbox 1609 2418 1779 2508; x_wconf 89' lang='lat' dir='ltr'>depositis</span> 
     </span>
    </p>
   </div>
   <div class='ocr_carea' id='block_1_5' title="bbox 224 2537 1906 2631">
    <p class='ocr_par' dir='ltr' id='par_1_7' title="bbox 224 2537 1906 2631">
     <span class='ocr_line' id='line_1_15' title="bbox 224 2537 1906 2631; baseline -0.001 -18"><span class='ocrx_word' id='word_1_125' title='bbox 224 2540 476 2629; x_wconf 90' lang='lat' dir='ltr'>cmetbonibus,</span> <span class='ocrx_word' id='word_1_126' title='bbox 501 2538 675 2613; x_wconf 82' lang='lat' dir='ltr'>instituta</span> <span class='ocrx_word' id='word_1_127' title='bbox 712 2544 810 2629; x_wconf 86' lang='lat' dir='ltr'>sunt,</span> <span class='ocrx_word' id='word_1_128' title='bbox 846 2537 890 2609; x_wconf 91' lang='lat' dir='ltr'>de</span> <span class='ocrx_word' id='word_1_129' title='bbox 919 2538 1076 2611; x_wconf 90' lang='lat' dir='ltr'>omnibns</span> <span class='ocrx_word' id='word_1_130' title='bbox 1111 2543 1228 2611; x_wconf 82' lang='grc'><strong>166666</strong></span> <span class='ocrx_word' id='word_1_131' title='bbox 1254 2538 1394 2611; x_wconf 87' lang='lat' dir='ltr'>solvunt</span> <span class='ocrx_word' id='word_1_132' title='bbox 1420 2537 1587 2609; x_wconf 85' lang='lat' dir='ltr'>decimam</span> <span class='ocrx_word' id='word_1_133' title='bbox 1615 2540 1777 2631; x_wconf 87' lang='lat' dir='ltr'>episcopo</span> <span class='ocrx_word' id='word_1_134' title='bbox 1903 2591 1906 2597; x_wconf 20' lang='lat' dir='ltr'>n</span> 
     </span>
    </p>
   </div>
   <div class='ocr_carea' id='block_1_6' title="bbox 222 2661 1777 3484">
    <p class='ocr_par' dir='ltr' id='par_1_8' title="bbox 222 2661 508 2735">
     <span class='ocr_line' id='line_1_16' title="bbox 222 2661 508 2735; baseline -0.01 0"><span class='ocrx_word' id='word_1_135' title='bbox 222 2661 450 2735; x_wconf 85' lang='lat' dir='ltr'>Gracoviensi.</span> <span class='ocrx_word' id='word_1_136' title='bbox 504 2698 508 2705; x_wconf 92' lang='lat'>·</span> 
     </span>
    </p>

    <p class='ocr_par' dir='ltr' id='par_1_9' title="bbox 223 2780 1777 3484">
     <span class='ocr_line' id='line_1_17' title="bbox 322 2780 1777 2873; baseline 0 -19"><span class='ocrx_word' id='word_1_137' title='bbox 322 2782 516 2871; x_wconf 68' lang='lat' dir='ltr'>Leucaro,</span> <span class='ocrx_word' id='word_1_138' title='bbox 543 2781 626 2853; x_wconf 89' lang='lat' dir='ltr'>villa</span> <span class='ocrx_word' id='word_1_139' title='bbox 653 2782 717 2853; x_wconf 91' lang='lat' dir='ltr'>sub</span> <span class='ocrx_word' id='word_1_140' title='bbox 744 2782 910 2873; x_wconf 87' lang='lat' dir='ltr'>parochia</span> <span class='ocrx_word' id='word_1_141' title='bbox 936 2781 1100 2853; x_wconf 89' lang='lat' dir='ltr'>ecclesiae</span> <span class='ocrx_word' id='word_1_142' title='bbox 1122 2781 1166 2853; x_wconf 89' lang='lat' dir='ltr'>de</span> <span class='ocrx_word' id='word_1_143' title='bbox 1183 2780 1207 2853; x_wconf 89' lang='lat' dir='ltr'>J</span> <span class='ocrx_word' id='word_1_144' title='bbox 1215 2780 1555 2872; x_wconf 84' lang='lat' dir='ltr'>akubkowycze</span> <span class='ocrx_word' id='word_1_145' title='bbox 1582 2782 1660 2871; x_wconf 89' lang='lat' dir='ltr'>sita,</span> <span class='ocrx_word' id='word_1_146' title='bbox 1679 2784 1777 2854; x_wconf 91' lang='lat' dir='ltr'>onius</span> 
     </span>
     <span class='ocr_line' id='line_1_18' title="bbox 223 2901 1776 2994; baseline -0.003 -15"><span class='ocrx_word' id='word_1_147' title='bbox 223 2908 343 2979; x_wconf 81' lang='lat' dir='ltr'>haeres</span> <span class='ocrx_word' id='word_1_148' title='bbox 371 2904 536 2977; x_wconf 90' lang='lat' dir='ltr'>Nicolaus</span> <span class='ocrx_word' id='word_1_149' title='bbox 563 2901 790 2993; x_wconf 87' lang='lat' dir='ltr'>Wyernek</span> <span class='ocrx_word' id='word_1_150' title='bbox 817 2902 860 2973; x_wconf 92' lang='lat' dir='ltr'>de</span> <span class='ocrx_word' id='word_1_151' title='bbox 887 2902 993 2973; x_wconf 88' lang='lat' dir='ltr'>armis</span> <span class='ocrx_word' id='word_1_152' title='bbox 1020 2902 1042 2974; x_wconf 89' lang='lat' dir='ltr'>J</span> <span class='ocrx_word' id='word_1_153' title='bbox 1053 2924 1207 2994; x_wconf 89' lang='lat' dir='ltr'>anyna.</span> <span class='ocrx_word' id='word_1_154' title='bbox 1233 2902 1274 2972; x_wconf 93' lang='lat' dir='ltr'>In</span> <span class='ocrx_word' id='word_1_155' title='bbox 1302 2924 1370 2993; x_wconf 89' lang='lat' dir='ltr'>qua</span> <span class='ocrx_word' id='word_1_156' title='bbox 1396 2908 1479 2975; x_wconf 92' lang='lat' dir='ltr'>sunt</span> <span class='ocrx_word' id='word_1_157' title='bbox 1505 2902 1598 2973; x_wconf 90' lang='lat' dir='ltr'>lanei</span> <span class='ocrx_word' id='word_1_158' title='bbox 1624 2904 1776 2975; x_wconf 87' lang='lat' dir='ltr'>emetho-</span> 
     </span>
     <span class='ocr_line' id='line_1_19' title="bbox 223 3024 1777 3117; baseline -0.003 -18"><span class='ocrx_word' id='word_1_159' title='bbox 223 3028 324 3117; x_wconf 89' lang='lat' dir='ltr'>nales,</span> <span class='ocrx_word' id='word_1_160' title='bbox 351 3028 437 3099; x_wconf 92' lang='lat' dir='ltr'>item</span> <span class='ocrx_word' id='word_1_161' title='bbox 464 3026 611 3097; x_wconf 76' lang='lat' dir='ltr'>taberna</span> <span class='ocrx_word' id='word_1_162' title='bbox 637 3046 706 3098; x_wconf 91' lang='lat' dir='ltr'>una</span> <span class='ocrx_word' id='word_1_163' title='bbox 733 3029 770 3096; x_wconf 91' lang='grc'>61</span> <span class='ocrx_word' id='word_1_164' title='bbox 796 3024 1016 3097; x_wconf 89' lang='lat' dir='ltr'>hortulaniae</span> <span class='ocrx_word' id='word_1_165' title='bbox 1043 3030 1117 3095; x_wconf 91' lang='lat' dir='ltr'>tres</span> <span class='ocrx_word' id='word_1_166' title='bbox 1144 3024 1313 3095; x_wconf 87' lang='lat' dir='ltr'>habentes</span> <span class='ocrx_word' id='word_1_167' title='bbox 1331 3045 1445 3115; x_wconf 85' lang='lat' dir='ltr'>agros,</span> <span class='ocrx_word' id='word_1_168' title='bbox 1464 3024 1507 3095; x_wconf 91' lang='lat' dir='ltr'>de</span> <span class='ocrx_word' id='word_1_169' title='bbox 1525 3024 1649 3115; x_wconf 91' lang='lat' dir='ltr'>quibus</span> <span class='ocrx_word' id='word_1_170' title='bbox 1667 3025 1777 3095; x_wconf 86' lang='lat' dir='ltr'>onmi-</span> 
     </span>
     <span class='ocr_line' id='line_1_20' title="bbox 225 3145 1776 3235; baseline -0.004 -14"><span class='ocrx_word' id='word_1_171' title='bbox 225 3150 286 3221; x_wconf 93' lang='lat' dir='ltr'>bns</span> <span class='ocrx_word' id='word_1_172' title='bbox 313 3148 464 3220; x_wconf 85' lang='lat' dir='ltr'>solvitur</span> <span class='ocrx_word' id='word_1_173' title='bbox 491 3152 527 3219; x_wconf 91' lang='grc'>61</span> <span class='ocrx_word' id='word_1_174' title='bbox 553 3146 757 3219; x_wconf 87' lang='lat' dir='ltr'>conducitur</span> <span class='ocrx_word' id='word_1_175' title='bbox 784 3145 918 3218; x_wconf 89' lang='lat' dir='ltr'>decima</span> <span class='ocrx_word' id='word_1_176' title='bbox 943 3145 1171 3235; x_wconf 85' lang='lat' dir='ltr'>manipularis</span> <span class='ocrx_word' id='word_1_177' title='bbox 1197 3150 1234 3216; x_wconf 91' lang='lat' dir='ltr'>et</span> <span class='ocrx_word' id='word_1_178' title='bbox 1260 3145 1437 3235; x_wconf 87' lang='lat' dir='ltr'>canapalis</span> <span class='ocrx_word' id='word_1_179' title='bbox 1464 3166 1554 3235; x_wconf 90' lang='lat' dir='ltr'>pro.</span> <span class='ocrx_word' id='word_1_180' title='bbox 1583 3200 1591 3213; x_wconf 92' lang='lat'><strong>.</strong></span> <span class='ocrx_word' id='word_1_181' title='bbox 1618 3200 1625 3213; x_wconf 96' lang='lat'>.</span> <span class='ocrx_word' id='word_1_182' title='bbox 1653 3200 1661 3213; x_wconf 91' lang='lat'><strong>.</strong></span> <span class='ocrx_word' id='word_1_183' title='bbox 1688 3145 1776 3217; x_wconf 91' lang='lat' dir='ltr'>Item</span> 
     </span>
     <span class='ocr_line' id='line_1_21' title="bbox 224 3266 1768 3361; baseline -0.004 -18"><span class='ocrx_word' id='word_1_184' title='bbox 224 3272 275 3343; x_wconf 87' lang='lat' dir='ltr'>est</span> <span class='ocrx_word' id='word_1_185' title='bbox 300 3270 349 3344; x_wconf 94' lang='lat' dir='ltr'>ibi</span> <span class='ocrx_word' id='word_1_186' title='bbox 378 3290 483 3344; x_wconf 91' lang='lat' dir='ltr'>unum</span> <span class='ocrx_word' id='word_1_187' title='bbox 510 3268 700 3361; x_wconf 87' lang='lat' dir='ltr'>praedium,</span> <span class='ocrx_word' id='word_1_188' title='bbox 728 3268 771 3340; x_wconf 93' lang='lat' dir='ltr'>de</span> <span class='ocrx_word' id='word_1_189' title='bbox 798 3268 896 3342; x_wconf 89' lang='lat' dir='ltr'>cuius</span> <span class='ocrx_word' id='word_1_190' title='bbox 922 3268 1016 3360; x_wconf 83' lang='lat' dir='ltr'>agris</span> <span class='ocrx_word' id='word_1_191' title='bbox 1043 3268 1191 3340; x_wconf 88' lang='lat' dir='ltr'>solvitur</span> <span class='ocrx_word' id='word_1_192' title='bbox 1209 3266 1343 3348; x_wconf 83' lang='lat' dir='ltr'>decima</span> <span class='ocrx_word' id='word_1_193' title='bbox 1359 3266 1586 3358; x_wconf 84' lang='lat' dir='ltr'>manipularis</span> <span class='ocrx_word' id='word_1_194' title='bbox 1603 3266 1768 3338; x_wconf 88' lang='lat' dir='ltr'>ecclesiae</span> 
     </span>
     <span class='ocr_line' id='line_1_22' title="bbox 223 3389 1465 3484; baseline -0.006 -17"><span class='ocrx_word' id='word_1_195' title='bbox 223 3394 256 3467; x_wconf 93' lang='lat' dir='ltr'>iu</span> <span class='ocrx_word' id='word_1_196' title='bbox 283 3392 634 3484; x_wconf 84' lang='lat' dir='ltr'>Thengoborza,</span> <span class='ocrx_word' id='word_1_197' title='bbox 661 3391 759 3464; x_wconf 89' lang='lat' dir='ltr'>cuius</span> <span class='ocrx_word' id='word_1_198' title='bbox 786 3390 885 3464; x_wconf 82' lang='lat' dir='ltr'>valor</span> <span class='ocrx_word' id='word_1_199' title='bbox 912 3390 955 3462; x_wconf 87' lang='lat' dir='ltr'>ad</span> <span class='ocrx_word' id='word_1_200' title='bbox 983 3389 1070 3462; x_wconf 88' lang='lat' dir='ltr'>duas</span> <span class='ocrx_word' id='word_1_201' title='bbox 1096 3409 1232 3464; x_wconf 88' lang='lat' dir='ltr'>marcas</span> <span class='ocrx_word' id='word_1_202' title='bbox 1252 3391 1465 3462; x_wconf 86' lang='lat' dir='ltr'>aestimatur.</span> 
     </span>
    </p>
   </div>
   <div class='ocr_carea' id='block_1_7' title="bbox 858 3616 1133 3692">
    <p class='ocr_par' dir='ltr' id='par_1_10' title="bbox 858 3616 1133 3692">
     <span class='ocr_line' id='line_1_23' title="bbox 858 3616 1133 3692; baseline -0.022 0"><span class='ocrx_word' id='word_1_203' title='bbox 858 3616 1133 3692; x_wconf 78' lang='lat' dir='ltr'>Uranourrczn.</span> 
     </span>
    </p>
   </div>
   <div class='ocr_carea' id='block_1_8' title="bbox 193 3754 1864 5804">
    <p class='ocr_par' dir='ltr' id='par_1_11' title="bbox 193 3754 1864 4950">
     <span class='ocr_line' id='line_1_24' title="bbox 322 3754 1776 3848; baseline -0.006 -16"><span class='ocrx_word' id='word_1_204' title='bbox 322 3759 420 3832; x_wconf 88' lang='lat' dir='ltr'>Villa</span> <span class='ocrx_word' id='word_1_205' title='bbox 446 3759 579 3832; x_wconf 88' lang='lat' dir='ltr'>habens</span> <span class='ocrx_word' id='word_1_206' title='bbox 604 3760 640 3830; x_wconf 90' lang='lat' dir='ltr'>in</span> <span class='ocrx_word' id='word_1_207' title='bbox 668 3779 705 3830; x_wconf 90' lang='lat' dir='ltr'>se</span> <span class='ocrx_word' id='word_1_208' title='bbox 732 3758 965 3848; x_wconf 85' lang='lat' dir='ltr'>parochialem</span> <span class='ocrx_word' id='word_1_209' title='bbox 993 3755 1175 3828; x_wconf 89' lang='lat' dir='ltr'>ecclesiam</span> <span class='ocrx_word' id='word_1_210' title='bbox 1202 3756 1362 3845; x_wconf 81' lang='lat' dir='ltr'>ligneam,</span> <span class='ocrx_word' id='word_1_211' title='bbox 1389 3754 1479 3825; x_wconf 84' lang='lat' dir='ltr'>Sanc</span> <span class='ocrx_word' id='word_1_212' title='bbox 1511 3810 1518 3822; x_wconf 93' lang='lat'>.</span> <span class='ocrx_word' id='word_1_213' title='bbox 1546 3809 1553 3822; x_wconf 94' lang='lat'>.</span> <span class='ocrx_word' id='word_1_214' title='bbox 1582 3809 1589 3822; x_wconf 96' lang='lat'>.</span> <span class='ocrx_word' id='word_1_215' title='bbox 1616 3755 1776 3844; x_wconf 85' lang='lat' dir='ltr'>dicatam,</span> 
     </span>
     <span class='ocr_line' id='line_1_25' title="bbox 224 3874 1776 3972; baseline -0.005 -19"><span class='ocrx_word' id='word_1_216' title='bbox 224 3884 317 3954; x_wconf 88' lang='lat' dir='ltr'>cuins</span> <span class='ocrx_word' id='word_1_217' title='bbox 353 3881 552 3972; x_wconf 85' lang='lat' dir='ltr'>proprietas</span> <span class='ocrx_word' id='word_1_218' title='bbox 579 3885 616 3952; x_wconf 90' lang='lat' dir='ltr'>et</span> <span class='ocrx_word' id='word_1_219' title='bbox 643 3881 904 3971; x_wconf 88' lang='lat' dir='ltr'>iuspatronatns</span> <span class='ocrx_word' id='word_1_220' title='bbox 931 3878 975 3951; x_wconf 89' lang='lat' dir='ltr'>ad</span> <span class='ocrx_word' id='word_1_221' title='bbox 1002 3876 1280 3948; x_wconf 87' lang='lat' dir='ltr'>sanctimoniales</span> <span class='ocrx_word' id='word_1_222' title='bbox 1306 3875 1542 3965; x_wconf 85' lang='lat' dir='ltr'>Antiquae</span> <span class='ocrx_word' id='word_1_223' title='bbox 1570 3874 1776 3946; x_wconf 84' lang='lat' dir='ltr'>Sandecz</span> 
     </span>
     <span class='ocr_line' id='line_1_26' title="bbox 223 3996 1776 4094; baseline -0.006 -19"><span class='ocrx_word' id='word_1_224' title='bbox 223 4004 383 4094; x_wconf 86' lang='lat' dir='ltr'>pertinet.</span> <span class='ocrx_word' id='word_1_225' title='bbox 410 4003 451 4074; x_wconf 95' lang='lat' dir='ltr'>In</span> <span class='ocrx_word' id='word_1_226' title='bbox 479 4023 546 4093; x_wconf 90' lang='lat' dir='ltr'>qua</span> <span class='ocrx_word' id='word_1_227' title='bbox 572 4008 654 4074; x_wconf 88' lang='lat' dir='ltr'>sunt</span> <span class='ocrx_word' id='word_1_228' title='bbox 681 4006 831 4092; x_wconf 85' lang='lat' dir='ltr'>quatuor</span> <span class='ocrx_word' id='word_1_229' title='bbox 857 4001 948 4072; x_wconf 89' lang='lat' dir='ltr'>lanei</span> <span class='ocrx_word' id='word_1_230' title='bbox 975 3998 1322 4088; x_wconf 89' lang='lat' dir='ltr'>emethonales,ite1u</span> <span class='ocrx_word' id='word_1_231' title='bbox 1341 3997 1585 4085; x_wconf 88' lang='lat' dir='ltr'>nnataberna,</span> <span class='ocrx_word' id='word_1_232' title='bbox 1604 3996 1687 4066; x_wconf 89' lang='lat' dir='ltr'>item</span> <span class='ocrx_word' id='word_1_233' title='bbox 1706 4017 1776 4067; x_wconf 91' lang='lat' dir='ltr'>una</span> 
     </span>
     <span class='ocr_line' id='line_1_27' title="bbox 222 4118 1864 4216; baseline -0.006 -18"><span class='ocrx_word' id='word_1_234' title='bbox 222 4125 428 4215; x_wconf 81' lang='lat' dir='ltr'>hortulanis,</span> <span class='ocrx_word' id='word_1_235' title='bbox 456 4123 498 4196; x_wconf 89' lang='lat' dir='ltr'>de</span> <span class='ocrx_word' id='word_1_236' title='bbox 525 4125 649 4216; x_wconf 91' lang='lat' dir='ltr'>quibus</span> <span class='ocrx_word' id='word_1_237' title='bbox 677 4123 836 4196; x_wconf 91' lang='lat' dir='ltr'>omnibus</span> <span class='ocrx_word' id='word_1_238' title='bbox 862 4123 1010 4194; x_wconf 84' lang='lat' dir='ltr'>solvitur</span> <span class='ocrx_word' id='word_1_239' title='bbox 1036 4126 1073 4193; x_wconf 90' lang='grc'>61</span> <span class='ocrx_word' id='word_1_240' title='bbox 1099 4120 1304 4192; x_wconf 86' lang='lat' dir='ltr'>conducitur</span> <span class='ocrx_word' id='word_1_241' title='bbox 1330 4119 1464 4190; x_wconf 87' lang='lat' dir='ltr'>decima</span> <span class='ocrx_word' id='word_1_242' title='bbox 1490 4118 1718 4208; x_wconf 86' lang='lat' dir='ltr'>manipularis</span> <span class='ocrx_word' id='word_1_243' title='bbox 1737 4123 1773 4189; x_wconf 92' lang='grc'>61</span> <span class='ocrx_word' id='word_1_244' title='bbox 1859 4173 1864 4176; x_wconf 88' lang='grc'>.</span> 
     </span>
     <span class='ocr_line' id='line_1_28' title="bbox 226 4239 1772 4338; baseline -0.006 -20"><span class='ocrx_word' id='word_1_245' title='bbox 226 4247 397 4338; x_wconf 86' lang='lat' dir='ltr'>canapalis</span> <span class='ocrx_word' id='word_1_246' title='bbox 433 4267 497 4336; x_wconf 91' lang='lat' dir='ltr'>pro</span> <span class='ocrx_word' id='word_1_247' title='bbox 534 4245 737 4336; x_wconf 87' lang='lat' dir='ltr'>episcopatu</span> <span class='ocrx_word' id='word_1_248' title='bbox 764 4244 1003 4333; x_wconf 68' lang='lat' dir='ltr'>cracoviensi,</span> <span class='ocrx_word' id='word_1_249' title='bbox 1030 4248 1066 4313; x_wconf 91' lang='grc'>61</span> <span class='ocrx_word' id='word_1_250' title='bbox 1092 4243 1191 4314; x_wconf 88' lang='lat' dir='ltr'>valor</span> <span class='ocrx_word' id='word_1_251' title='bbox 1217 4242 1292 4313; x_wconf 88' lang='lat' dir='ltr'>eius</span> <span class='ocrx_word' id='word_1_252' title='bbox 1318 4241 1522 4312; x_wconf 89' lang='lat' dir='ltr'>aestimatur</span> <span class='ocrx_word' id='word_1_253' title='bbox 1548 4239 1593 4310; x_wconf 87' lang='lat' dir='ltr'>ad</span> <span class='ocrx_word' id='word_1_254' title='bbox 1620 4240 1772 4329; x_wconf 84' lang='lat' dir='ltr'>quinque</span> 
     </span>
     <span class='ocr_line' id='line_1_29' title="bbox 224 4363 1776 4458; baseline -0.006 -18"><span class='ocrx_word' id='word_1_255' title='bbox 224 4389 365 4442; x_wconf 88' lang='lat' dir='ltr'>marcas.</span> <span class='ocrx_word' id='word_1_256' title='bbox 393 4368 480 4440; x_wconf 85' lang='lat' dir='ltr'>Item</span> <span class='ocrx_word' id='word_1_257' title='bbox 507 4367 653 4440; x_wconf 88' lang='lat' dir='ltr'>ecclesia</span> <span class='ocrx_word' id='word_1_258' title='bbox 679 4372 716 4440; x_wconf 92' lang='lat' dir='ltr'>et</span> <span class='ocrx_word' id='word_1_259' title='bbox 742 4366 910 4458; x_wconf 87' lang='lat' dir='ltr'>plebanus</span> <span class='ocrx_word' id='word_1_260' title='bbox 945 4365 1053 4438; x_wconf 91' lang='lat' dir='ltr'>habet</span> <span class='ocrx_word' id='word_1_261' title='bbox 1079 4365 1199 4436; x_wconf 87' lang='lat' dir='ltr'>laneos</span> <span class='ocrx_word' id='word_1_262' title='bbox 1224 4363 1386 4454; x_wconf 89' lang='lat' dir='ltr'>proprios</span> <span class='ocrx_word' id='word_1_263' title='bbox 1413 4366 1449 4434; x_wconf 97' lang='grc'>61</span> <span class='ocrx_word' id='word_1_264' title='bbox 1474 4366 1594 4452; x_wconf 80' lang='lat' dir='ltr'>prata,</span> <span class='ocrx_word' id='word_1_265' title='bbox 1621 4382 1685 4450; x_wconf 96' lang='lat' dir='ltr'>pro</span> <span class='ocrx_word' id='word_1_266' title='bbox 1713 4380 1776 4430; x_wconf 96' lang='grc'>666</span> 
     </span>
     <span class='ocr_line' id='line_1_30' title="bbox 226 4482 1776 4578; baseline -0.006 -17"><span class='ocrx_word' id='word_1_267' title='bbox 226 4511 287 4562; x_wconf 86' lang='grc'>666</span> <span class='ocrx_word' id='word_1_268' title='bbox 313 4496 350 4562; x_wconf 89' lang='grc'>61</span> <span class='ocrx_word' id='word_1_269' title='bbox 377 4489 604 4578; x_wconf 87' lang='grc'><strong>66666611616;</strong></span> <span class='ocrx_word' id='word_1_270' title='bbox 631 4490 713 4563; x_wconf 86' lang='lat' dir='ltr'>itam</span> <span class='ocrx_word' id='word_1_271' title='bbox 731 4489 838 4561; x_wconf 89' lang='lat' dir='ltr'>hahet</span> <span class='ocrx_word' id='word_1_272' title='bbox 856 4487 975 4560; x_wconf 90' lang='lat' dir='ltr'>eadem</span> <span class='ocrx_word' id='word_1_273' title='bbox 994 4486 1143 4558; x_wconf 88' lang='lat' dir='ltr'>ecclesia</span> <span class='ocrx_word' id='word_1_274' title='bbox 1160 4506 1264 4556; x_wconf 90' lang='lat' dir='ltr'>unam</span> <span class='ocrx_word' id='word_1_275' title='bbox 1282 4485 1464 4556; x_wconf 88' lang='lat' dir='ltr'>tabernam</span> <span class='ocrx_word' id='word_1_276' title='bbox 1482 4483 1627 4554; x_wconf 90' lang='lat' dir='ltr'>liberam</span> <span class='ocrx_word' id='word_1_277' title='bbox 1645 4482 1776 4552; x_wconf 90' lang='lat' dir='ltr'>habeu—</span> 
     </span>
     <span class='ocr_line' id='line_1_31' title="bbox 224 4601 1775 4704; baseline -0.008 -21"><span class='ocrx_word' id='word_1_278' title='bbox 224 4617 292 4683; x_wconf 90' lang='lat' dir='ltr'>tem</span> <span class='ocrx_word' id='word_1_279' title='bbox 318 4633 433 4704; x_wconf 81' lang='lat' dir='ltr'>agros,</span> <span class='ocrx_word' id='word_1_280' title='bbox 460 4616 496 4682; x_wconf 90' lang='grc'>61</span> <span class='ocrx_word' id='word_1_281' title='bbox 523 4611 627 4682; x_wconf 88' lang='lat' dir='ltr'>solvit</span> <span class='ocrx_word' id='word_1_282' title='bbox 654 4611 721 4682; x_wconf 89' lang='lat' dir='ltr'>sibi</span> <span class='ocrx_word' id='word_1_283' title='bbox 747 4631 811 4702; x_wconf 89' lang='lat' dir='ltr'>pro</span> <span class='ocrx_word' id='word_1_284' title='bbox 839 4629 943 4682; x_wconf 90' lang='lat' dir='ltr'>censu</span> <span class='ocrx_word' id='word_1_285' title='bbox 962 4661 1130 4698; x_wconf 89' lang='lat'>......</span> <span class='ocrx_word' id='word_1_286' title='bbox 1158 4608 1242 4679; x_wconf 90' lang='lat' dir='ltr'>item</span> <span class='ocrx_word' id='word_1_287' title='bbox 1269 4607 1376 4678; x_wconf 85' lang='lat' dir='ltr'>babet</span> <span class='ocrx_word' id='word_1_288' title='bbox 1401 4625 1506 4677; x_wconf 88' lang='lat' dir='ltr'>unam</span> <span class='ocrx_word' id='word_1_289' title='bbox 1532 4601 1775 4691; x_wconf 89' lang='lat' dir='ltr'>hortulaniam,</span> 
     </span>
     <span class='ocr_line' id='line_1_32' title="bbox 226 4733 858 4824; baseline -0.003 -20"><span class='ocrx_word' id='word_1_290' title='bbox 226 4753 312 4824; x_wconf 85' lang='lat' dir='ltr'>quae</span> <span class='ocrx_word' id='word_1_291' title='bbox 339 4733 444 4806; x_wconf 89' lang='lat' dir='ltr'>solvit</span> <span class='ocrx_word' id='word_1_292' title='bbox 470 4733 537 4806; x_wconf 93' lang='lat' dir='ltr'>sibi</span> <span class='ocrx_word' id='word_1_293' title='bbox 563 4753 628 4823; x_wconf 93' lang='lat' dir='ltr'>pro</span> <span class='ocrx_word' id='word_1_294' title='bbox 655 4752 787 4804; x_wconf 90' lang='lat' dir='ltr'>censu.</span> <span class='ocrx_word' id='word_1_295' title='bbox 814 4785 822 4801; x_wconf 93' lang='lat'><strong>.</strong></span> <span class='ocrx_word' id='word_1_296' title='bbox 851 4787 858 4802; x_wconf 93' lang='lat'><strong><em>.</em></strong></span> 
     </span>
     <span class='ocr_line' id='line_1_33' title="bbox 193 4845 1776 4950; baseline -0.007 -23"><span class='ocrx_word' id='word_1_297' title='bbox 193 4945 197 4950; x_wconf 20' lang='lat'>¹</span> <span class='ocrx_word' id='word_1_298' title='bbox 324 4853 580 4948; x_wconf 78' lang='lat' dir='ltr'>Kosrnczrns,</span> <span class='ocrx_word' id='word_1_299' title='bbox 606 4853 690 4926; x_wconf 85' lang='lat' dir='ltr'>villa</span> <span class='ocrx_word' id='word_1_300' title='bbox 717 4854 782 4926; x_wconf 89' lang='lat' dir='ltr'>sub</span> <span class='ocrx_word' id='word_1_301' title='bbox 808 4853 974 4945; x_wconf 88' lang='lat' dir='ltr'>parochia</span> <span class='ocrx_word' id='word_1_302' title='bbox 1000 4852 1166 4924; x_wconf 89' lang='lat' dir='ltr'>eeclesiae</span> <span class='ocrx_word' id='word_1_303' title='bbox 1185 4850 1228 4922; x_wconf 90' lang='lat' dir='ltr'>de</span> <span class='ocrx_word' id='word_1_304' title='bbox 1246 4847 1555 4940; x_wconf 87' lang='lat' dir='ltr'>Uyanowycze</span> <span class='ocrx_word' id='word_1_305' title='bbox 1581 4845 1659 4934; x_wconf 88' lang='lat' dir='ltr'>sita,</span> <span class='ocrx_word' id='word_1_306' title='bbox 1678 4846 1776 4917; x_wconf 89' lang='lat' dir='ltr'>cuius</span> 
     </span>
    </p>

    <p class='ocr_par' dir='ltr' id='par_1_12' title="bbox 225 4949 1813 5418">
     <span class='ocr_line' id='line_1_34' title="bbox 225 4949 1777 5068; baseline -0.008 -19"><span class='ocrx_word' id='word_1_307' title='bbox 225 4978 418 5068; x_wconf 88' lang='lat' dir='ltr'>proprietas</span> <span class='ocrx_word' id='word_1_308' title='bbox 437 4977 483 5049; x_wconf 91' lang='lat' dir='ltr'>ad</span> <span class='ocrx_word' id='word_1_309' title='bbox 510 4975 788 5050; x_wconf 86' lang='lat' dir='ltr'>sanctimoniales</span> <span class='ocrx_word' id='word_1_310' title='bbox 807 4973 1061 5048; x_wconf 86' lang='lat' dir='ltr'>Sandeczenses</span> <span class='ocrx_word' id='word_1_311' title='bbox 1078 4973 1241 5064; x_wconf 89' lang='lat' dir='ltr'>pertinet</span> <span class='ocrx_word' id='word_1_312' title='bbox 1267 4970 1308 5042; x_wconf 93' lang='lat' dir='ltr'>In</span> <span class='ocrx_word' id='word_1_313' title='bbox 1331 4991 1401 5060; x_wconf 87' lang='lat' dir='ltr'>qua</span> <span class='ocrx_word' id='word_1_314' title='bbox 1418 4949 1499 5041; x_wconf 86' lang='lat' dir='ltr'>sunt</span> <span class='ocrx_word' id='word_1_315' title='bbox 1517 4968 1667 5059; x_wconf 90' lang='lat' dir='ltr'>quinque</span> <span class='ocrx_word' id='word_1_316' title='bbox 1684 4967 1777 5038; x_wconf 87' lang='lat' dir='ltr'>lanei</span> 
     </span>
     <span class='ocr_line' id='line_1_35' title="bbox 226 5087 1776 5195; baseline -0.007 -26"><span class='ocrx_word' id='word_1_317' title='bbox 226 5099 467 5189; x_wconf 87' lang='lat' dir='ltr'>emethonales,</span> <span class='ocrx_word' id='word_1_318' title='bbox 493 5099 576 5171; x_wconf 87' lang='lat' dir='ltr'>item</span> <span class='ocrx_word' id='word_1_319' title='bbox 604 5103 658 5172; x_wconf 89' lang='lat' dir='ltr'>est</span> <span class='ocrx_word' id='word_1_320' title='bbox 684 5099 733 5170; x_wconf 95' lang='lat' dir='ltr'>ibi</span> <span class='ocrx_word' id='word_1_321' title='bbox 760 5097 927 5170; x_wconf 89' lang='lat' dir='ltr'>scoltetns</span> <span class='ocrx_word' id='word_1_322' title='bbox 953 5096 1086 5166; x_wconf 90' lang='lat' dir='ltr'>babens</span> <span class='ocrx_word' id='word_1_323' title='bbox 1113 5115 1220 5166; x_wconf 89' lang='lat' dir='ltr'>unum</span> <span class='ocrx_word' id='word_1_324' title='bbox 1246 5093 1394 5180; x_wconf 89' lang='lat' dir='ltr'>laneum,</span> <span class='ocrx_word' id='word_1_325' title='bbox 1412 5090 1456 5161; x_wconf 90' lang='lat' dir='ltr'>de</span> <span class='ocrx_word' id='word_1_326' title='bbox 1474 5090 1599 5195; x_wconf 84' lang='lat' dir='ltr'>quibus</span> <span class='ocrx_word' id='word_1_327' title='bbox 1618 5087 1776 5160; x_wconf 90' lang='lat' dir='ltr'>omnibus</span> 
     </span>
     <span class='ocr_line' id='line_1_36' title="bbox 226 5210 1776 5311; baseline -0.008 -19"><span class='ocrx_word' id='word_1_328' title='bbox 226 5220 370 5294; x_wconf 87' lang='lat' dir='ltr'>solvitur</span> <span class='ocrx_word' id='word_1_329' title='bbox 396 5221 529 5294; x_wconf 88' lang='lat' dir='ltr'>decima</span> <span class='ocrx_word' id='word_1_330' title='bbox 553 5220 734 5293; x_wconf 81' lang='lat' dir='ltr'>fertonalis</span> <span class='ocrx_word' id='word_1_331' title='bbox 761 5239 825 5311; x_wconf 91' lang='lat' dir='ltr'>pro</span> <span class='ocrx_word' id='word_1_332' title='bbox 853 5219 1015 5310; x_wconf 91' lang='lat' dir='ltr'>episcopo</span> <span class='ocrx_word' id='word_1_333' title='bbox 1034 5214 1266 5305; x_wconf 73' lang='lat' dir='ltr'>cracoviensi,</span> <span class='ocrx_word' id='word_1_334' title='bbox 1284 5215 1435 5286; x_wconf 89' lang='lat' dir='ltr'>latorum</span> <span class='ocrx_word' id='word_1_335' title='bbox 1452 5231 1670 5303; x_wconf 80' lang='lat' dir='ltr'>grossorum3</span> <span class='ocrx_word' id='word_1_336' title='bbox 1692 5210 1776 5281; x_wconf 88' lang='lat' dir='ltr'>item</span> 
     </span>
     <span class='ocr_line' id='line_1_37' title="bbox 227 5315 1813 5418; baseline -0.006 -6"><span class='ocrx_word' id='word_1_337' title='bbox 227 5347 278 5413; x_wconf 88' lang='grc'>661</span> <span class='ocrx_word' id='word_1_338' title='bbox 303 5343 353 5415; x_wconf 93' lang='lat' dir='ltr'>ibi</span> <span class='ocrx_word' id='word_1_339' title='bbox 366 5363 485 5418; x_wconf 87' lang='lat' dir='ltr'>unnm</span> <span class='ocrx_word' id='word_1_340' title='bbox 511 5341 746 5416; x_wconf 90' lang='lat' dir='ltr'>molendinum</span> <span class='ocrx_word' id='word_1_341' title='bbox 773 5349 810 5414; x_wconf 89' lang='lat' dir='ltr'>et</span> <span class='ocrx_word' id='word_1_342' title='bbox 835 5359 905 5413; x_wconf 90' lang='lat' dir='ltr'>nna</span> <span class='ocrx_word' id='word_1_343' title='bbox 931 5341 1077 5412; x_wconf 90' lang='lat' dir='ltr'>taberna</span> <span class='ocrx_word' id='word_1_344' title='bbox 1104 5338 1242 5410; x_wconf 86' lang='lat' dir='ltr'>scolteti</span> <span class='ocrx_word' id='word_1_345' title='bbox 1268 5334 1431 5408; x_wconf 89' lang='lat' dir='ltr'>eiusdem.</span> <span class='ocrx_word' id='word_1_346' title='bbox 1809 5315 1813 5320; x_wconf 65' lang='grc'><em>’</em></span> 
     </span>
    </p>

    <p class='ocr_par' dir='ltr' id='par_1_13' title="bbox 227 5453 1778 5804">
     <span class='ocr_line' id='line_1_38' title="bbox 327 5453 1777 5556; baseline -0.008 -21"><span class='ocrx_word' id='word_1_347' title='bbox 327 5463 579 5556; x_wconf 77' lang='grc'><strong>1666666666,</strong></span> <span class='ocrx_word' id='word_1_348' title='bbox 605 5464 689 5536; x_wconf 90' lang='lat' dir='ltr'>villa</span> <span class='ocrx_word' id='word_1_349' title='bbox 724 5464 788 5536; x_wconf 89' lang='lat' dir='ltr'>snb</span> <span class='ocrx_word' id='word_1_350' title='bbox 816 5462 937 5535; x_wconf 90' lang='lat' dir='ltr'>eadem</span> <span class='ocrx_word' id='word_1_351' title='bbox 963 5460 1129 5552; x_wconf 90' lang='lat' dir='ltr'>parochia</span> <span class='ocrx_word' id='word_1_352' title='bbox 1154 5460 1199 5531; x_wconf 88' lang='lat' dir='ltr'>de</span> <span class='ocrx_word' id='word_1_353' title='bbox 1226 5458 1539 5550; x_wconf 86' lang='lat' dir='ltr'>Uyanowyeze</span> <span class='ocrx_word' id='word_1_354' title='bbox 1566 5456 1651 5544; x_wconf 89' lang='lat' dir='ltr'>sita,</span> <span class='ocrx_word' id='word_1_355' title='bbox 1679 5453 1777 5525; x_wconf 90' lang='lat' dir='ltr'>cuius</span> 
     </span>
     <span class='ocr_line' id='line_1_39' title="bbox 227 5573 1778 5674; baseline -0.008 -19"><span class='ocrx_word' id='word_1_356' title='bbox 227 5585 420 5674; x_wconf 87' lang='lat' dir='ltr'>proprietas</span> <span class='ocrx_word' id='word_1_357' title='bbox 456 5584 501 5656; x_wconf 91' lang='lat' dir='ltr'>ad</span> <span class='ocrx_word' id='word_1_358' title='bbox 538 5583 821 5660; x_wconf 87' lang='lat' dir='ltr'>sanctimoniales</span> <span class='ocrx_word' id='word_1_359' title='bbox 856 5581 1112 5656; x_wconf 83' lang='lat' dir='ltr'>Sandeczeuses</span> <span class='ocrx_word' id='word_1_360' title='bbox 1148 5579 1309 5670; x_wconf 87' lang='lat' dir='ltr'>pertinet</span> <span class='ocrx_word' id='word_1_361' title='bbox 1345 5577 1386 5652; x_wconf 92' lang='lat' dir='ltr'>In</span> <span class='ocrx_word' id='word_1_362' title='bbox 1413 5596 1482 5670; x_wconf 91' lang='lat' dir='ltr'>qua</span> <span class='ocrx_word' id='word_1_363' title='bbox 1509 5576 1659 5666; x_wconf 85' lang='lat' dir='ltr'>quinque</span> <span class='ocrx_word' id='word_1_364' title='bbox 1685 5573 1778 5644; x_wconf 90' lang='lat' dir='ltr'>lanei</span> 
     </span>
     <span class='ocr_line' id='line_1_40' title="bbox 229 5695 1777 5804; baseline -0.006 -29"><span class='ocrx_word' id='word_1_365' title='bbox 229 5705 465 5804; x_wconf 86' lang='lat' dir='ltr'>emethonales,</span> <span class='ocrx_word' id='word_1_366' title='bbox 493 5705 536 5783; x_wconf 86' lang='lat' dir='ltr'>de</span> <span class='ocrx_word' id='word_1_367' title='bbox 555 5706 689 5804; x_wconf 59' lang='lat' dir='ltr'>xquibus</span> <span class='ocrx_word' id='word_1_368' title='bbox 708 5705 858 5784; x_wconf 85' lang='lat' dir='ltr'>solvitur</span> <span class='ocrx_word' id='word_1_369' title='bbox 876 5709 911 5785; x_wconf 87' lang='lat' dir='ltr'>et</span> <span class='ocrx_word' id='word_1_370' title='bbox 929 5702 1136 5788; x_wconf 79' lang='lat' dir='ltr'>conducitur</span> <span class='ocrx_word' id='word_1_371' title='bbox 1154 5700 1288 5784; x_wconf 75' lang='lat' dir='ltr'>decima</span> <span class='ocrx_word' id='word_1_372' title='bbox 1303 5697 1530 5798; x_wconf 87' lang='lat' dir='ltr'>manipularis</span> <span class='ocrx_word' id='word_1_373' title='bbox 1548 5703 1584 5776; x_wconf 89' lang='lat' dir='ltr'>et</span> <span class='ocrx_word' id='word_1_374' title='bbox 1602 5695 1777 5792; x_wconf 83' lang='lat' dir='ltr'>conspolis</span> 
     </span>
    </p>
   </div>
   <div class='ocr_carea' id='block_1_9' title="bbox 0 0 2281 6596">
    <p class='ocr_par' dir='ltr' id='par_1_14' title="bbox 0 0 2281 6596">
     <span class='ocr_line' id='line_1_41' title="bbox 0 0 2281 6596; baseline 0 0"><span class='ocrx_word' id='word_1_375' title='bbox 0 0 2281 6596; x_wconf 95' lang='lat' dir='ltr'> </span> 
     </span>
    </p>
   </div>
  </div>
 </body>
</html>
