4550 6600
1653 732 1947 893 'ecs

362 972 567 1068 Zannsurn,
592 974 678 1050 villa
703 976 802 1049 iuxta
828 973 981 1069 Vislam,
1007 984 1046 1051 et
1063 977 1128 1051 sub
1146 977 1311 1071 parocbia
1338 977 1381 1052 de
1407 978 1707 1053 Szecnecbow
1729 982 1812 1072 sita,

257 1098 372 1173 cuius,
384 1100 581 1189 proprietas
608 1106 645 1171 et
671 1099 863 1178 dominium
879 1100 935 1171 aad
961 1101 1210 1173 monasterium
1237 1098 1547 1175 Szeczecboviense
1574 1102 1736 1191 pertinet
1771 1102 1812 1172 In

257 1240 329 1310 qua
354 1225 437 1291 sunt
462 1240 524 1291 sex
550 1221 643 1293 lanei
676 1221 929 1312 emethonales,
965 1222 1161 1314 dequibus
1196 1222 1344 1295 solvitur
1378 1228 1415 1295 et
1441 1222 1645 1295 conducitur
1680 1221 1813 1295 decima
1940 1293 1942 1301 ,

256 1340 501 1432 manipularis,
528 1348 565 1413 et
590 1362 654 1432 per
680 1348 753 1414 tres
779 1342 928 1437 ierugas,
945 1342 1138 1434 canapalis,
1171 1366 1235 1435 pro
1262 1344 1474 1417 monasterio
1501 1342 1812 1433 Szeczechoviensi,

256 1462 359 1533 cuius
384 1462 484 1534 valon
518 1449 724 1535 aestimatur
750 1462 795 1533 ad
822 1468 972 1553 quatuor
1005 1484 1149 1537 marcas.
1193 1442 1282 1537 Item
1308 1471 1363 1537 est
1389 1465 1439 1537 ibi
1465 1484 1534 1537 una
1560 1466 1708 1537 taberna
1744 1485 1813 1537 non

257 1582 393 1654 habens
419 1604 534 1674 agros,
560 1584 645 1655 item
672 1588 754 1655 eunt
779 1584 830 1655 ibi
856 1591 935 1656 octo
961 1586 1196 1678 hortulaniae,
1224 1588 1330 1659 etiam
1357 1608 1425 1659 non
1451 1588 1622 1659 babentes
1648 1606 1760 1676 agros.

363 1702 559 1795 Juurnouu
594 1705 679 1777 uilla
697 1706 771 1795 ,sub
797 1706 964 1796 parocbia
998 1707 1164 1779 ecclesiae
1191 1708 1247 1779 de
1261 1707 1491 1780 Szeczeoh
1504 1728 1565 1781 ow
1592 1707 1677 1797 sita,
1715 1706 1812 1786 cuius

257 1825 458 1915 proprietas
484 1826 531 1897 ad
555 1827 805 1899 monasterium
840 1826 1150 1929 Saeczecboviense
1185 1830 1345 1920 pertinet
1389 1829 1430 1899 In
1457 1850 1526 1921 qua
1561 1834 1644 1901 sunt
1679 1834 1813 1919 septem

256 1946 353 2018 lanei
379 1947 621 2038 emethonales,
648 1947 692 2019 de
718 1948 844 2039 quibus
871 1949 1020 2021 solvitur
1045 1955 1082 2023 et
1108 1949 1313 2023 conducitur
1339 1950 1474 2022 decima
1500 1948 1748 2040 manipularis,
1776 1952 1812 2018 et

257 2088 324 2157 per
341 2073 416 2139 tres
433 2068 572 2159 ierugas
590 2070 783 2160 canapalis,
809 2090 876 2160 pro
892 2070 1038 2142 ecclesia
1051 2076 1087 2142 et
1102 2070 1251 2161 plebano
1278 2072 1314 2141 in
1331 2069 1570 2161 Szeczecbou,
1592 2070 1690 2143 cuius
1718 2068 1815 2139 valor

257 2189 466 2262 aestimatur
502 2190 546 2261 ad
582 2198 717 2281 neptem
750 2210 896 2263 marcas.
940 2191 1030 2263 Item
1064 2196 1147 2264 sunt
1182 2192 1231 2263 ibi
1259 2198 1409 2282 quatuor
1443 2194 1609 2265 tabernae
1643 2190 1811 2261 habentes

257 2330 374 2401 agros,
400 2331 469 2383 non
496 2318 578 2384 sunt
603 2317 718 2385 autem
745 2312 974 2385 hortulaniae.
1000 2313 1089 2385 Item
1107 2318 1163 2385 est
1188 2312 1238 2385 ibi
1264 2334 1370 2385 unum
1395 2313 1578 2405 praedium
1604 2310 1813 2401 coenobiale,

258 2432 305 2503 de
332 2454 401 2523 quo
426 2454 497 2505 non
522 2433 629 2506 solvit
655 2434 842 2523 decimam,
868 2433 930 2506 sed
956 2454 1034 2506 eam
1058 2454 1124 2526 pro
1151 2454 1189 2505 ee
1215 2435 1464 2507 monasterium
1489 2434 1592 2507 tollit.

364 2554 476 2625 Runa
502 2553 764 2644 Junrnouans,
800 2556 837 2627 in
863 2556 971 2662 cruda
1001 2556 1119 2629 radice
1155 2556 1348 2649 extirpata,
1384 2557 1490 2630 babet
1524 2555 1723 2629 cmetbones
1750 2573 1811 2625 ser

257 2674 316 2746 uel
343 2674 472 2765 plures.
491 2730 499 2745 .
519 2730 554 2746 ..

919 2797 1164 2870 Bnnnnumna

366 2916 462 2989 Villa
480 2938 588 3009 supra
605 2916 784 2991 Vislam
810 2918 889 3009 sito,
916 2918 1049 2991 habens
1075 2919 1112 2989 in
1130 2938 1168 2990 se
1186 2918 1418 3010 parochialem
1446 2918 1625 2991 ecclesiam
1651 2918 1810 3009 ligneam,

258 3038 400 3109 filialem
426 3039 592 3111 ecclesiae
620 3038 960 3143 Szeczcchouiensis,
995 3039 1093 3111 cuius
1127 3040 1232 3113 villae
1267 3042 1464 3131 proprietas
1490 3040 1534 3111 ad
1561 3039 1811 3111 monasterium

261 3157 572 3254 Szecnecboriense
608 3162 771 3251 pertinet.
806 3160 848 3233 In
874 3181 944 3252 qua
969 3167 1052 3233 sunt
1078 3161 1232 3252 quinque
1258 3161 1351 3233 lanei
1377 3160 1623 3251 emethonales,
1650 3162 1732 3231 item
1759 3162 1814 3229 est

259 3283 312 3354 ibi
338 3282 499 3356 scultetia
524 3282 657 3356 habens
683 3282 771 3356 duos
797 3282 916 3356 laneos
942 3283 1091 3373 liberos3
1118 3283 1204 3355 item
1230 3288 1312 3355 nunt
1337 3288 1409 3356 tres
1435 3282 1619 3374 tabernae,
1646 3301 1715 3354 una
1740 3301 1814 3351 mo·

261 3404 408 3478 nestorii
433 3412 471 3476 et
496 3404 585 3478 duae
602 3404 759 3495 plebani,
785 3406 868 3478 item
886 3411 1014 3497 quarta
1030 3405 1179 3478 taberna
1197 3411 1252 3477 cst
1269 3405 1420 3497 sculteti,
1444 3425 1532 3496 quae
1550 3423 1669 3476 omnes
1686 3403 1816 3476 babent

262 3547 375 3617 agros,
402 3526 446 3598 de
473 3527 597 3617 quibm
624 3528 783 3600 omnibus
810 3527 959 3600 solvitur
985 3533 1022 3603 et
1047 3527 1255 3600 conducitur
1280 3527 1414 3600 decima
1431 3526 1668 3617 manipularis,
1694 3530 1730 3596 et
1747 3543 1812 3614 per

262 3669 367 3720 unam
403 3649 559 3739 ierugam
595 3650 790 3741 campalis,
825 3670 890 3740 pro
916 3649 1064 3721 ecclesia
1090 3653 1127 3721 et
1153 3651 1228 3722 eius
1263 3649 1411 3740 plebano
1439 3649 1475 3720 in
1502 3647 1814 3734 Szeczechou,

263 3770 360 3842 cuius
386 3769 486 3842 valor
511 3771 716 3844 aestimatur
743 3771 788 3843 ad
814 3772 967 3863 quinque
992 3790 1136 3843 marcas

365 3890 622 3983 Moszomczn‚
648 3893 732 3964 uilla
757 3894 822 3966 sub
848 3893 1015 3984 parocbia
1040 3893 1085 3965 de
1110 3891 1470 3985 Brzeschnycza
1496 3891 1582 3980 sita,
1609 3890 1707 3961 euius
1733 3909 1815 3979 pro-

217 4011 223 4021 '
261 4013 394 4104 prietes
429 4013 474 4084 ad
499 4014 748 4086 monasterium
782 4012 1093 4087 Szecaecboviense
1129 4013 1296 4103 pertinet.
1338 4013 1475 4104 Inque
1510 4016 1592 4083 sunt
1626 4031 1687 4083 sex
1722 4009 1814 4080 lanei

264 4133 517 4224 ametbonales,
553 4133 749 4226 dequibus
776 4135 922 4208 soluitur
947 4140 984 4207 et
1010 4135 1216 4207 conducitur
1251 4134 1386 4206 decima
1417 4131 1663 4224 manipularis,
1690 4138 1727 4204 et
1752 4150 1815 4222 per

263 4261 338 4326 tres
365 4256 503 4346 ierugas
530 4257 723 4348 cenapolis,
748 4244 812 4348 pro
838 4257 1050 4330 monasterio
1076 4253 1397 4347 Szeczechoviensi,
1433 4256 1529 4328 cuius
1556 4255 1656 4328 valor
1682 4253 1727 4326 ad
1754 4273 1837 4332 sex,

263 4397 400 4449 marcas
426 4377 639 4450 aestimatur.
664 4378 753 4450 Item
779 4384 834 4451 est
859 4379 909 4450 ibi
935 4377 1172 4452 molendinum
1197 4378 1330 4451 habene
1358 4397 1474 4468 agros,
1501 4377 1545 4448 de
1572 4376 1699 4466 quibus
1723 4375 1816 4446 deci-

264 4503 382 4570 matur
416 4518 481 4589 pro
507 4498 657 4589 plebano
683 4499 720 4572 in
746 4499 1045 4572 Brzeznioza.
1088 4500 1177 4572 Item
1209 4521 1278 4572 non
1314 4507 1369 4572 est
1394 4499 1444 4572 ibi
1470 4496 1668 4590 praedium,
1701 4516 1816 4587 neque

264 4621 448 4711 tabernae,
475 4620 654 4694 hortulani
679 4627 761 4694 sunt
786 4621 960 4695 decimant
985 4627 1100 4694 autem
1117 4623 1268 4713 plebano
1295 4621 1338 4693 de
1366 4620 1659 4693 Brzeznicza

370 4741 504 4832 Psanr,
530 4742 614 4815 villa
635 4744 700 4815 snb
717 4743 884 4834 parocbia
908 4744 952 4816 de
979 4743 1300 4835 Brzesznycze
1327 4742 1405 4834 sita,
1433 4743 1531 4815 cuius
1548 4742 1744 4838 proprietas
1771 4738 1816 4812 ad

265 4864 517 4938 monasterium
548 4861 857 4938 Sreczecboviense
891 4867 1051 4956 pertinet
1087 4866 1129 4936 In
1156 4874 1225 4956 qua
1251 4869 1332 4936 sunt
1366 4870 1439 4936 tres
1466 4863 1558 4936 lanei
1584 4865 1816 4938 cmetbonales

266 4987 310 5058 de
337 4988 462 5078 quibus
489 4986 638 5060 soluitur
663 4993 700 5058 et
724 4986 931 5060 conducitur
955 4988 1089 5060 decima
1114 4985 1351 5077 manipularis,
1378 4995 1415 5057 et
1440 5007 1504 5076 per
1529 5007 1633 5059 unam
1660 4987 1815 5077 ierugam

266 5109 453 5200 canapalis,
480 5129 544 5201 pro
571 5107 718 5181 ecclesia
742 5108 779 5179 in
806 5107 1117 5200 Szeczecbou,
1153 5114 1190 5181 et
1216 5108 1314 5180 valor
1341 5109 1415 5180 eius
1442 5109 1645 5181 aestimatur
1671 5107 1716 5180 ad
1742 5115 1816 5180 tres

266 5250 412 5303 marcas.
445 5231 536 5304 Item
561 5251 631 5302 una
661 5230 809 5302 taberna
842 5229 976 5302 babens
1010 5250 1129 5320 agros,
1172 5231 1321 5302 decimat
1356 5236 1471 5302 autem
1506 5251 1570 5322 pro
1598 5217 1746 5320 plebar'ro
1772 5229 1816 5301 do

192 5347 197 5355 ’
255 5351 554 5425 'Brzeznicza
577 5337 641 5425 seu
657 5351 890 5424 Szeczechow.
917 5351 1005 5422 Item
1030 5351 1080 5422 ibi
1107 5351 1288 5441 praedium
1306 5372 1374 5424 non
1394 5357 1465 5443 est,
1493 5353 1576 5426 item
1593 5351 1831 5425 hortulaniae¹

227 5471 233 5480 “
265 5496 336 5546 non
371 5481 472 5565 snut,
515 5495 627 5565 neque
661 5472 878 5562 molendina;
920 5473 1005 5544 item
1039 5474 1077 5542 in
1109 5472 1327 5546 haereditate
1361 5473 1507 5566 Psary
1543 5475 1641 5548 iuxta
1673 5474 1814 5548 flauum

267 5595 513 5671 czeruona
537 5597 663 5668 noda
687 5596 837 5686 dictum,
864 5595 901 5666 in
927 5594 1036 5666 cruda
1060 5593 1179 5666 radice
1205 5596 1281 5686 agri
1307 5601 1389 5668 sunt
1415 5598 1551 5670 noviter
1577 5597 1753 5688 extirpati,
1780 5603 1817 5668 et
1845 5595 1848 5601 ’

267 5717 380 5790 indies
397 5719 628 5808 extirpantur.
654 5717 743 5788 ltem
768 5718 806 5788 in
832 5716 932 5788 bonis
958 5708 1103 5806 Psary
1129 5716 1363 5788 molendinum
1382 5710 1518 5791 novit'er
1536 5725 1590 5791 est
1608 5725 1815 5812 extructum,
