4550 6600
1594 788 1601 801 ‘
1691 770 1765 844 277

201 978 240 1045 ct
268 973 432 1066 plebano·
450 975 486 1045 in
514 974 714 1066 Uschew,
742 979 778 1046 et
804 975 902 1047 valor
919 976 993 1047 eius
1013 976 1216 1049 aestimatur
1233 976 1278 1047 ad
1296 997 1357 1049 sex
1375 996 1537 1067 marcas;1
1556 978 1641 1048 item
1659 976 1768 1047 eccle-

201 1097 257 1167 sia
284 1096 398 1167 babet
425 1097 473 1167 ibi
499 1097 661 1187 proprios
697 1118 800 1187 agros
827 1102 863 1168 et
889 1103 993 1187 prata
1019 1118 1082 1189 pro
1110 1120 1174 1169 suo
1201 1098 1343 1188 praedio
1370 1106 1405 1170 et
1430 1100 1657 1188 necessitate3
1683 1098 1767 1169 item

202 1220 288 1287 sunt
317 1217 370 1288 ibi
396 1218 431 1289 iu
460 1218 589 1289 circulo
616 1218 703 1289 certi
729 1201 873 1308 incolae,
900 1219 942 1289 de
971 1220 1095 1310 quibus
1123 1225 1160 1290 ct
1184 1225 1262 1291 tota
1287 1220 1380 1310 villa,
1406 1221 1568 1310 provenit
1592 1220 1767 1291 columba-

200 1337 253 1407 tio
283 1342 322 1408 et
352 1337 470 1411 Sancti
496 1337 595 1409 Petri
623 1339 795 1410 denarius

310 1458 505 1549 Zawaon,
532 1460 616 1532 villa
648 1461 712 1532 sub
747 1462 914 1550 parocbia
950 1461 992 1532 de
1028 1461 1222 1533 Uscbew
1258 1462 1345 1551 sita,
1373 1463 1470 1533 cuius
1497 1461 1693 1551 proprietas
1720 1461 1765 1533 ad

202 1580 410 1670 episcopum
447 1579 709 1653 Crotoniensem
746 1582 909 1671 pertinet.
944 1582 984 1653 In
1022 1603 1090 1673 qua
1126 1588 1210 1654 sunt
1243 1583 1424 1654 duodecim
1450 1584 1560 1672 lanei,
1586 1584 1669 1655 item
1696 1602 1766 1655 una

201 1702 357 1773 taberna
392 1702 540 1774 habens·
561 1724 683 1793 agros,
721 1702 763 1773 de
800 1703 924 1793 quibus
960 1703 1119 1775 omnibus
1157 1704 1305 1776 solvitur
1340 1710 1377 1775 et
1403 1704 1607 1775 conducitur
1634 1704 1766 1775 decima

202 1822 438 1913 manipularis
465 1830 501 1895 et
527 1825 701 1915 canapalis
728 1845 792 1915 pro
820 1825 1020 1915 episcopatu
1052 1824 1290 1914 Gracoviensi,
1317 1832 1354 1898 et
1379 1826 1478 1897 valor
1504 1827 1578 1896 eius
1604 1826 1765 1897 aestima-

148 2035 153 2039 .
202 1951 263 2015 tur
291 1944 337 2015 ad
370 1945 485 2017 decem
523 1966 676 2036 marcas,
703 1947 786 2018 item
815 1966 884 2017 non
911 1950 966 2017 est
991 1946 1039 2017 ibi
1066 1947 1245 2037 praedium
1274 1947 1431 2039 aliquod,
1457 1967 1569 2039 neque
1595 1946 1764 2036 scultetis,

203 2086 317 2157 neque
347 2065 593 2138 molendinum.
1091 2053 1094 2063 Δ

836 2219 838 2223 ·
904 2186 1066 2260 Trrueza.
1493 2285 1496 2290 Ι

309 2305 409 2379 Villa
434 2308 567 2381 habens
594 2308 629 2378 in
659 2328 697 2379 se
723 2308 903 2379 ecclesiam
930 2310 1163 2398 parochialem
1190 2288 1355 2401 lig'neam,
1381 2309 1528 2381 Sanctae
1555 2307 1763 2380 Gatberinae

205 2428 369 2519 dicatam,
397 2430 493 2501 cuius
520 2429 717 2501 haereditas
745 2429 788 2500 ad
816 2429 1085 2501 illustrissimum
1112 2430 1279 2503 Polouiae
1305 2435 1422 2521 regern
1448 2431 1610 2522 pertinet.
1636 2430 1677 2499 ln
1695 2449 1763 2519 qua

204 2556 284 2621 sunt
311 2550 497 2622 duodecim
533 2550 625 2621 lanei
652 2550 903 2650 cmetbonales,
927 2551 969 2622 de
998 2552 1122 2641 quibus
1150 2552 1298 2624 solvitur
1324 2554 1458 2624 decima
1483 2552 1673 2643 pecunialis
1686 2530 1763 2641 ¹per

203 2670 377 2741 fertonem
404 2672 552 2742 latorum
579 2693 779 2761 grossorum
807 2672 850 2743 de
878 2672 1033 2761 quolibet
1059 2672 1178 2763 laneo,
1204 2694 1268 2763 pro
1295 2674 1498 2764 episcopatu
1525 2671 1762 2743 cracoviensi:

209 2794 290 2862 item
318 2798 377 2863 est
403 2793 453 2864 ibi
480 2794 638 2865 scoltetia
663 2793 809 2865 babens*
823 2812 945 2869 novem
974 2794 1100 2883 laneos,
1128 2794 1172 2864 de
1199 2794 1324 2883 quibus
1350 2800 1490 2866 tenetur
1517 2781 1652 2866 solvere
1670 2792 1762 2864 deci-

206 2934 295 2984 mam
321 2914 575 3004 manipularem
602 2914 767 2987 ecclesiae
794 2921 830 2986 et
857 2914 1004 3004 plebano
1032 2915 1067 2985 in
1095 2914 1285 3006 Thurzu,
1312 2921 1348 2986 et
1374 2916 1474 2987 valor
1500 2916 1575 2986 eius
1602 2915 1762 2985 aestima-

208 3040 274 3105 tur·
300 3035 345 3106 ad
382 3035 530 3107 sedecim
568 3051 720 3126 marcas3
756 3037 840 3107 item
877 3036 1022 3127 quilibet
1058 3037 1194 3107 cmetbo
1230 3038 1275 3108 de
1300 3038 1401 3108 laneo
1436 3037 1573 3107 ratione
1598 3032 1760 3125 masclam,
1878 3024 1883 3033 ’

210 3156 311 3228 solvit
338 3156 505 3228 ecclesiae
533 3162 568 3228 et
594 3157 742 3247 plebano
770 3162 918 3247 quatuor
945 3178 1125 3229 mensuras
1152 3159 1263 3229 tritici
1281 3164 1317 3229 et
1335 3164 1484 3249 quatuor
1501 3178 1650 3247 auenae3
1676 3158 1760 3229 item

208 3278 374 3368 plebanus
412 3285 448 3350 et
483 3279 627 3354 ecclesia
661 3278 768 3350 babet
803 3280 851 3351 ibi
888 3280 1054 3370 speciales
1090 3301 1194 3370 agros
1229 3286 1265 3352 et
1300 3285 1418 3372 prata,
1445 3301 1510 3372 pro
1544 3301 1607 3351 suo
1633 3301 1699 3352 usu
1725 3284 1762 3350 et

209 3402 435 3490 necessitate3
471 3402 553 3472 item
591 3402 736 3478 ecclesia
770 3401 927 3491 praelata
962 3403 998 3472 in
1030 3401 1211 3473 Tburza
1238 3402 1503 3475 administratur
1527 3423 1591 3494 per
1616 3403 1759 3474 vitricos

209 3521 243 3591 in
275 3543 356 3594 cera
392 3529 429 3595 et
464 3523 544 3595 vino
580 3529 617 3594 et
651 3523 688 3592 in
724 3523 881 3594 omnibus
918 3523 1141 3614 necessariis,
1168 3523 1267 3596 iuxta
1301 3519 1432 3596 morem
1458 3523 1688 3614 almanorum,
1716 3543 1759 3594 ex
1817 3587 1822 3593 .

210 3644 318 3715 vaccis
345 3645 383 3715 in
411 3645 642 3736 elemosynam
669 3645 760 3716 datis
787 3666 851 3734 pro
878 3645 1033 3734 ecclesia,
1061 3650 1097 3716 et
1123 3665 1166 3715 ex
1191 3646 1320 3735 tritico,
1349 3645 1439 3736 quod
1467 3646 1656 3717 seminatur
1674 3667 1758 3736 quo-

211 3763 291 3836 libet
317 3745 351 3836 in
380 3763 590 3861 edolboyczo.
618 3765 697 3837 Non
723 3767 830 3838 babet
857 3767 1007 3856 aliquam
1034 3766 1135 3837 aliam
1163 3767 1280 3838 uillam
1308 3767 1373 3837 sub
1400 3785 1464 3838 sua
1490 3766 1663 3856 parocbia.

855 3993 1117 4066 Brassramcr.

310 4132 406 4204 Villa
440 4133 572 4205 babens
608 4133 644 4204 in
680 4153 718 4204 se
753 4134 986 4223 parochialem
1023 4133 1203 4204 ecclesiam
1229 4133 1398 4223 ligneam,
1424 4131 1552 4204 Sancto
1578 4130 1758 4204 Mattbueo

215 4255 366 4343 apostolo
394 4255 554 4345 dicatam,
583 4256 678 4326 cuius
705 4257 902 4346 proprietas
930 4256 974 4326 ad
1001 4256 1236 4346 episcopatum
1255 4253 1521 4326 Gracoviensem
1538 4255 1700 4344 pertinet.
1717 4253 1757 4324 ln

216 4395 279 4463 qua
304 4383 386 4448 sunt
413 4377 592 4448 duodecim
618 4377 709 4448 lanei
736 4378 980 4467 cmetbonales,
1008 4377 1051 4450 de
1078 4378 1203 4468 quibus
1226 4376 1373 4448 solvitur
1391 4382 1428 4447 et
1445 4375 1649 4448 conducitur
1667 4375 1759 4446 deci·

215 4515 267 4566 rna
290 4499 514 4589 manipularis
541 4503 577 4569 et
603 4499 776 4588 canapalis
804 4519 868 4589 pro
895 4501 1056 4591 episcopo
1084 4499 1315 4588 Cracoviensi,
1334 4499 1393 4589 qui
1411 4504 1465 4569 est
1482 4497 1575 4568 illius
1593 4496 1759 4569 ecclesiae

215 4617 327 4692 unicus
355 4619 502 4690 collator
528 4625 564 4690 et
589 4625 768 4710 patronus,
796 4620 892 4692 cuius
919 4621 1018 4693 valor
1044 4622 1251 4694 aestimatur
1277 4620 1322 4692 ad
1349 4621 1466 4692 decern
1493 4639 1646 4691 marcas:
1674 4619 1757 4689 item

217 4743 265 4808 est
290 4741 447 4813 scoltetia
482 4741 612 4813 babens
648 4743 735 4814 duos
771 4742 907 4833 lancos,
934 4743 977 4814 de
1005 4763 1150 4834 quornm
1177 4743 1272 4833 agris
1307 4742 1500 4813 decimatur
1526 4741 1692 4812 ecclesiae
1719 4741 1756 4810 in

217 4855 498 4954 Bpeszadkp’3
525 4865 607 4934 item
635 4865 797 4954 plebanis
822 4865 929 4936 babet
955 4866 1114 4956 proprios
1142 4885 1245 4954 agrm
1272 4868 1308 4934 et
1331 4868 1433 4953 prata
1450 4883 1514 4952 pro
1533 4883 1595 4934 sno
1613 4861 1757 4952 praedio

219 4982 251 5047 et
274 4967 486 5056 necessitate}
1408 4993 1410 4997 ’

312 5103 481 5198 Zunnow,
510 5105 592 5180 villa
619 5108 683 5180 sub
710 5108 875 5199 parochia
901 5107 944 5178 de
971 5107 1243 5198 Byeszadky
1270 5106 1347 5198 sita,
1375 5106 1472 5178 cuius
1499 5107 1694 5197 proprietas
1713 5103 1758 5176 ad

219 5221 404 5317 episcopum
427 5227 688 5301 Gracoviensem
707 5229 869 5320 pertinet.
896 5230 935 5299 In
954 5249 1021 5320 qua
1039 5235 1121 5300 sunt
1139 5230 1248 5300 lanei.
1263 5282 1289 5299 ..
1304 5249 1380 5299 cum
1398 5229 1521 5318 medio,
1539 5234 1575 5298 et
1592 5228 1757 5299 scultetus

222 5339 259 5411 de
284 5344 311 5415 B
319 5349 551 5440 yesnadky
584 5351 691 5422 habet
726 5351 830 5421 etiam
866 5351 902 5420 in
929 5349 1122 5422 Zurbow
1148 5351 1203 5422 ius
1229 5349 1440 5440 scoltetiale,
1467 5349 1571 5420 etde
1598 5349 1757 5420 omnibus

223 5465 306 5550 agris
331 5469 432 5542 uillae
460 5471 606 5543 solvitur
633 5477 669 5542 et
696 5472 899 5544 conducitur
926 5472 1058 5544 decima
1084 5471 1309 5561 manipularis
1336 5477 1373 5542 et
1399 5470 1575 5560 cauapalis
1602 5490 1666 5560 pro
1684 5470 1757 5559 epi-

223 5597 315 5676 scopo
349 5589 586 5682 Oracoviensi,
612 5599 651 5665 et
686 5595 784 5666 valor
818 5595 893 5666 eius
922 5595 1126 5666 aestimatur
1151 5593 1197 5664 ad
1223 5600 1373 5685 quatuor
1399 5613 1550 5663 marcas:
1577 5593 1661 5663 item
1688 5611 1758 5663 non
1868 5665 1874 5668 .

142 5701 147 5708 '
225 5711 297 5778 sunt
318 5711 365 5826 ibi
389 5713 564 5808 tabernae,
591 5736 702 5808 neque
729 5715 956 5808 hortulaniae,
984 5737 1094 5808 neque
1121 5715 1311 5808 praedium,
1335 5733 1446 5806 neque
1463 5712 1706 5788 molendinum.
