4550 6600
1741 794 1816 864 449
1965 894 1969 897 ἢ

260 1000 297 1067 61
323 998 500 1086 patronus.
526 994 615 1067 Item
642 994 810 1085 plebanus
836 995 943 1067 habet
969 993 1151 1069 macellum
1168 996 1205 1067 in
1223 996 1351 1089 oppido
1377 995 1608 1089 Polyanecz
1634 1000 1815 1091 proprium

260 1121 297 1191 et
323 1117 480 1190 liberum.
1446 1097 1448 1102 ¹

363 1238 532 1329 Osrnow,
559 1238 643 1311 villa
664 1239 734 1312 ¹sub
761 1239 926 1331 parochia
944 1239 988 1312 de
1005 1239 1237 1332 Polauyecz
1265 1241 1342 1331 sita,
1369 1241 1467 1311 cuius
1484 1241 1610 1313 haeres
1635 1241 1815 1316 iohannes
1877 1317 1881 1326 ,

258 1363 302 1435 16
338 1362 538 1454 Rithwyani
573 1359 748 1452 palatinus
785 1361 1033 1435 cracoviensis.
1077 1363 1118 1435 In
1146 1372 1215 1454 qua
1251 1344 1340 1436 sunt·
1367 1362 1436 1435 duo
1463 1384 1540 1434 cnm
1574 1363 1688 1436 medio
1722 1363 1816 1438 lanei

258 1484 502 1575 cmethonales,
529 1484 572 1555 16
600 1484 724 1574 quibus
762 1482 909 1558 solvitur
935 1490 970 1556 et
997 1485 1201 1558 conducitur
1237 1485 1371 1559 decima
1395 1485 1623 1575 manipularis
1650 1490 1687 1557 61
1713 1507 1815 1559 cana-

256 1607 346 1697 palis
371 1626 435 1697 pro
462 1606 624 1697 episcopo
661 1604 898 1697 Gracoviensi,
936 1607 1032 1679 cuius
1068 1607 1168 1680 valor
1202 1608 1408 1681 aestimatur
1443 1606 1488 1678 ad
1524 1627 1628 1679 unam
1655 1628 1814 1681 marcam.

253 1728 344 1801 Itarn
361 1750 431 1800 non
449 1733 504 1801 eat
530 1727 725 1819 praedium,
752 1749 816 1800 nec
834 1729 1017 1819 tabernae,
1045 1750 1109 1801 nec
1126 1730 1364 1819 hortulaniae3
1391 1729 1681 1802 columbationem
1699 1730 1834 1803 solum
1863 1737 1866 1743 ’

256 1852 350 1923 tollit
375 1850 542 1942 plebanus
568 1850 866 1942 Polanyeczensis

278 2074 282 2079 Ι
362 1973 553 2063 znwnnn,
581 1974 664 2045 villa
690 1974 754 2045 sub
781 1973 949 2063 parochia
967 1972 1010 2045 16
1028 1972 1220 2065 Polanyecz
1247 1976 1335 2064 sita,
1361 1976 1459 2047 cuius
1481 1974 1606 2045 haeres
1632 1973 1813 2047 lohannes

256 2095 301 2167 de
328 2095 595 2186 Rithwyani
621 2095 796 2185 palatinus
824 2092 1072 2167 Oracoviensis.
1108 2096 1149 2193 ln
1176 2117 1246 2187 qna
1272 2100 1354 2168 sunt
1379 2095 1448 2167 duo
1474 2116 1551 2167 cum
1577 2095 1692 2167 medio
1718 2096 1810 2185 lanei

255 2218 501 2307 cmetlronalee,
530 2217 573 2288 16
600 2217 726 2309 quibus
753 2217 900 2289 solvitur
927 2221 964 2289 et
991 2216 1196 2289 conducitur
1232 2217 1367 2289 decima
1392 2218 1620 2308 manipularis
1646 2222 1683 2289 61
1710 2238 1815 2289 cana-

258 2340 351 2431 palis
377 2360 442 2431 pro
470 2340 631 2430 episcopo
660 2337 901 2429 Gracoviensi,
929 2342 966 2409 61
992 2334 1090 2411 valor
1117 2340 1192 2411 eius
1219 2340 1425 2411 aestimatur
1451 2338 1496 2411 ad
1523 2335 1627 2421 unam
1652 2360 1814 2411 marcam.

255 2462 347 2547 Item
375 2482 443 2533 non
471 2465 553 2533 sunt
579 2461 766 2551 tabernae,
793 2480 857 2533 nec
883 2460 1112 2551 hortulaniae,
1139 2482 1204 2532 nec
1228 2461 1429 2561 praedium3
1467 2460 1679 2534 columbatic
1703 2460 1814 2533 solum

256 2583 453 2675 caditpro
471 2582 619 2675 plebano
646 2583 682 2654 in
709 2582 982 2677 Polanyecz.

363 2703 485 2777 Garun
511 2704 660 2795 Maron,
696 2705 780 2777 villa
806 2705 871 2777 sub
898 2705 1066 2796 parochia
1093 2704 1136 2775 16
1163 2704 1425 2795 Polanyccz
1453 2704 1540 2793 sita,
1567 2704 1664 2775 cuius
1690 2703 1832 2775 haeres*

211 2885 234 2931 0
258 2827 439 2899 Johannes
470 2823 729 2918 ‘Borowsky
757 2824 799 2899 de
825 2824 1097 2934 Lopuchou.
1132 2826 1173 2897 In
1202 2846 1272 2917 qua
1297 2830 1352 2897 est
1376 2846 1465 2897 unus
1492 2841 1570 2897 cnm
1596 2824 1739 2895 dimidio
1765 2824 1817 2895 la-

255 2970 362 3039 1611,
389 2948 432 3021 16
460 2949 586 3040 quibus
614 2948 762 3021 solvitur
788 2952 825 3019 et
851 2947 1056 3020 conducitur
1083 2948 1217 3019 decima
1241 2948 1468 3039 manipularis
1494 2951 1531 3018 et
1549 2946 1724 3037 canapalis
1749 2967 1814 3037 pro

258 3074 423 3163 episcopo
451 3069 691 3163 cracoviensi,
719 3070 816 3141 cuius
844 3070 943 3143 valor
970 3070 1015 3141 ad
1041 3090 1145 3141 unam
1171 3090 1321 3141 marcam
1348 3070 1561 3141 aestimatur.
1597 3068 1686 3140 Item
1712 3088 1814 3159 prae-

254 3194 352 3267 dium
380 3216 448 3266 non
476 3198 548 3284 est,
575 3213 686 3291 neque
713 3194 897 3283 tabernac,
924 3212 987 3263 nec
1013 3191 1243 3265 hortulauiae.
1374 3264 1382 3271 ,

295 3381 300 3386 .
362 3315 483 3390 (imur
508 3315 657 3406 Mmrcn,
683 3316 767 3389 uilla
793 3316 858 3388 sub
885 3315 1052 3410 parochia
1078 3315 1121 3387 de
1148 3304 1413 3406 Polanyecz
1440 3313 1529 3402 sita,
1560 3313 1658 3384 cuius
1689 3312 1830 3384 haeres

251 3441 382 3512 Petrus
418 3439 750 3530 Sroczkousky
785 3437 957 3510 dedomo
992 3437 1285 3528 Kopaczorre.
1338 3436 1380 3507 ln
1415 3438 1575 3526 quaest
1609 3454 1699 3506 unns
1737 3453 1813 3504 curn
1855 3453 1862 3461 ·

234 3562 524 3654 mediolanens,
543 3559 586 3632 de
614 3560 738 3652 quibus
756 3559 949 3632 decimatur
967 3559 1130 3650 episcopo
1150 3558 1391 3649 cracoviensi,
1418 3558 1516 3629 cuius
1537 3554 1692 3627 deminae
1715 3555 1814 3627 valor

255 3683 309 3756 ad·
330 3703 432 3756 unam
458 3701 619 3754 marcam.
647 3681 735 3754 Item
754 3701 825 3753 non
842 3686 925 3752 sunt
942 3680 993 3752 ibi
1019 3680 1207 3769 tabernae,
1233 3678 1472 3768 hortulaniae,
1499 3698 1611 3772 neque
1624 3675 1814 3766 praedium.

361 3805 579 3893 Rmruuwr,
615 3803 699 3876 villa
734 3803 798 3875 sub
824 3802 991 3895 parochia
1024 3801 1190 3874 ecclesiae
1228 3800 1271 3872 de
1297 3799 1559 3890 Polanyecz
1594 3797 1697 3887 sita,·
1716 3797 1813 3889 cuins

254 3929 399 4000 haeres.
423 3923 600 3998 lohannes
642 3924 1017 4016 Jugoschowsky
1053 3921 1096 3994 dc
1132 3922 1235 3994 domo
1271 3919 1513 3993 Habdank.
1552 3919 1594 3989 In
1627 3938 1696 4008 qua
1732 3921 1814 3988 sunt

257 4051 408 4142 quinque
443 4049 536 4120 lanei
562 4068 638 4120 cum
665 4047 797 4138 medio,
834 4046 1030 4138 dequibus
1068 4045 1216 4118 solvitur
1244 4049 1281 4116 61
1306 4042 1511 4116 conducitur
1545 4040 1680 4113 decima
1704 4040 1814 4110 mani-

255 4172 389 4265 pularis
417 4176 454 4244 61
480 4168 655 4262 canapalis
691 4189 754 4262 pro
782 4169 985 4260 episcopatu
1021 4161 1263 4257 cracoviensi,
1299 4169 1336 4237 61
1360 4164 1461 4237 valor
1496 4163 1572 4236 eins
1609 4161 1814 4236 aestimatur

256 4294 302 4368 ad
329 4299 403 4368 tres
429 4313 573 4365 marcas.
1537 4280 1540 4288 '

360 4416 524 4506 Rusozn,
552 4415 636 4488 villa
654 4414 717 4486 sub
735 4413 902 4505 parochia
921 4411 1086 4484 ecclcsiae
1113 4411 1157 4483 16
1183 4410 1442 4501 Polanyecz
1469 4408 1547 4498 sita,
1569 4405 1673 4509 cuius
1689 4404 1814 4476 haeres

256 4537 791 4630 lohannesssyechousky
827 4535 871 4608 de
904 4533 1006 4607 domo
1042 4533 1235 4606 Powala
1275 4533 1412 4623 Inque
1448 4535 1531 4601 sunt
1566 4532 1700 4618 septem
1735 4545 1813 4596 cnm

254 4661 369 4734 medic
396 4661 489 4734 lanei
515 4657 767 4750 cmelhonales,
796 4658 839 4730 16
867 4657 992 4749 quibus
1020 4656 1180 4729 omnibus
1206 4654 1356 4727 solvitur
1382 4657 1419 4725 et
1445 4649 1650 4751 conducitur
1676 4646 1811 4719 damma
1937 4686 1943 4694 ·

254 4783 482 4875 manipularis
509 4788 545 4854 61
572 4781 756 4872 canapalis,
784 4801 847 4872 pro
866 4780 1069 4870 episcopatu
1096 4776 1334 4865 cracoviensi,
1362 4779 1399 4846 et
1424 4772 1523 4845 valor
1549 4771 1624 4842 eins
1651 4769 1813 4841 aestima-
1869 4868 1873 4882 ,

254 4913 316 4978 tur
342 4905 387 4977 ad
414 4905 566 4996 quinque
601 4923 744 4976 marcas.
780 4903 868 4974 Item
905 4905 987 4973 sunt
1022 4901 1072 4972 ibi
1103 4899 1172 4970 dno
1208 4897 1353 4988 praedia
1387 4893 1572 4982 militaria,
1608 4890 1651 4962 16
1688 4890 1813 4982 quibus
1853 4938 1856 4943 -

255 5029 449 5101 decimatur
484 5026 650 5100 ecclesiae
676 5027 713 5096 in
739 5023 1020 5113 Polanyecz,
1056 5025 1092 5092 61
1118 5019 1217 5092 valor
1243 5018 1397 5090 decimae
1434 5015 1642 5092 aestimatur
1668 5011 1713 5084 ad
1739 5015 1813 5083 tres

254 5171 399 5224 marcas.
427 5148 506 5222 Non
534 5153 589 5219 est
615 5147 771 5236 taberna,
797 5165 909 5236 neque
935 5143 1145 5216 hortulanis.
1249 5135 1251 5139 ’

366 5268 569 5360 Onnacnru,
601 5269 685 5342 villa
712 5268 776 5342 sub
803 5266 969 5358 parochia
996 5264 1039 5336 dc
1065 5264 1328 5355 Polanyecz
1356 5261 1442 5349 sita,
1478 5258 1575 5330 cnius
1601 5257 1725 5328 haeres
1751 5253 1813 5353 16-
1845 5333 1850 5340 ,

245 5397 389 5471 dannan
416 5393 460 5466 de
485 5391 752 5485 Rithwyani
779 5389 954 5481 palatinus
983 5385 1232 5460 Gracovicnais.
1259 5383 1300 5456 In
1329 5403 1398 5475 qna
1415 5386 1498 5454 sunt
1516 5401 1577 5454 sex
1595 5398 1673 5451 cum
1698 5375 1812 5449 medio
1874 5417 1884 5430 ·

252 5518 347 5590 lanei
376 5514 710 5606 cmethonales„.de
738 5513 862 5605 quibus
890 5511 1048 5584 omnibus
1075 5508 1224 5580 solvitur
1250 5511 1287 5578 61
1313 5504 1516 5578 conducitur
1543 5501 1676 5574 decima
1701 5499 1812 5571 mani-

253 5638 389 5732 pularis
416 5642 452 5708 61
478 5637 655 5727 cenapolis
682 5657 746 5728 pro
773 5635 975 5726 episcopatu
1012 5629 1252 5719 Gracoviensi,
1288 5628 1386 5700 cuins
1412 5626 1511 5699 valor
1537 5623 1742 5697 aestimatur
1768 5611 1813 5692 ad

253 5764 404 5856 quatuor
430 5779 574 5830 marcas.
601 5757 681 5830 Non
708 5763 772 5852 cst¹
787 5753 977 5849 praedium,
1004 5773 1068 5826 nec
1081 5751 1249 5842 taberna,
1275 5770 1387 5842 neque
1412 5747 1621 5822 hortulanis„
1759 5782 1763 5788 «

365 5927 413 5974 ult.
426 5927 524 5973 nenena
537 5927 568 5972 11.
968 5883 975 5900 ’
1611 5896 1648 5945 57
