4550 6600
1711 789 1787 861 223

236 991 458 1084 Blizycze
484 998 564 1083 post
590 993 721 1063 curiam
748 992 784 1062 in
811 992 1031 1083 Blizycze
1058 998 1094 1063 et
1119 998 1200 1081 post
1224 996 1502 1083 tabernatorem,
1529 994 1659 1066 valoris
1686 995 1788 1064 unius

236 1134 386 1201 marcae;
413 1114 496 1185 item
523 1116 630 1185 habet
658 1117 816 1204 quartam
843 1114 1010 1185 decimam
1037 1114 1073 1185 in
1100 1114 1184 1185 villa
1203 1170 1316 1185 .....

926 1234 1143 1306 1111111111.

650 1616 891 1695 Decanatus
925 1616 1386 1725 Oszwyanezimenais.

334 1898 337 1903 .
876 1836 1161 1909 Oszwuauozru.

342 1952 516 2044 Oppidum
543 1955 674 2027 habeus
702 1957 934 2045 parochialem
961 1958 1143 2029 ecelesiam
1170 1960 1207 2029 in
1233 1978 1271 2028 se
1297 1963 1479 2049 muratam,
1507 1958 1604 2030 cuius
1630 1957 1789 2048 proprie-

235 2080 292 2145 tas
320 2075 366 2145 ad
394 2076 650 2146 serenissimum
677 2076 842 2147 Poloniae
868 2098 986 2167 regem
1013 2079 1175 2167 pertinet.
1201 2079 1241 2148 In
1270 2100 1338 2167 quo
1365 2079 1537 2169 quondam
1562 2078 1702 2150 luerunt
1720 2078 1788 2148 duo
1903 2104 1911 2113 ·

237 2200 404 2284 rectores
432 2196 518 2265 alias
545 2196 634 2266 duae
659 2197 850 2287 plebaniae,
878 2220 1024 2288 quarum
1052 2200 1256 2269 collationes
1282 2204 1318 2268 et
1343 2200 1602 2289 iuspatronatus
1629 2199 1673 2269 ad
1699 2199 1789 2269 mili-

235 2322 290 2387 tes
319 2316 364 2386 de
391 2316 492 2386 domo
519 2315 700 2387 Zadora
726 2323 761 2387 et
788 2318 831 2388 de
857 2320 941 2389 villa
968 2319 1173 2409 Brzezye
1199 2320 1422 2408 pertinebant
1449 2324 1484 2389 et
1509 2321 1695 2409 pertinent.
1722 2317 1790 2388 Sed
1889 2300 1893 2305 ¹

236 2437 301 2507 sub
330 2440 447 2507 aetate
475 2456 561 2526 mea,
588 2437 624 2505 in
651 2438 847 2508 novissimis
874 2439 996 2509 diebus
1023 2439 1066 2510 de
1092 2460 1162 2510 una
1189 2439 1343 2529 ecclesia,
1370 2441 1615 2530 praepositura
1644 2438 1789 2509 lundata

236 2560 303 2646 est,
330 2562 369 2626 et
395 2557 468 2627 eius
495 2558 695 2646 praeposito
723 2578 807 2627 cura
833 2560 1025 2629 animarum
1060 2560 1169 2630 totius
1205 2559 1389 2648 parochiae
1416 2556 1616 2649 commissa,
1652 2558 1694 2629 de
1722 2558 1792 2628 alia

237 2682 354 2747 autern
390 2677 552 2766 plebania
588 2656 706 2749 creata
742 2690 796 2749 ost
832 2680 1031 2769 praebenda
1066 2686 1102 2750 et
1137 2681 1391 2750 mansionariae
1425 2680 1611 2750 manuales.
1654 2680 1695 2749 In
1722 2697 1791 2770 quo

241 2798 370 2887 oppido
398 2803 480 2868 sunt
506 2798 598 2867 lanei
634 2798 901 2889 oppidanorum,
929 2798 971 2870 de
999 2801 1122 2889 quibus
1159 2800 1317 2870 omnibus
1354 2800 1500 2871 solvitur
1525 2806 1561 2871 et
1588 2798 1793 2870 conducitur

237 2918 373 3013 decima
399 2918 624 3008 manipularis
650 2919 913 3008 praepositurae
940 2918 1266 3009 Oszwanczimensi,
1297 2924 1335 2990 et
1361 2921 1459 2993 valor
1484 2921 1560 2991 eius
1587 2920 1791 2990 aestimatur

239 3040 282 3109 ad
309 3040 438 3129 viginti
464 3060 599 3111 marcas
626 3039 671 3110 ad
694 3041 815 3130 minus,
843 3040 1028 3131 aliquando
1047 3041 1091 3111 ad
1109 3042 1256 3130 triginta
1281 3062 1426 3111 marcas.
1452 3041 1540 3111 Item
1566 3042 1673 3111 habet
1690 3061 1791 3129 prae-

238 3160 312 3231 lata
339 3161 486 3231 ecclesia
512 3166 549 3231 et
574 3162 742 3251 plebanus
769 3162 928 3251 proprios
965 3182 1067 3251 agros
1095 3162 1232 3247 liberos
1259 3168 1295 3233 et
1320 3166 1438 3252 prata,
1474 3182 1538 3251 pro
1574 3182 1636 3232 suo
1662 3183 1729 3231 usu
1755 3165 1792 3230 et

238 3283 468 3371 necessitate;
503 3282 540 3353 in
567 3281 723 3374 praelato
760 3286 876 3354 autem
913 3282 1039 3374 oppido
1074 3289 1158 3354 sunt
1183 3283 1275 3354 lanei
1302 3283 1562 3374 oppidanorum,
1589 3282 1788 3372 dequibus

241 3405 389 3476 solvitur
417 3457 636 3474 .........
663 3404 750 3474 Item
786 3410 840 3474 est
866 3405 915 3475 ibi
941 3403 1119 3494 praedium
1149 3405 1285 3494 regale,
1327 3405 1370 3475 de
1398 3405 1497 3475 cuius
1523 3404 1616 3494 agris
1643 3403 1792 3474 solvitur

239 3525 373 3596 decima
399 3523 510 3596 eidem
537 3525 737 3614 praeposito
764 3515 1081 3596 Oszwauczimeusi.

340 3646 621 3734 Bosnowurur,
648 3645 731 3716 villa
757 3645 821 3715 sub
847 3646 1013 3738 parochia
1039 3644 1082 3715 de
1109 3643 1450 3735 Oszwyanczim
1478 3645 1555 3734 sita,
1584 3644 1680 3715 cuius
1708 3664 1788 3734 pro·

240 3767 373 3857 prietas
400 3766 444 3836 ad
471 3765 728 3836 serenissimum
754 3751 1063 3854 Poloniae'regem
1098 3765 1259 3853 pertinet.
1303 3765 1343 3834 In
1372 3785 1440 3854 qua
1466 3769 1548 3835 sunt
1582 3765 1674 3833 lanei
1701 3785 1790 3834 eme-

241 3887 419 3975 thonales,
455 3885 498 3956 de
525 3887 649 3976 quibus
677 3885 836 3956 omnibus
863 3885 1010 3956 solvitur
1037 3890 1073 3954 et
1100 3884 1306 3954 conducitur
1341 3884 1476 3954 decima
1500 3883 1726 3974 manipularis
1753 3888 1789 3952 et

243 4007 416 4098 canapalis
443 4027 506 4096 pro
535 4007 695 4095 episcopo
723 4005 961 4094 tirasonensi,
989 4011 1024 4075 et
1051 4005 1150 4076 valor
1176 4005 1250 4074 eius
1278 4005 1481 4097 aestimatur
1507 4004 1552 4074 ad
1570 4058 1684 4074 .....

282 4103 288 4115 ’
342 4126 536 4216 Granum,
565 4125 648 4198 11110
676 4127 739 4198 sub
758 4126 925 4215 parochia
943 4125 1108 4196 ecclcsiae
1136 4124 1179 4196 de
1205 4123 1562 4216 Oszwyanczym
1589 4126 1665 4214 sita,
1692 4125 1790 4195 cuius

242 4248 437 4338 proprietas
464 4247 508 4316 ad
536 4247 791 4317 serenissimum
806 4245 990 4317 .Poloniae·
1010 4266 1126 4336 regem
1154 4247 1314 4336 pertinet.
1341 4246 1382 4316 In
1401 4267 1470 4336 qua
1487 4251 1569 4316 sunt
1590 4246 1681 4316 lanei
1700 4266 1789 4315 eme-

243 4368 418 4456 thonales,
454 4367 496 4436 de
524 4367 648 4456 quibus
676 4366 824 4436 solvitur
851 4371 887 4436 et
913 4348 1116 4438 conducitur
1144 4366 1277 4436 decima
1301 4366 1526 4455 manipularis
1554 4371 1589 4436 ot
1615 4365 1790 4453 canapalis

243 4509 304 4578 pro
331 4489 536 4578 episcopatu
564 4486 793 4592 Oracoviensi,
820 4488 916 4558 cuius
943 4487 1042 4558 valor
1069 4487 1113 4558 ad
1132 4541 1140 4556 .
1159 4542 1167 4555 .
1186 4541 1220 4556 ..
1246 4507 1379 4558 marcas
1406 4488 1617 4557 aestimatur.

345 4607 524 4698 Goszow,
551 4607 635 4678 villa
663 4608 725 4679 sub
753 4608 919 4697 parochia
945 4606 988 4677 de
1015 4595 1323 4679 Oszwanczim
1351 4607 1435 4697 sita,
1470 4608 1567 4677 cuius
1593 4607 1790 4695 proprietas

246 4733 279 4799 et
304 4727 493 4800 dominium
520 4727 564 4798 ad
592 4727 849 4800 serenissimum
876 4727 1040 4799 Poloniae
1068 4749 1186 4817 regem
1225 4728 1385 4817 pertinet.
1430 4727 1470 4798 In
1498 4747 1565 4817 qua
1592 4732 1673 4797 sunt
1698 4727 1791 4796 lanei

246 4849 494 4938 emethonales,
521 4848 564 4918 de
592 4849 716 4938 quibus
744 4848 891 4919 solvitur
918 4853 953 4919 et
981 4848 1186 4919 conducitur
1211 4848 1345 4918 decima
1371 4846 1597 4936 manipularis
1624 4851 1789 4934 010010-

247 4970 331 5059 palis
357 4990 422 5060 pro
449 4969 611 5059 episcopo
640 4967 871 5058 Gracoviensi,
898 4974 934 5038 et
960 4969 1058 5039 valor
1084 4968 1158 5038 eius
1185 4968 1229 5038 ad
1249 5023 1256 5036 .
1273 5022 1280 5036 .
1298 5021 1333 5036 ..
1360 4987 1496 5068 marcas
1523 4967 1737 5037 aestimatur.

345 5088 561 5179 GnomrncZ,
588 5089 671 5159 villa
698 5089 762 5159 sub
789 5088 1024 5178 parochiado
1051 5086 1372 5177 Oszwanczym
1399 5088 1481 5176 sita,
1508 5087 1789 5176 01111010οι10-

126 5232 133 5274 s
215 5213 299 5298 ¹,tas
325 5215 361 5281 ot
388 5210 576 5282 dominium
612 5209 656 5278 ad
693 5209 948 5279 serenissimum
979 5204 1144 5278 Poloniae
1179 5229 1296 5297 regem
1332 5209 1493 5298 pertinet.
1536 5207 1578 5278 In
1614 5229 1682 5297 qua
1708 5213 1789 5277 sunt

249 5328 335 5400 lanei
361 5329 613 5420 emethonales,
650 5329 693 5399 de
721 5330 844 5419 quibus
871 5329 1028 5404 omuibus
1056 5328 1202 5399 solvitur
1229 5334 1265 5398 et
1292 5327 1496 5398 conducitur
1513 5325 1655 5399 'decima
1681 5327 1790 5398 mani·
1865 5413 1871 5420 ·

250 5450 376 5537 pularis
402 5458 439 5521 et
465 5450 640 5539 canapalis
666 5470 731 5539 pro
757 5450 918 5540 episcopo
946 5447 1177 5538 Cracoviensi,
1204 5449 1300 5519 cuius
1328 5448 1426 5520 valor
1452 5448 1497 5518 ad
1515 5502 1628 5517 .....
1654 5467 1789 5558 marcas

251 5571 456 5642 aestimatur.
1704 5587 1709 5594 ·

349 5691 489 5784 Dworu,
529 5687 612 5763 villa
639 5690 702 5764 sub
729 5690 895 5781 parochia
921 5689 964 5763 de
990 5689 1334 5781 Oszuyanczim
1361 5691 1444 5783 sita,
1471 5688 1567 5762 cuius
1592 5687 1789 5782 proprietas

863 5971 868 5981 ,
971 5935 992 5972 0
