4550 6600
1680 758 1755 839 453

304 961 464 1065 amma,
491 965 575 1046 uilla
600 967 665 1047 sub
692 970 859 1066 parochia
886 971 929 1046 de
957 964 1277 1068 Guroouaulry
1303 968 1381 1049 sita.
1405 971 1449 1047 Iu
1472 980 1643 1068 quarunt
1666 974 1759 1049 lanei

204 1096 456 1188 emethonalcs,
483 1096 670 1187 dequibus
689 1097 837 1170 soluitur
855 1102 892 1169 et
911 1097 1116 1171 conducitur
1134 1096 1270 1169 decima
1286 1099 1513 1191 manipularis
1527 1105 1564 1171 ct
1580 1099 1757 1200 canapalis

188 1234 267 1311 ¹pro
295 1219 458 1311 episcopo
495 1216 734 1309 Gracoviensi,
772 1226 807 1292 et
834 1220 933 1293 valor
960 1220 1034 1291 eius
1061 1220 1269 1293 aestimatur
1295 1221 1339 1293 ad
1366 1221 1453 1293 duas
1479 1222 1623 1293 marcas.
1667 1222 1756 1295 Item

202 1345 281 1413 sunt
307 1339 357 1411 ibi
384 1338 492 1430 aliqui
527 1340 610 1429 agri*
630 1344 666 1411 et
692 1339 785 1411 lanei
821 1340 1073 1431 emethonales,
1111 1341 1170 1431 qui
1207 1339 1379 1431 quondam
1416 1346 1517 1413 eraut
1537 1342 1755 1433 praediales,

203 1462 398 1552 dequibus
433 1461 580 1533 solvitur
615 1461 748 1533 decima
784 1462 949 1535 ecclcsiae
984 1463 1021 1535 iu
1048 1462 1378 1556 Curoswanky‚
1413 1468 1449 1535 et
1475 1463 1575 1536 valor
1609 1463 1756 1535 eiusad

201 1604 303 1657 uuam
330 1604 493 1657 marcam.
1104 1566 1114 1583 ’

304 1703 493 1798 Guzruow,
532 1706 616 1778 uilla
642 1708 706 1780 sub
733 1706 969 1797 parochiam
988 1760 1158 1779 .......
1182 1709 1271 1800 sita,
1307 1709 1406 1781 cuins
1432 1708 1555 1780 haeres
1591 1706 1756 1779 Nicolaus
1820 1708 1827 1725 “

202 1827 230 1900 L
238 1829 486 1921 yubelozik
513 1828 556 1900 de
584 1829 685 1901 domo
712 1828 873 1901 Roz'ao.
899 1830 939 1901 Iu
968 1851 1036 1921 qua
1063 1835 1145 1903 sunt
1171 1830 1263 1902 lanei
1290 1830 1536 1921 auctionales,
1563 1830 1755 1923 dequibus

202 1950 348 2023 solvitur
375 1957 412 2023 et
438 1950 643 2023 conducitur
679 1952 812 2024 decima
847 1952 1072 2043 manipularis
1106 1958 1144 2025 et
1178 1954 1354 2045 canapalis
1389 1974 1454 2045 pro
1492 1953 1692 2045 praeposito
1719 1953 1755 2023 iu

201 2073 223 2146 J
232 2074 449 2167 emyeluo‚
476 2081 512 2147 et
539 2074 638 2149 valor
664 2075 739 2147 eius
766 2076 970 2147 aestimatur
997 2075 1042 2147 ad
1069 2074 1187 2148 decem
1214 2095 1358 2148 marcas.
1385 2077 1472 2151 ltem
1498 2081 1553 2148 est
1578 2076 1627 2148 ibi
1654 2096 1755 2167 prae·

201 2195 291 2267 dium
319 2197 491 2287 militare,
527 2196 570 2269 de
598 2196 694 2269 cuius
721 2197 815 2287 agris
843 2198 976 2271 deoinra
1002 2197 1140 2269 tollitur
1166 2198 1203 2268 iu
1230 2195 1559 2290 Guroswauky,
1594 2202 1631 2269 et
1656 2197 1773 2307 valor!

202 2317 345 2391 eiusad
374 2340 435 2391 sex
462 2338 596 2399 marcas
627 2320 842 2393 aestimatur.

644 2493 889 2595 Praebenda
924 2518 963 2595 in
997 2512 1309 2621 Ouroawanky.

302 2682 420 2757 Habet
447 2685 553 2757 etiam
579 2684 726 2756 ecclesia
744 2664 953 2776 parochialis
979 2685 1015 2755 in
1044 2682 1354 2776 Gurosuauky
1381 2704 1485 2757 unam
1511 2684 1754 2775 praebendam,

202 2806 272 2879 sive
298 2806 420 2898 altare,
448 2807 483 2878 iu
510 2807 651 2879 titulum
670 2806 798 2880 Sancto
871 2863 877 2879 .
898 2862 931 2878 ..
958 2808 1129 2898 dicatum,
1157 2808 1254 2879 cuius
1277 2806 1463 2879 modernus
1482 2806 1755 2897 praebendarius

202 2934 253 2999 cst
269 2926 438 3001 Albertus
458 2928 501 3001 de
519 2984 527 2999 .
546 2984 554 3001 .
573 2985 579 2999 .
600 2930 698 3003 cuius
716 2930 837 3001 unicus
855 2934 1023 3020 patronus
1042 2935 1096 3001 est
1113 2929 1240 3001 Petrus
1258 2929 1302 3001 de
1320 2928 1648 3020 (luroswanlry,
1666 2948 1753 3019 quae

203 3050 337 3139 quidem
360 3048 560 3141 praebenda
585 3052 692 3125 habet
706 3072 770 3142 pro
798 3050 879 3123 dote
903 3072 966 3123 sua
991 3052 1159 3123 decimam
1183 3052 1435 3143 manipularem
1461 3052 1499 3123 in
1526 3051 1755 3121 Brzeziui.

305 3172 512 3263 Buzuzurur,
539 3174 622 3245 villa
648 3174 712 3246 sub
739 3174 907 3264 parochia
934 3173 977 3245 de
996 3220 1138 3245 ......
1166 3174 1254 3263 sita,
1281 3174 1378 3245 cuius
1405 3172 1603 3263 proprietas
1629 3171 1676 3243 ad
1701 3192 1755 3243 se-

202 3295 417 3370 renissimum
445 3295 610 3368 Polouiae
636 3317 754 3386 regern
781 3296 941 3387 pertinet.
968 3295 1009 3368 Iu
1028 3317 1096 3386 qna
1117 3302 1199 3370 sunt
1225 3296 1317 3368 lanei
1343 3294 1589 3385 cmethouales‚
1603 3293 1664 3371 ‚de
1680 3293 1754 3384 qui-

203 3417 264 3488 bus
290 3418 440 3491 solvitur
466 3424 503 3489 et
529 3417 733 3490 conducitur
769 3417 901 3490 decima
936 3417 1163 3509 manipularis
1189 3423 1227 3490 ot
1253 3418 1431 3508 canapalis
1466 3437 1531 3508 pro
1557 3415 1756 3508 praebenda

203 3538 591 3632 inuroswanky‚
628 3548 665 3611 et
690 3541 789 3614 valor
825 3541 899 3612 eius
935 3541 1140 3612 aestimatur
1166 3517 1211 3612 ad
1239 3540 1364 3630 viginti
1400 3559 1543 3610 marcas.
1584 3536 1757 3620 Assemut

203 3667 314 3734 aulem
341 3662 511 3753 nonnulli,
539 3662 631 3753 quod
658 3683 721 3753 per
747 3662 870 3734 laisum
898 3662 1118 3753 privilegium
1146 3661 1339 3752 Sbignei
1366 3661 1521 3752 episcopi
1547 3655 1584 3731 et
1610 3658 1755 3750 capituli

202 3781 449 3875 Grecouieusis
475 3784 654 3875 praedicta
681 3784 814 3856 decima
841 3783 1017 3874 applicata
1043 3783 1090 3855 sit
1117 3783 1335 3881 praebendae
1362 3783 1398 3854 iu
1425 3780 1753 3870 (luroswaulrpu

204 3925 275 3978 curu
302 3928 368 3996 pro
395 3906 499 3979 dulae
526 3913 692 3998 ternpore,
720 3906 956 3996 Sbigneus
983 3905 1134 3978 noudum
1162 3905 1345 3995 episcopus
1372 3903 1612 3977 cracoviensis
1638 3901 1754 3974 fuerit.

880 4028 1079 4101 Brncuouu

302 4148 400 4223 Villa
434 4151 567 4224 habens
598 4153 635 4222 iu
662 4171 700 4224 se
727 4147 907 4224 ecclesiam
942 4150 1177 4248 parochialem
1210 4149 1380 4241 ligneam,
1415 4145 1584 4220 Omnibus
1619 4145 1754 4219 Sanctis

204 4269 369 4365 dicatam,
397 4274 494 4346 cuius
520 4274 689 4346 haeredes
716 4267 895 4346 Johanues
922 4274 964 4346 de
991 4272 1262 4363 Rithwyaui
1293 4272 1470 4364 palatinus
1506 4269 1755 4359 (bracariensis²

205 4393 246 4466 de
271 4396 379 4468 armis
405 4397 718 4488 Accipitrum‚
755 4401 792 4468 et
817 4396 982 4468 Nicolaus
1014 4395 1330 4486 Byechowsky
1357 4394 1400 4465 de
1429 4393 1535 4465 armis
1561 4391 1754 4480 Pouala;
1861 4461 1869 4470 ,

204 4523 240 4588 et
255 4518 361 4592 habet
388 4519 436 4592 ibi
462 4517 641 4592 Johaunes
660 4519 702 4590 de
729 4518 999 4610 Rithwyani
1026 4517 1112 4590 duas
1134 4523 1253 4608 partes
1271 4515 1384 4608 villae,
1411 4521 1448 4586 et
1464 4513 1628 4588 Nicolaus
1645 4513 1754 4605 Bye-

120 4647 122 4653 “
205 4639 420 4734 chowsky
446 4643 601 4713 tertiam.
625 4641 665 4713 Iu
684 4648 785 4732 parte
813 4647 929 4714 autom
956 4639 1127 4714 Johaunis
1154 4638 1494 4731 Rithwyeusky
1520 4642 1604 4710 suut
1629 4635 1754 4725 uiginti

205 4759 292 4834 lanei
318 4763 562 4855 cucrhonales,
589 4763 672 4836 item
700 4764 851 4855 quinquo
877 4764 1044 4836 tabernac
1071 4762 1241 4836 habentes
1267 4782 1390 4852 agros,
1417 4760 1502 4832 item
1528 4758 1598 4832 duo
1624 4757 1754 4828 molen·

120 4924 124 4932 ·
205 4883 284 4956 diua
316 4885 484 4958 habentia
524 4906 627 4976 agros
664 4891 701 4958 ot
735 4890 855 4978 prata,
892 4885 975 4956 item
1012 4883 1232 4956 hortulauiae
1268 4881 1550 4974 quatuordecim,
1584 4880 1753 4976 hebenus

207 5025 323 5098 agros3
350 5009 414 5080 sub
433 5006 578 5079 Nicolao
596 5012 712 5080 autem
739 5007 892 5099 Byech
903 5028 923 5078 o
934 5008 1056 5097 wsky
1084 5012 1167 5077 sunt
1183 5025 1245 5077 sex
1261 5004 1364 5096 lanei,
1391 5004 1516 5096 viginti
1534 5001 1753 5090 dammulae

206 5125 368 5201 habentes
395 5149 498 5220 agros
525 5134 561 5201 et
587 5135 710 5220 prata,
743 5129 827 5200 item
853 5149 959 5200 uuum
985 5127 1239 5218 molendinum,
1270 5128 1355 5198 item
1381 5126 1471 5198 duae
1497 5125 1665 5199 tabernae
1692 5121 1754 5194 ha-

207 5247 323 5322 bentes
351 5271 464 5344 agros,
491 5251 534 5324 do
562 5252 686 5344 quibus
714 5251 872 5324 omnibus
899 5250 1046 5322 soluitur
1072 5256 1109 5322 ct
1128 5248 1341 5323 conducitur
1360 5248 1501 5322 decima
1526 5245 1755 5338 manipularis

208 5376 243 5442 ot
267 5351 459 5464 canapalis·
477 5395 542 5465 pro
578 5373 725 5444 ecclesia
750 5373 785 5444 in
812 5372 969 5464 Zborow,
1004 5378 1040 5444 et
1066 5371 1164 5444 valor
1199 5372 1274 5443 eius
1309 5369 1527 5444 aestimatur
1549 5369 1594 5442 ad
1630 5366 1753 5458 viginti

208 5513 346 5568 marcas
372 5495 461 5568 Item
480 5501 561 5567 suut
586 5495 637 5566 ibi
663 5494 731 5568 duo
749 5495 895 5585 praedia
912 5494 1096 5584 militaria,
1122 5515 1229 5565 uuum
1251 5492 1422 5565 lobannis
1447 5489 1753 5585 Ritlrwyeuskp‚

209 5614 352 5690 alterum
378 5617 514 5690 Nicolai
541 5616 869 5708 Byechowsky,
887 5621 932 5687 et
958 5616 1001 5687 du
1019 5620 1168 5706 utroque
1194 5615 1352 5702 solvitur⁸
1368 5614 1502 5686 decima
1527 5611 1752 5704 manipularis

207 5737 369 5811 ecclesiae
397 5741 433 5812 in
459 5739 693 5830 Byechou.
724 5738 817 5818 *Item
844 5738 1013 5830 plebanus
1048 5738 1155 5810 habet
1180 5737 1231 5809 ibi
1256 5757 1360 5828 agros
1385 5737 1565 5829 proprios,
1581 5755 1664 5826 pro
1691 5754 1754 5804 sua
1844 5833 1847 5837 Ι
