4550 6600
405 825 408 835 s
500 752 581 846 ,²376

503 967 542 1037 et
576 961 673 1037 valor
709 959 784 1033 eins
819 958 1023 1033 aestimatur
1058 960 1103 1032 ed
1140 958 1335 1055 quindecim
1368 978 1513 1035 marcas.
1552 961 1641 1035 Item
1675 960 1850 1055 plebanus
1873 960 1977 1033 habet
1999 964 2046 1035 ihi

503 1104 609 1156 uuum
635 1083 774 1156 laneum
800 1081 948 1155 liberum
975 1103 1038 1173 pro
1065 1082 1209 1175 praedio
1238 1102 1310 1172 suo,
1337 1086 1375 1154 et
1400 1087 1511 1173 prata.
1557 1103 1559 1106 ·
1704 1162 1708 1168 ,
2064 1174 2070 1184 .

608 1204 773 1295 WourrA,
800 1205 884 1277 villa
910 1205 974 1277 snb
1001 1204 1169 1297 parochia
1194 1203 1362 1276 ecclesiae
1387 1203 1432 1276 de
1457 1203 1663 1296 Zagosoz
1689 1206 1768 1296 sita,
1795 1206 1893 1278 cuins
1919 1207 2049 1296 propri·

499 1332 579 1430 etas
606 1327 651 1399 ad
677 1327 935 1400 serenissimum
962 1327 1126 1400 Poloniae
1153 1348 1272 1418 regem
1298 1326 1458 1416 pertinet.
1484 1326 1526 1398 In
1551 1346 1620 1417 qua
1637 1332 1719 1399 sunt
1735 1327 1855 1399 decem
1872 1330 1910 1398 et
1925 1333 2052 1417 septem

502 1449 595 1521 lanei
621 1449 873 1540 cmethonales,
901 1448 944 1523 de
972 1450 1096 1541 quibus
1133 1448 1292 1521 omnibus
1319 1448 1466 1520 solvitur
1492 1452 1530 1519 et
1555 1447 1761 1520 conducitur
1787 1448 1923 1521 decima
1946 1450 2051 1519 mani-

504 1571 636 1662 pularis
662 1575 698 1643 et
725 1571 900 1663 canapalis
927 1593 991 1663 pro
1019 1571 1166 1643 ecclesia
1190 1562 1234 1643 in'
1254 1570 1466 1662 Zagoscz,
1493 1576 1530 1643 et
1555 1570 1655 1641 valor
1680 1571 1754 1641 eins
1780 1557 1988 1642 aestimatur
2012 1571 2054 1641 ad

503 1692 698 1783 quindecim
734 1713 880 1765 marcas
919 1693 1009 1765 Item
1044 1693 1225 1785 praedium
1260 1693 1396 1783 regium
1430 1713 1499 1765 non
1525 1697 1581 1763 est
1606 1692 1675 1781 ibi,
1701 1692 1786 1763 item
1812 1693 1963 1763 taberna
1990 1712 2055 1763 una

502 1814 635 1886 habens
661 1816 811 1906 hortum,
838 1816 921 1887 item
947 1816 1166 1887 hortulaniae
1193 1836 1263 1888 non
1289 1820 1381 1906 sunt,
1408 1815 1493 1886 item
1519 1813 1753 1885 molendinum
1779 1835 1850 1885 non
1877 1819 1945 1886 est.

608 1936 722 2008 Villae
759 1938 909 2029 quinque
945 1937 989 2010 ad
1024 1938 1205 2009 ecclesiam
1238 1937 1277 2008 in
1302 1936 1507 2027 Zagoscz
1533 1941 1748 2027 spectantes,
1774 1936 1958 2009 videlicet:
1984 1934 2055 2007 Za-

503 2078 650 2150 goson,
678 2036 978 2151 Szlcothniky,
1005 2058 1207 2152 Wynari,
1235 2058 1397 2151 Wolya
1424 2063 1460 2131 et
1486 2056 1806 2131 Skoroczicze.

1111 2180 1449 2255 Oamszanowrczn.

606 2302 858 2375 Monosterinm
885 2303 1017 2377 ordinis
1043 2302 1445 2394 praemonstratensium,
1470 2302 1603 2374 habens
1628 2303 1666 2373 in
1684 2320 1722 2373 se
1748 2300 1986 2392 parochialem
2004 2320 2055 2373 ec-

506 2422 655 2517 clesiam,
683 2424 780 2498 curius
811 2423 944 2498 fructus
972 2430 1008 2497 et
1033 2430 1225 2517 proventus
1250 2426 1287 2496 in
1313 2429 1472 2515 regestro
1498 2423 1787 2499 monasteriorum
1804 2422 2056 2516 descripsimus

1158 2548 1401 2621 Bocuczrczn.

608 2666 703 2740 Villa
729 2668 860 2741 habens
888 2669 923 2740 in
951 2690 988 2742 se
1015 2669 1249 2760 parochialem
1276 2667 1474 2759 ecclesiam,
1502 2663 1741 2740 tantummodo
1778 2688 1800 2740 a
1825 2667 2055 2741 fundamentis

504 2794 690 2880 muratam3
717 2788 906 2864 Gasimirns
933 2791 1024 2865 enim
1053 2790 1241 2883 secundus,
1267 2790 1434 2863 Poloniae
1460 2810 1538 2879 rex,
1572 2788 1744 2861 fabricare
1769 2790 1866 2861 illam
1893 2790 2056 2863 iniciave-

503 2918 578 3003 rat,
605 2912 666 2985 sed
684 2918 796 2985 morte
821 2921 1031 3004 praeventus
1048 2914 1193 3006 reliquit
1209 2912 1461 3005 imperfectam3
1488 2910 1614 2983 Sancto
1633 2910 1884 3004 christophoro
1912 2914 2056 3005 martyri

504 3033 672 3126 dicatam,
708 3036 805 3108 cuius
841 3036 1076 3127 adpraesens
1111 3036 1279 3127 plebanus
1314 3034 1501 3126 presbyter
1528 3086 1669 3103 ......
1695 3034 1736 3105 In
1764 3056 1832 3125 qna
1859 3040 1944 3107 sunt
1969 3035 2055 3105 lanai

356 3162 365 3171 '
505 3157 754 3248 cmethonales,
794 3157 838 3229 de
865 3158 989 3249 quibus
1017 3158 1175 3230 omnibus
1202 3158 1351 3231 solvitur
1381 3162 1418 3229 et
1444 3154 1648 3228 conducitur
1672 3155 1807 3228 decima
1831 3157 2056 3247 manipularis

504 3282 540 3350 et
567 3279 741 3371 canapalis
777 3300 840 3372 pro
868 3280 1067 3372 praebenda
1093 3280 1213 3354 Sancti
1240 3280 1375 3353 Nicolai
1409 3280 1447 3352 in
1473 3277 1663 3351 Wislicia
1699 3278 1894 3354 collationis
1921 3280 2054 3372 regalis,

506 3418 594 3492 qnae
629 3403 828 3492 praebenda
855 3403 1007 3495 capellae
1035 3403 1182 3476 Sanctae
1209 3403 1391 3475 Trinitatis
1418 3403 1454 3473 in
1486 3401 1632 3474 ecclesia
1666 3402 1791 3474 maiori
1816 3402 2054 3476 Gracovicnsis

504 3523 646 3612 reginae
672 3524 836 3618 Zophiae,
864 3527 1094 3618 incorporata,
1123 3531 1160 3598 et
1185 3526 1284 3598 valor
1310 3525 1462 3597 eiusdem
1489 3523 1643 3596 decimae
1669 3523 1874 3597 aestimatur
1899 3525 1945 3598 ad

504 3666 646 3720 marcas.
695 3646 863 3722 Plebania
899 3654 1014 3722 autem
1051 3633 1159 3722 habet
1193 3649 1257 3721 hos
1293 3653 1496 3740 proventus:
1532 3645 1701 3738 imprimis
1736 3647 1842 3719 habet
1876 3648 2053 3739 praedium

503 3769 687 3862 optimum,
724 3772 815 3864 quod
851 3773 935 3848 colit
970 3773 1111 3864 proprio
1140 3776 1276 3862 aratro,
1321 3771 1420 3843 cuins
1455 3771 1531 3862 agri
1566 3768 1794 3841 aestimantur
1828 3769 1875 3841 ad
1910 3776 2055 3862 quatuor

503 3891 622 3964 laneos
650 3914 727 3965 cum
753 3895 885 3984 medio;
912 3897 994 3967 item
1022 3893 1129 3966 habet
1155 3894 1226 3966 tria
1242 3897 1345 3985 prata
1370 3893 1475 3984 hona,
1501 3892 1586 3965 item
1612 3891 1720 3963 habet
1735 3896 1848 3964 'unam
1867 3892 2054 3981 tabernam,

504 4013 689 4095 habentem
717 4037 838 4106 agros,
876 4017 934 4108 qui
961 4016 1137 4089 decimant
1173 4015 1348 4107 manipulo
1385 4014 1567 4105 plebaniae
1602 4017 1638 4086 et
1667 4013 1772 4086 solvit
1805 4014 1957 4105 plebano
1992 4035 2053 4106 pro

504 4155 609 4217 censu
646 4135 732 4207 duas
768 4158 922 4228 marcas3
956 4139 1039 4210 item
1075 4139 1182 4212 habet
1208 4137 1443 4210 hortulaniam
1477 4137 1514 4207 in
1546 4134 1667 4209 eadem
1693 4137 1792 4227 villa,
1828 4157 1919 4228 qnae
1955 4137 2054 4208 solvit

503 4278 609 4328 unum
622 4235 630 4250 ⁴
644 4255 813 4332 fertonem
848 4281 911 4351 pro
948 4267 1124 4352 consuet
1159 4261 1297 4332 laborat
1332 4275 1434 4332 unam
1472 4258 1564 4331 diem
1598 4260 1635 4330 in
1671 4260 1865 4350 septimana
1899 4257 2051 4350 pedestri

504 4379 642 4470 labore,
678 4381 762 4452 item
789 4381 895 4454 habet
929 4383 1116 4474 piscinam3
1152 4384 1236 4455 item
1272 4387 1326 4454 est
1352 4381 1388 4452 iu
1415 4380 1536 4452 eadem
1571 4381 1655 4453 villa
1690 4382 1787 4453 curia
1813 4386 1850 4452 et
1876 4380 2054 4471 praedium

502 4501 638 4592 regale,
675 4502 718 4574 de
744 4503 841 4576 cuius
877 4506 971 4595 agris
999 4506 1147 4578 solvitur
1183 4504 1317 4577 decima
1352 4504 1577 4595 manipularis
1607 4525 1672 4594 pro
1699 4502 1821 4576 eadem
1847 4503 2053 4576 ecclesiain

502 4620 774 4715 Boguczicze,
803 4630 838 4696 et
864 4625 962 4698 valor
988 4627 1062 4700 eius
1090 4626 1296 4698 aestimatur
1321 4624 1366 4696 ad
1393 4629 1541 4716 quatuor
1567 4643 1710 4696 marcas.

607 4742 905 4838 Gaocnowrsna,
932 4747 1015 4820 villa
1033 4748 1097 4820 sub
1116 4749 1283 4838 parochia
1299 4748 1343 4820 de
1361 4747 1615 4838 Bognczicze
1633 4747 1712 4837 sita,
1739 4745 1785 4817 ad
1801 4745 2054 4818 serenissimum

502 4865 668 4939 Poloniae
695 4889 810 4959 regem
838 4870 1025 4961 pertinens.
1064 4871 1103 4941 In
1124 4891 1193 4962 qua
1211 4874 1293 4942 smrt
1319 4871 1411 4942 lanei
1437 4868 1682 4958 cmethonales,
1708 4867 1897 4959 dequibus
1925 4868 2055 4942 decima
2094 4882 2098 4890 ·

504 4989 693 5079 pecunialis
722 4991 868 5065 solvitur
895 5014 959 5084 pro
986 4993 1130 5066 ecclesia
1156 4992 1349 5084 parochiali
1375 4993 1411 5063 in
1434 4991 1688 5089 Bognczicze
1715 4989 1758 5061 de
1776 4989 1935 5081 quolibet
1959 4991 2054 5060 laneo

502 5132 566 5201 per
593 5117 671 5184 octo
697 5135 857 5206 grossos,
887 5120 923 5187 et
949 5117 1159 5207 proveniunt
1187 5170 1301 5186 .....
1311 5138 1321 5205 ;
1346 5115 1473 5207 siquis
1501 5119 1617 5186 autem
1644 5109 1748 5204 agros
1775 5111 1936 5185 desertos
1962 5111 2055 5201 oolit,

502 5234 585 5306 dare
612 5241 754 5310 tenetur
772 5237 938 5309 decimam
957 5238 1206 5329 manipularem
1234 5257 1298 5329 pro
1317 5237 1463 5309 ecclesia
1487 5236 1525 5308 in
1543 5235 1807 5326 Bognczicze,
1835 5233 1880 5306 de
1897 5235 2053 5307 omnibus

502 5357 696 5451 frumentis,
725 5344 813 5452 quae
840 5359 1072 5434 seminaverit.
1116 5359 1204 5430 Item
1231 5359 1409 5451 praedium
1436 5381 1505 5432 non
1532 5357 1650 5430 estin
1676 5357 1795 5429 cadem
1823 5354 1921 5448 villa,
1949 5375 2054 5448 neque
2156 5399 2158 5434 l

501 5481 663 5573 taberna,
690 5503 802 5574 neque
830 5482 1066 5574 hortulaniae,
1093 5503 1206 5574 neque
1232 5482 1475 5555 molendinum.

1079 5603 1481 5676 Szaunmworowrczn.

606 5719 700 5800 Villa
734 5724 866 5796 hahens
901 5728 937 5808 in
974 5745 1011 5798 se
1038 5725 1272 5828 parochialem
1308 5725 1507 5826 ecclesiam,
1543 5723 1659 5820 lapide
1686 5722 1766 5797 albo
1792 5726 1985 5814 muratam,
2019 5723 2054 5796 et
