4550 6600
491 738 567 810 496

489 939 688 1017 coenobiale
706 938 883 1030 optimum,
910 938 953 1009 de
972 937 1069 1010 cuius
1089 938 1183 1029 agris
1202 937 1336 1009 decima
1353 936 1616 1031 manipularis...
1643 938 1731 1013 Item
1758 939 1919 1031 praelata
1936 940 2043 1011 eccle·

490 1063 543 1136 sia
568 1063 606 1133 in'
631 1061 841 1150 Lucana,
869 1060 1004 1131 unicam
1031 1063 1168 1131 tautum
1192 1059 1298 1131 habet
1325 1059 1443 1131 villam
1471 1058 1665 1151 praefatam
1691 1060 1903 1153 Lucawa,
1935 1060 1982 1133 ad
2008 1081 2046 1133 se

490 1183 731 1275 pertinentem.
757 1182 845 1254 Item
871 1180 1031 1273 praefata
1057 1180 1202 1253 ecclesia
1228 1185 1350 1252 taxata
1377 1187 1432 1252 est
1449 1235 1564 1253 .....
1700 1232 1705 1245 .

1135 1301 1401 1375 Innuowrozu.
2018 1364 2020 1369 ,

591 1424 687 1496 Villa
720 1423 853 1495 babens
888 1422 1068 1494 ecclesiam
1102 1422 1335 1513 parochialem
1371 1423 1529 1513 ligneam,
1557 1422 1683 1495 Sancta
1711 1421 1864 1496 Thomna
1892 1422 2046 1495 Cautus-

432 1541 436 1552 “
488 1546 596 1619 ιιιιιι
631 1544 797 1634 dinatum,
832 1543 930 1614 cuius
964 1543 1160 1633 proprietas
1196 1543 1240 1613 ad
1274 1542 1443 1615 Iacobum
1479 1549 1516 1617 et
1541 1544 1712 1617 Zoclieam
1739 1543 1782 1616 de
1809 1544 1917 1615 armis
1943 1544 2047 1635 Rip-

488 1666 703 1758 pannium
730 1664 891 1756 pertinet,
918 1663 1015 1737 cuius
1041 1663 1191 1755 praefati
1222 1663 1375 1738 Jacobus
1403 1669 1440 1737 ιι
1465 1664 1601 1737 Zaclica
1628 1665 1828 1737 santonici
1856 1665 2046 1739 oollatores

334 1811 338 1817 ’
488 1792 526 1860 ιι
551 1786 700 1878 patroni.
739 1785 780 1856 Iu
817 1805 885 1876 qua
919 1789 1000 1857 suut
1025 1785 1117 1857 lanei
1144 1785 1394 1875 auctionales,
1423 1785 1466 1857 da
1493 1786 1618 1877 quibus
1646 1787 1805 1873 omuibus
1832 1787 1984 1859 solvitur
2009 1792 2048 1859 et

351 1904 355 1909 ’
488 1905 692 1981 conducitur
718 1905 851 1977 decima
877 1905 1102 1997 manipularis
1128 1910 1165 1977 et
1192 1906 1366 1996 canapalis
1392 1927 1456 1997 pro
1475 1907 1677 1999 episcopatu
1695 1905 1927 1997 cracoviensi,
1946 1908 2047 1981 cuius

490 2028 589 2101 valor
624 2027 828 2100 aestimatur
863 2025 908 2098 ad
939 2046 999 2098 sex
1025 2045 1176 2103 marcas..
1209 2026 1297 2097 Item
1325 2026 1472 2099 ecclesia
1497 2025 1653 2119 praelata
1679 2028 1714 2097 iu
1741 2026 1764 2098 J
1773 2028 2046 2100 ankowicze

486 2137 593 2221 babet
618 2148 780 2241 proprios
807 2167 911 2238 agros
937 2147 1067 2219 liberos
1094 2151 1131 2218 ιι
1156 2152 1268 2238 prata,
1287 2168 1350 2237 pro
1369 2169 1432 2221 suo
1451 2170 1516 2223 usu
1534 2154 1571 2219 et
1588 2149 1804 2223 necessitate.
1830 2148 1922 2221 Item
1938 2168 2045 2240 prae-

487 2268 617 2341 dium
607 2292 644 2341 m
670 2268 791 2341 eadem
816 2268 900 2339 villa
924 2267 1075 2340 militare
1102 2272 1158 2340 est
1183 2269 1331 2361 unicum,
1358 2268 1401 2341 de
1428 2270 1524 2341 cuius
1551 2264 1645 2361 agris
1663 2269 1855 2344 decimatur
1873 2269 2044 2343 acclamas

487 2395 524 2462 et
548 2389 733 2482 plebano
723 2412 761 2461 ιιι
785 2388 1109 2481 Jaukowycze.

592 2510 864 2601 Pnznszwonu,
899 2510 982 2584 villa
1017 2511 1081 2581 sub
1116 2510 1282 2602 parochia
1318 2510 1360 2582 de
1395 2508 1815 2603 Jaukowyazesita,
1843 2434 2049 2603 quaelicet

485 2631 654 2718 fueritin
681 2631 883 2703 fundatione
910 2632 1111 2703 monasterii
1137 2631 1437 2721 Zawichostensis,
1456 2632 1775 2711 sanctimonialibus
1795 2630 1943 2703 Sanctae
1963 2630 2044 2703 Gla-

486 2774 567 2845 rae,
593 2773 657 2844 per
684 2752 949 2825 Boleslaum
980 2752 1200 2825 Pudicam
1227 2752 1489 2826 cracoviensem
1516 2757 1552 2825 ιι
1568 2751 1891 2836 ¹Sandomirieusem
1917 2752 2044 2825 duram

486 2874 625 2966 donata,
651 2873 831 2947 abstracta
855 2879 971 2947 tamen
998 2879 1053 2947 est
1079 2874 1123 2946 ab
1151 2874 1244 2947 illius
1271 2874 1505 2967 proprietate,
1533 2879 1569 2947 et
1595 2878 1715 2947 teuent
1741 2896 1818 2947 eam
1844 2896 1936 2945 nunc
1962 2874 2043 2947 Sta-

485 2994 616 3067 uislaus
642 3000 679 3067 et
705 2994 915 3087 Bernardus,
942 2995 1070 3068 milites
1097 2995 1141 3069 de
1168 2994 1269 3067 domo
1296 2994 1319 3067 J
1329 2996 1477 3068 anina
1515 2993 1633 3068 Habet
1659 3001 1776 3089 autem
1803 2997 1952 3069 assertio
1980 2996 2043 3065 ali·

486 3136 641 3208 quorum,
668 3115 760 3207 quod
787 3117 1064 3189 sanctimoniales
1091 3116 1210 3189 Sancti
1236 3115 1399 3192 Andreae
1426 3114 1520 3189 illata
1547 3137 1610 3208 pro
1628 3117 1791 3209 servitiis,
1809 3117 1893 3189 licet
1910 3116 2043 3207 illicite,

454 3231 458 3238 ⁴
484 3237 653 3310 militibus
680 3236 894 3312 donaverint.
920 3238 962 3310 Iu
988 3259 1057 3330 qua
1083 3242 1164 3310 suut
1190 3236 1340 3312 sedecim
1365 3238 1456 3312 lanei
1483 3238 1725 3331 ometbouales,
1747 3238 1841 3310 duae
1868 3238 2040 3312 tabernae

486 3364 523 3432 et
548 3359 637 3434 duae
663 3359 882 3434 hortulauiae
908 3360 1076 3433 babentes
1103 3381 1216 3454 agros,
1243 3361 1286 3432 de
1314 3361 1438 3452 quibus
1457 3361 1680 3454 manipularis
1698 3365 1735 3432 et
1752 3359 1929 3452 canapalis
1948 3361 2042 3434 deci-

486 3503 544 3554 ma
571 3481 717 3553 solvitur
744 3481 806 3553 sed
832 3481 948 3572 varie,
975 3503 1054 3554 uam
1080 3483 1193 3554 maior
1218 3503 1300 3573 pars
1327 3483 1431 3555 villae
1441 3483 1554 3577 ‚solvit
1571 3503 1647 3554 eam
1664 3483 1830 3578 ecclesiae
1847 3483 2041 3574 parochiali

484 3603 519 3676 in
547 3602 730 3697 Pnyow,
757 3624 800 3675 ex
838 3603 1024 3677 donatione
1060 3604 1265 3696 episcopali,
1293 3609 1329 3677 et
1355 3605 1453 3677 valor
1480 3605 1553 3676 eius
1581 3605 1785 3676 aestimatur
1811 3604 1856 3677 ad
1885 3605 2040 3697 quinque

483 3746 627 3816 marcas,
654 3731 691 3797 ιι
718 3725 869 3798 secunda
894 3746 977 3818 pars
1003 3727 1124 3818 minor,
1153 3727 1257 3799 solvit
1283 3747 1358 3798 earn
1386 3726 1551 3798 ecclesiae
1578 3727 1613 3796 iu
1640 3725 1848 3818 Mydlow,
1875 3731 1913 3798 et
1939 3727 2039 3798 valor

483 3847 558 3919 eius
596 3849 800 3920 aestimatur
835 3847 879 3918 ad
915 3852 987 3920 tres
1013 3868 1166 3939 marcas;
1202 3849 1308 3920 tertia
1334 3869 1416 3939 pars
1444 3848 1548 3924 solvit
1575 3868 1650 3920 eam
1677 3847 1845 3920 ecclesiae
1871 3847 1909 3920 iu
1935 3847 1959 3920 J
1969 3869 2038 3920 an-

393 4053 404 4072 .
440 4064 444 4069 ἡ
482 3967 693 4059 kowicze,
720 3969 819 4043 cuius
844 3968 942 4042 valor
968 3969 1013 4042 ad
1040 3969 1127 4042 duas
1154 3988 1297 4061 marcas,
1325 3975 1361 4041 et
1387 3975 1512 4061 quarta
1538 3989 1619 4061 pars
1646 3967 1751 4042 solvit
1776 3989 1852 4039 eam
1871 3968 2038 4040 ecclesiae

483 4088 519 4160 iu
546 4088 715 4180 Rudno,
742 4093 778 4160 ιι
803 4089 901 4161 valor
928 4091 1002 4163 eius
1030 4089 1074 4162 ad
1100 4111 1203 4163 uuam
1237 4111 1387 4164 marcam
1415 4089 1626 4162 aestimatur.
1666 4089 1754 4160 Item
1782 4093 1864 4160 sunt
1891 4089 1942 4160 ibi
1970 4089 2037 4163 tria

482 4209 648 4282 militaria
673 4209 826 4301 praedia,
853 4211 897 4284 de
924 4213 1049 4303 quibus
1076 4212 1235 4284 omuibus
1263 4211 1454 4282 decimatur
1480 4211 1648 4284 ecclesiae
1674 4210 1711 4282 iu
1729 4208 1752 4282 J
1761 4210 2035 4282 ankouicze.

584 4331 779 4422 Danouuu,
807 4331 891 4404 villa
916 4334 981 4404 sub
1008 4333 1176 4424 parocbia
1203 4333 1246 4406 de
1273 4332 1296 4406 J
1306 4333 1577 4423 ankowycze
1604 4332 1681 4421 ιιιιι,
1708 4331 1805 4403 cuius
1833 4332 2032 4422 proprietas
2104 4316 2110 4327 ’

482 4451 527 4523 ad
555 4452 832 4526 sanctimoniales
868 4453 911 4524 de
946 4452 1072 4526 Sancto
1104 4452 1247 4526 Andrea
1273 4453 1434 4544 pertinet.
1474 4452 1515 4523 In
1543 4471 1611 4544 qua
1639 4455 1720 4522 suut
1747 4450 1865 4522 decem
1893 4455 1931 4524 et
1958 4456 2036 4526 octo
2158 4551 2162 4558 ῃ

479 4573 571 4646 lanei
598 4574 842 4665 cmetbouales,
869 4574 952 4646 item
979 4595 1049 4647 uua
1075 4575 1222 4646 taberna
1248 4574 1380 4648 habeus
1399 4593 1512 4664 agros,
1533 4573 1617 4644 item
1634 4571 1814 4664 praedium
1833 4574 2036 4648 coenobiale

480 4697 625 4787 bonum,
660 4697 745 4769 item
780 4695 956 4786 smltetia,
993 4716 1081 4787 quae
1116 4695 1223 4768 babet
1257 4695 1362 4766 etiam
1389 4695 1518 4766 bonum
1544 4693 1723 4786 praedium
1751 4698 1788 4766 et
1813 4699 1889 4766 tres
1916 4695 2036 4770 laneos

482 4816 716 4902 cmetbonales
751 4816 795 4888 de
832 4836 896 4888 sua
921 4817 1165 4908 proprietate,
1185 4815 1228 4888 de
1256 4817 1379 4908 quibus
1407 4815 1565 4888 omnibus
1593 4815 1697 4890 solvit
1681 4820 1785 4888 ιιιι
1766 4815 2036 4890 etoouducitur

479 4940 614 5013 decima
647 4938 873 5030 manipularis
908 4944 949 5010 at
982 4939 1157 5030 canapalis
1185 4959 1248 5030 pro
1280 4937 1441 5030 episcopo
1469 4935 1710 5028 cracoviensi,
1737 4936 1835 5010 cuius
1863 4937 1967 5074 valor
1992 4938 2035 5011 ad

480 5061 627 5153 triginta
652 5064 725 5132 tres
752 5079 886 5142 marcas
913 5060 1128 5141 aestimatur.
1508 5128 1526 5157 υ
2116 5043 2125 5060 “

579 5183 838 5271 Βιιιιιιιιιιι,
865 5181 949 5256 villa
975 5182 1039 5253 sub
1066 5179 1248 5272 parocbia
1261 5179 1303 5252 de
1329 5177 1353 5251 J
1361 5179 1637 5271 ankowycze
1663 5178 1739 5270 sita,
1759 5178 1858 5252 cuius
1875 5180 2034 5272 proprie-

475 5309 531 5379 tas
566 5304 611 5376 ad
647 5302 927 5378 sanctimoniales
963 5302 1006 5375 de
1041 5302 1170 5376 Sancto
1206 5300 1349 5374 Andrea
1375 5321 1438 5392 per
1439 5301 1537 5376 tinet.
1577 5300 1618 5372 In
1646 5321 1715 5392 qua
1741 5307 1824 5380 sunt
1808 5301 2034 5376 tduodecim

473 5425 566 5499 lanei
601 5431 691 5498 amet
675 5425 919 5515 ι,ιιιιιιιιιιι
882 5425 1030 5516 etagri
1057 5445 1160 5516 quam
1188 5424 1306 5516 plures
1333 5423 1441 5496 scolte
1443 5423 1541 5496 tide
1568 5423 1807 5514 Darouyu,
1834 5424 1878 5498 de
1907 5427 2031 5516 quibos

476 5547 634 5621 omuibus
660 5549 767 5621 solvit
751 5555 810 5621 tur
837 5553 874 5620 ιι
900 5547 1103 5627 conducitur
1129 5547 1264 5620 decima
1291 5545 1517 5638 manipularIs
1544 5550 1580 5623 et
1606 5545 1782 5638 canapalis
1807 5567 1872 5637 pra
1900 5547 2031 5638 episco-

477 5672 562 5771 patu
589 5667 819 5767 Graeorieosi,
846 5675 882 5754 et
908 5670 1006 5750 valor
1032 5671 1107 5746 eius
1133 5669 1340 5743 aestimatur
1367 5667 1413 5742 ad
1439 5667 1621 5742 duodecim
1651 5687 1796 5742 marcas.
