4550 6600
481 690 553 761 572

477 899 532 967 est
558 892 608 965 ibi
634 911 739 963 unum
775 889 955 982 praedium
982 884 1152 982 militare,
1178 890 1222 961 de
1248 890 1374 981 quihus
1401 890 1560 963 omnihus
1586 890 1734 976 solvitur
1760 895 1800 962 et
1825 889 2029 963 conducitur

477 1013 610 1085 decima
644 1012 870 1102 manipularis
906 1016 942 1083 et
978 1012 1152 1102 canapalis
1186 1031 1251 1101 pro
1286 1012 1434 1083 ecclesia
1467 1017 1505 1082 et
1539 1010 1688 1102 plebano
1714 1012 1751 1082 in
1776 1010 2029 1102 Kunynslra

476 1132 645 1225 Wolya,
672 1138 709 1204 et
734 1132 832 1204 valor
858 1132 932 1203 eius
960 1132 1004 1202 ad
1032 1132 1213 1204 duodecim
1237 1152 1374 1204 marcas
1401 1132 1614 1203 amdmatnr.

581 1252 749 1344 Zrazrrr,
786 1252 869 1325 villa
903 1254 968 1324 sub
1003 1254 1172 1343 parochia
1205 1252 1370 1326 ecclesiae
1405 1253 1449 1325 de
1476 1252 1638 1344 Wolya
1670 1251 1930 1343 Konynska
1955 1252 2030 1342 sita

477 1376 575 1448 cuius
601 1376 725 1447 haeres
752 1374 945 1445 Stanislaus
973 1374 1015 1445 de
1043 1374 1146 1447 domo
1172 1373 1196 1445 J
1205 1393 1362 1466 anyna.
1395 1373 1437 1444 In
1464 1394 1534 1464 qna
1560 1378 1642 1444 sunt
1666 1374 1760 1445 lanei
1786 1372 2030 1462 cmetlronales,

476 1496 520 1567 de
548 1496 671 1586 quibus
708 1496 866 1567 omnibus
902 1495 1050 1567 solvitur
1086 1494 1220 1567 decima
1255 1494 1481 1585 manipularis
1508 1500 1545 1565 et
1570 1494 1748 1584 cauapalis
1774 1514 1840 1584 pro
1867 1494 2030 1583 episcopo

476 1615 707 1706 cracoviensi,
734 1618 832 1688 cuius
858 1616 957 1689 valor
983 1616 1028 1688 ad
1055 1637 1116 1687 sex
1143 1636 1287 1688 marcas.
1327 1611 1416 1687 Item
1443 1621 1497 1687 est
1523 1616 1572 1686 ibi
1599 1615 1778 1705 praedium
1806 1635 1916 1687 unum
1942 1614 2029 1685 mili·

475 1744 562 1828 tam,
590 1738 633 1808 de
661 1758 728 1828 quo
755 1738 841 1807 nulli
869 1736 1069 1811 decimatur.

451 1836 461 1843 ”
579 1856 863 1949 Μ11111111,’111111
889 1859 953 1930 sub
980 1858 1146 1949 parochia
1172 1858 1215 1929 de
1241 1857 1490 1948 Konynslra
1507 1856 1667 1948 Wolya
1691 1857 1769 1946 sita,
1788 1856 1887 1928 cuius
1905 1857 2029 1927 haeres

475 1976 653 2049 lohannes
678 1977 933 2069 Kunynsky
960 1978 1004 2049 de
1031 1979 1132 2050 domo
1160 1978 1297 2050 Rawa.
1324 1978 1366 2049 In
1393 1998 1462 2068 qua
1487 1983 1569 2049 sunt
1594 1978 1687 2049 lanei
1714 1954 1962 2067 emethonales,
1988 1977 2030 2048 de

476 2099 600 2189 quihus
628 2100 777 2171 solvitur
802 2105 838 2170 et
865 2099 1067 2171 conducitur
1094 2099 1227 2170 decima
1252 2099 1480 2189 manipularis
1507 2104 1544 2169 et
1570 2099 1764 2189 canapalis,
1791 2119 1857 2187 pro
1884 2098 2031 2168 ecclesia

369 2218 373 2235 '
474 2224 511 2289 et
536 2220 683 2309 plebano
710 2220 746 2289 in
774 2217 1032 2311 Golambye‚
1059 2226 1095 2291 et
1121 2220 1220 2292 valor
1246 2221 1320 2291 eius
1347 2220 1392 2295 ad
1419 2240 1542 2291 novem
1568 2240 1711 2291 marcas.
1737 2219 1826 2290 Item
1845 2217 2026 2308 praedium

474 2338 523 2410 ibi
550 2360 620 2411 non
646 2345 710 2411 est.

490 2523 493 2535 .
577 2460 722 2551 Burrus,
750 2460 833 2532 villa
859 2462 923 2532 auh
949 2461 1115 2551 parochia
1140 2461 1184 2532 de
1210 2460 1463 2552 Konynska
1489 2460 1650 2554 Wolya
1676 2460 1754 2550 sita,
1780 2460 1879 2531 cuius
1905 2459 2028 2530 haeres

473 2578 563 2650 idem
591 2579 768 2654 Iohannes
794 2580 1058 2672 Konynsky:
1082 2583 1124 2652 lu
1152 2602 1220 2672 qua
1247 2588 1328 2653 sunt
1354 2582 1446 2652 lanei
1473 2582 1716 2671 emethonaleS,
1744 2581 1787 2652 de
1815 2581 1943 2670 quibus
1960 2579 2027 2651 sol·

357 2716 360 2727 ·
471 2700 565 2772 uitur
591 2706 627 2771 et
653 2701 856 2773 conducitur
883 2702 1016 2774 decima
1042 2702 1269 2793 manipularis
1295 2703 1461 2774 ecclesiae
1479 2704 1607 2774 eteius
1625 2703 1773 2792 plebano
1791 2702 1828 2772 in
1845 2700 2026 2792 Konyn·

369 2911 371 2918 Α
473 2821 555 2891 ska
581 2820 749 2913 Wolya,
773 2823 873 2893 vcuius
900 2823 998 2895 valor
1024 2823 1068 2895 ad
1096 2824 1248 2914 quinque
1273 2844 1407 2895 marcas
1434 2824 1650 2895 aestimatur.
1680 2823 1768 2893 Item
1795 2844 1866 2894 non
1892 2828 1951 2893 est
1975 2822 2024 2891 ihi

473 2941 663 3030 praedium.

578 3062 869 3137 Boanrscmrow
922 3120 929 3135 .
984 3120 991 3134 .
1046 3120 1053 3134 .
1117 3120 1123 3135 .

577 3180 721 3255 Wonrn
748 3184 1026 3257 Wrunowszun
1079 3240 1087 3255 .
1141 3240 1148 3254 .
1202 3239 1210 3255 .
1265 3240 1273 3255 .

1060 3409 1439 3501 Mnacuscsrowrcas.

574 3542 668 3617 Villa
695 3546 826 3617 habens
853 3547 889 3617 iu
918 3565 956 3616 se
983 3547 1218 3636 parochialem
1235 3547 1417 3622 ecclesiam
1434 3545 1595 3636 ligneam,
1615 3543 1761 3616 Sanctae
1779 3544 2028 3635 Margarethae

472 3662 638 3757 dicatam,
676 3667 785 3738 cuius
810 3667 934 3738 haeres
970 3661 1184 3739 Eustachius
1220 3667 1264 3737 de
1290 3668 1396 3739 annis
1422 3666 1622 3738 Leward.
1662 3665 1704 3737 In
1730 3671 1912 3756 quaeunt
1938 3665 2029 3736 lanei

472 3787 722 3878 emethonales,
750 3787 793 3858 de
820 3789 946 3879 quibus
973 3788 1123 3860 solvitur
1150 3794 1187 3858 et
1214 3788 1420 3860 conducitur
1445 3787 1579 3862 decima
1604 3787 1832 3877 manipularis
1863 3792 1902 3858 et
1928 3806 2028 3856 cana·

470 3908 568 3998 palis,
594 3927 658 3997 pro
684 3909 896 3980 monasterio
924 3907 1070 3981 Sanctae
1089 3907 1210 3981 Crucis
1228 3907 1306 3980 Gal
1317 3909 1361 3981 vi
1386 3908 1569 3999 Montis,
1587 3909 1685 3978 cuius
1703 3908 1802 3980 valor
1818 3908 2026 3978 aestimatur

470 4028 515 4098 ad
543 4033 674 4118 septem
700 4050 844 4102 marcas.
870 4030 958 4102 Item
985 4035 1039 4102 est
1064 4031 1113 4102 ibi
1139 4030 1321 4120 praedium
1347 4031 1509 4120 militare,
1535 4029 1579 4100 de
1605 4029 1703 4100 cuius
1721 4028 1816 4118 agris
1833 4027 2026 4099 decimatur

470 4147 635 4219 ecclesiae
661 4150 697 4221 in
723 4139 1168 4244 Marcuschouycze.
1195 4151 1282 4222 Item
1308 4151 1416 4223 habet
1441 4151 1491 4223 ibi
1517 4150 1663 4223 ecclesia
1688 4155 1725 4220 et
1749 4149 1922 4240 plebanus
1940 4169 2023 4239 qua·

470 4272 552 4340 tuor
578 4269 695 4342 laneos
723 4273 902 4364 proprios,
928 4293 991 4364 pro
1019 4294 1081 4344 suo
1108 4293 1174 4345 usu
1202 4279 1239 4346 et
1264 4273 1490 4363 necessitate,
1517 4272 1561 4343 de
1588 4272 1714 4364 quibus
1741 4271 1847 4343 etiam
1875 4271 2026 4342 decimat

469 4408 534 4479 pro
562 4392 774 4464 monasterio
803 4391 950 4465 Sanctae
978 4391 1109 4466 Crucis.

573 4509 774 4605 Knarmrs,
800 4513 885 4586 villa
919 4515 983 4586 sub
1010 4515 1179 4605 parochia
1213 4515 1378 4586 ecclesiae
1404 4514 1449 4586 de
1475 4512 1925 4604 Markuschcwycze
1950 4511 2026 4600 sito,

471 4630 568 4708 cuius
603 4633 727 4704 haeres
762 4633 853 4706 idem
889 4631 1108 4708 Eustachius.
1144 4636 1187 4706 ln
1213 4656 1281 4726 qua
1315 4640 1397 4707 sunt
1430 4636 1523 4707 lanei
1549 4633 1802 4724 emethonales‚
1829 4633 1875 4705 de
1902 4635 2027 4725 quibua

428 4781 436 4794 ·
469 4751 628 4824 omnibus
655 4755 803 4828 solvitur
829 4761 866 4827 et
892 4756 1097 4828 conducitur
1132 4757 1267 4828 decima
1300 4756 1527 4846 manipularis
1564 4763 1601 4828 et
1628 4755 1816 4845 cauapahs,
1852 4775 1919 4845 pro
1954 4755 2027 4845 epi-

468 4891 573 4962 scopo
600 4872 830 4968 Gracoviensi,
858 4877 955 4949 cuius
982 4877 1082 4950 valor
1108 4877 1315 4950 aestimatur
1340 4877 1386 4950 ad
1412 4897 1473 4949 sex
1500 4897 1645 4949 marcas.
1679 4876 1770 4948 Item
1798 4876 1869 4947 noir
1896 4881 1954 4948 est
1980 4875 2027 4945 ibi

469 4993 659 5083 praedium.
1035 4989 1038 5000 '

572 5115 696 5189 Osras
723 5137 884 5209 suoram,
911 5119 995 5190 villa
1021 5119 1085 5191 sub
1112 5119 1279 5209 parochia
1296 5117 1339 5189 de
1357 5117 1805 5209 Markuschowycze
1830 5118 1913 5207 situ,
1931 5117 2027 5188 cuius

468 5234 593 5308 haeres
619 5238 710 5310 idem
737 5237 948 5311 Eustachins
975 5239 1018 5312 de
1045 5239 1147 5312 domo
1173 5238 1374 5311 Leward
1400 5238 1441 5310 In
1468 5261 1538 5330 qna
1563 5243 1646 5310 sunt
1669 5239 1762 5310 lanei
1781 5237 2027 5326 emethonules,

468 5355 511 5426 de
539 5359 664 5448 quibus
692 5361 860 5452 omnibus,
888 5362 1035 5434 solvitur
1053 5361 1186 5433 decima
1203 5360 1430 5450 manipularis
1448 5359 1663 5450 episcopatui
1680 5357 1915 5450 Graooriensi,
1929 5358 2025 5430 cuim

468 5476 567 5548 valor
594 5482 797 5554 aestimatur
824 5482 868 5552 ad
895 5488 1028 5573 septem
1055 5503 1200 5554 marcas.
1226 5482 1316 5553 Item
1342 5503 1412 5552 non
1439 5486 1493 5552 est
1519 5481 1568 5552 ibi
1595 5480 1785 5570 praedium.

574 5597 854 5692 Osrunscuow,
881 5603 964 5674 villa
999 5605 1063 5675 sub
1100 5603 1267 5694 parochia
1301 5603 1467 5674 ecclesiae
1502 5602 1546 5672 de
1580 5601 2023 5692 Markuschcwycze
