4550 6600
461 748 507 820 78

561 952 722 1042 SouczA,
748 952 831 1025 villa
847 919 912 1027 sub
929 952 1096 1044 parochia
1112 951 1157 1023 da
1173 951 1342 1023 Pelczn
1351 969 1463 1043 ycza
1488 950 1575 1039 sita,
1600 950 1698 1020 cuius
1715 948 1884 1019 haeredes
1900 967 2001 1037 prae·

456 1072 520 1145 lati
546 1072 696 1145 Iacobus
723 1078 759 1144 ot
775 1071 952 1144 Iohannes
978 1070 1111 1177 nobiles
1138 1070 1182 1142 dc
1199 1071 1301 1143 domo
1327 1068 1467 1142 madii
1492 1068 1743 1157 Salmonis,
1768 1068 1894 1158 inqua
1921 1070 2003 1138 sunt

313 1191 315 1204 ’
456 1192 548 1263 lanei
575 1192 825 1283 amathonales,
852 1192 935 1264 item
961 1192 1141 1281 tabernac,
1167 1191 1252 1262 item
1277 1189 1509 1280 hortulaniaa,
1536 1188 1722 1279 dequibus
1748 1161 1908 1260 omnibus
1934 1179 2004 1257 aol-

391 1312 395 1317 ’
456 1312 552 1385 uitur
579 1316 615 1385 ct
641 1312 843 1387 conducitur
870 1312 1003 1385 decima
1027 1310 1252 1401 manipularis
1279 1315 1317 1382 et
1341 1309 1518 1401 canapalis
1544 1328 1608 1400 pro

1054 1430 1404 1503 Waoczmowrczn.
1682 1520 1685 1527 Ι

561 1552 673 1643 Villa,
698 1552 830 1625 habens
862 1552 899 1623 in
934 1572 972 1624 se
1003 1552 1236 1643 parochialem
1268 1549 1448 1622 ecclesiam
1483 1550 1652 1640 ligneam,
1687 1546 1813 1620 Sancto
1838 1545 2004 1619 Andreae

456 1671 624 1764 Apostolo
652 1670 820 1761 dicatam,
847 1672 943 1743 cuius
969 1673 1093 1744 haeres
1119 1671 1285 1743 Nicolaus
1310 1669 1356 1739 W
1363 1668 1679 1761 yeloglow‘aky
1705 1669 1748 1740 de
1771 1669 1879 1740 armis
1905 1666 2003 1739 Sta·

456 1792 620 1884 rylron,
647 1794 684 1864 in
711 1814 780 1885 qua
806 1796 887 1865 sunt
914 1796 1046 1883 septem
1071 1792 1163 1863 lanei
1189 1790 1432 1878 cmethonales,
1459 1790 1543 1861 item
1568 1789 1744 1879 tabernae,
1770 1789 1855 1860 item
1880 1789 2003 1884 bortu-

456 1913 586 2003 laniae,
613 1914 696 1985 item
730 1912 909 2005 praedium
935 1912 1103 2003 militare,
1138 1911 1334 2003 dequibus
1361 1911 1519 1983 omnibus
1554 1910 1702 1982 solvitur
1736 1914 1773 1981 et
1798 1908 2005 1981 conducitur

458 2031 590 2104 decima
616 2033 840 2125 manipularis
867 2037 904 2105 et
930 2033 1104 2124 canapalis
1131 2031 1296 2104 ecclesiae
1314 2032 1351 2101 in
1377 2030 1824 2122 Wroczymowycze,
1850 2034 1888 2100 et
1904 2029 2005 2100 valor

456 2152 531 2225 eius
566 2154 769 2225 aestimatur
805 2152 994 2225 addacem
1028 2172 1173 2224 marcas.
1212 2152 1302 2224 Item
1334 2150 1441 2223 habet
1474 2150 1525 2222 ibi
1551 2149 1696 2222 ecclesia
1729 2170 1794 2241 pro
1830 2148 1913 2243 dote
1940 2170 2004 2221 sua

458 2294 561 2364 agros
587 2274 747 2365 proprios
774 2278 810 2345 et
835 2277 957 2365 prata3
988 2273 1072 2344 item
1097 2274 1205 2345 habet
1229 2271 1376 2345 ecclesia
1401 2269 1522 2343 eadem
1547 2270 1747 2361 tabernam,
1773 2269 1817 2343 de
1843 2290 1914 2361 qua
1938 2291 2004 2361 pro

314 2482 317 2492 Ι
401 2409 405 2416 ·
458 2414 572 2466 annuo
600 2414 704 2466 censu
730 2394 913 2467 solvuntur
938 2394 1084 2485 plebano
1112 2393 1201 2464 duae
1227 2413 1305 2464 cnm
1330 2391 1445 2462 media
1469 2411 1616 2462 marcae.

562 2515 800 2605 Jnnowrozn,
827 2514 910 2586 villa
928 2514 992 2587 sub
1010 2514 1176 2605 parocbia
1201 2513 1244 2585 de
1260 2510 1673 2603 Wroczimowycze
1690 2510 1768 2601 sita
1796 2510 1893 2583 cuius
1920 2510 2005 2581 bae-

457 2634 558 2707 redes
585 2634 1004 2726 Monyaczlrowsky
1031 2638 1067 2707 et
1087 2632 1282 2724 Stephanus
1311 2686 1382 2723 ...,
1409 2632 1446 2702 in
1464 2652 1534 2722 qua
1550 2635 1633 2703 sunt
1649 2630 1742 2702 lanei
1760 2630 2004 2721 cmetbonales,

456 2756 540 2827 item
567 2753 635 2828 duo
653 2755 796 2847 praedia
822 2754 997 2846 militaria,
1023 2754 1211 2846 dequibus
1236 2752 1398 2825 omnibus
1412 2751 1560 2827 solvitur
1586 2754 1623 2823 et
1639 2730 1843 2824 conducitur
1868 2750 2004 2823 decima

459 2876 683 2967 manipularis
702 2881 739 2948 et
756 2875 931 2967 canapalis
949 2874 1114 2947 ecclesiae
1140 2875 1177 2945 in
1194 2871 1607 2963 Wroczimowicze,
1635 2874 1671 2943 et
1688 2871 1786 2944 valor
1804 2871 1880 2943 eius
1898 2872 2005 2944 aesti-

457 3001 571 3068 matur
589 2996 634 3068 ad
651 2995 832 3069 duodecim
849 3015 993 3068 marcas.
1031 2994 1120 3070 Item
1138 2993 1284 3066 ecclesia
1300 2998 1336 3065 et
1353 2992 1521 3084 plebanus
1538 2990 1581 3063 da
1599 2990 2006 3064 Wroczimowicze

456 3116 564 3188 habet
588 3114 639 3187 ibi
665 3121 777 3188 certas
803 3116 915 3207 petias
941 3134 1105 3206 agrorum
1131 3119 1168 3186 et
1192 3117 1371 3204 pratorum
1395 3134 1461 3203 pro
1487 3132 1551 3184 suo
1576 3132 1642 3183 usn
1668 3117 1705 3183 et
1721 3113 1939 3184 necessitate.

561 3234 700 3327 Sunoc,
727 3235 810 3308 villa
828 3236 892 3308 aub
910 3234 1077 3327 parochia
1102 3234 1146 3308 de
1171 3232 1575 3307 Wroczimowicze
1598 3233 1685 3325 sita,
1711 3232 1809 3304 cuins
1834 3231 2006 3336 haeredes

460 3354 628 3447 Aegidiua
656 3354 889 3447 Sudolslry
916 3355 959 3427 de
985 3357 1092 3427 armis
1117 3353 1362 3444 Habdanlr,
1394 3349 1567 3426 Gaworek
1593 3352 1637 3426 de
1655 3354 1762 3425 armis
1787 3353 1942 3445 Rana,
1968 3355 2005 3428 ln

461 3493 530 3566 qua
556 3481 638 3548 sunt
662 3476 754 3548 lanei
781 3475 1033 3566 emethonales,
1059 3476 1144 3547 item
1170 3475 1330 3564 taberna,
1356 3474 1441 3546 item
1458 3473 1687 3563 hortolaniae,
1713 3473 1758 3546 de
1784 3473 1910 3565 quibus
1936 3475 2005 3552 aol-

457 3597 553 3668 ritur
579 3599 615 3668 et
631 3595 835 3669 conducitur
861 3593 994 3670 decima
1019 3595 1245 3686 manipularis
1271 3598 1307 3667 et
1332 3573 1517 3685 canapalia
1556 3593 1646 3665 Item
1671 3597 1727 3665 est
1748 3593 1799 3665 ibi
1823 3593 2006 3686 praedium

456 3716 614 3808 militare,
641 3717 684 3790 de
702 3718 799 3791 cuius
818 3717 911 3809 agris
939 3716 1129 3790 decimatur
1147 3715 1312 3790 ecclesiae
1329 3715 1366 3786 in
1386 3713 1814 3805 *Wroczimowicza
1840 3720 1878 3786 et
1904 3713 2003 3787 valor

458 3837 531 3910 eius
559 3837 603 3910 ad
630 3844 703 3911 tres
729 3858 863 3913 marcas
890 3837 1104 3910 aestimatur.

566 3957 731 4048 Wonrn,
758 3959 843 4030 villa
870 3958 933 4030 sub
959 3959 1124 4048 parocbia
1151 3957 1194 4030 de
1219 3955 1623 4029 Wroczimowicze
1648 3955 1734 4047 sita,
1761 3955 1858 4030 cuius
1884 3957 2006 4039 baere—
2095 4048 2098 4052 A

456 4078 518 4149 dcs
545 4129 703 4166 .......
730 4077 766 4149 in
785 4098 853 4169 qua
871 4082 952 4148 sunt
967 4077 1060 4149 lanei
1086 4076 1335 4166 emethonalea,
1361 4075 1547 4166 dequibus
1573 4075 1723 4149 solvitur
1748 4080 1784 4148 et
1800 4075 2005 4152 conducitur

458 4197 592 4270 decima
625 4196 850 4288 manipularis
886 4201 924 4268 ct
949 4197 1132 4288 canapalia.
1176 4196 1265 4268 Item
1291 4200 1346 4277 est
1376 4195 1426 4266 ibi
1451 4194 1633 4286 praedium
1658 4195 1829 4288 militare,
1865 4198 2003 4289 dequo
2046 4173 2062 4180 ²

457 4317 604 4390 solvitur
629 4315 762 4388 decima
786 4317 823 4386 in
840 4314 1256 4406 Wroczimowicze,
1275 4315 1412 4386 'valoris
1430 4319 1578 4406 quatuor
1594 4335 1798 4390 marcarum.

560 4437 808 4526 Rnnznmczn,
835 4435 935 4526 villa,
962 4435 1093 4508 habens
1111 4411 1343 4528 parochialem
1369 4435 1548 4507 ecclesiam
1573 4436 1689 4509 Sanct
1719 4490 1879 4527 .......
1906 4437 2005 4510 cuius

456 4559 580 4631 haeres
615 4557 793 4630 Iohannes
827 4555 1117 4648 Lassoczsky
1157 4556 1201 4628 de
1236 4555 1337 4630 domo
1370 4555 1601 4647 Dolanga,
1635 4557 1673 4629 in
1699 4579 1768 4648 qua
1802 4560 1884 4629 sunt
1919 4557 2004 4630 duo·

455 4675 568 4751 'decim
602 4678 692 4750 lanei
727 4676 975 4767 cmcthonales,
1010 4675 1055 4746 de
1090 4676 1215 4767 quibus
1249 4677 1397 4748 solvitur
1430 4679 1467 4746 et
1496 4676 1700 4773 conducitur
1734 4677 1869 4750 decima
1894 4678 2004 4750 mani·

456 4799 588 4891 polaris
621 4804 658 4871 et
683 4797 859 4888 canapalia
885 4797 1104 4890 praebendae
1134 4794 1355 4869 Gracoviansi
1385 4797 1500 4871 dictae
1521 4797 1834 4890 Wyanczlrowslra,
1863 4804 2006 4889 practer

457 4921 543 4993 duos
578 4921 714 5010 laneos,
750 4918 794 4990 de
828 4939 975 5010 quorum
1010 4917 1104 5009 agria
1140 4916 1333 4989 decimatur
1367 4917 1404 4988 in
1442 4917 1864 5009 Wroczimowicze,
1906 4919 2005 4991 cuins

457 5040 628 5114 valorcad
654 5039 740 5112 duas
774 5059 919 5112 marcas.
962 5037 1050 5109 Item
1085 5043 1167 5110 aunt
1192 5037 1242 5110 ibi
1269 5034 1517 5135 przyntcbrky,
1552 5037 1596 5110 de
1626 5059 1778 5130 quorum
1807 5039 1903 5130 agris
1937 5059 2007 5112 una

455 5181 537 5253 pars
573 5159 726 5252 pertinet
756 5160 801 5232 ad
826 5160 1011 5251 plebanum
1045 5159 1081 5229 in
1107 5157 1529 5250 Wroczimowicze,
1566 5160 1679 5232 altera
1704 5159 1749 5230 ad
1766 5159 2002 5251 praebendam

456 5279 733 5372 Oracovienaem,
761 5299 849 5372 quac
875 5284 1019 5352 vocatur
1037 5277 1256 5370 Thopolska;
1281 5284 1336 5351 est
1360 5278 1539 5370 praedium
1565 5279 1629 5371 ibi,
1656 5279 1785 5371 dequo
1812 5279 2005 5353 decimatur

457 5401 495 5470 in
520 5399 823 5472 Radzimiczc.
885 5451 892 5459 -

563 5515 787 5608 Gannasco,
814 5519 899 5590 villa
925 5520 989 5592 sub
1007 5519 1174 5609 parochia
1199 5519 1243 5591 da
1260 5519 1671 5612 Wroczimowiczc
1688 5520 1770 5610 aito,
1797 5520 1896 5592 cuius
1922 5519 2005 5592 hae·

460 5659 517 5712 ras
552 5637 728 5713 Iohannes
761 5637 1066 5714 Karwaczian
1101 5638 1273 5714 dedomo
1308 5640 1503 5733 Zadora,
1537 5639 1670 5733 inqua
1700 5646 1784 5718 aaut
1816 5661 1879 5718 aaa
1913 5640 2007 5720 lanei
