<?xml version="1.0" encoding="UTF-8"?>
<!DOCTYPE html PUBLIC "-//W3C//DTD XHTML 1.0 Transitional//EN"
    "http://www.w3.org/TR/xhtml1/DTD/xhtml1-transitional.dtd">
<html xmlns="http://www.w3.org/1999/xhtml" xml:lang="en" lang="en">
 <head>
  <title>
</title>
<meta http-equiv="Content-Type" content="text/html;charset=utf-8" />
  <meta name='ocr-system' content='tesseract 3.04.00' />
  <meta name='ocr-capabilities' content='ocr_page ocr_carea ocr_par ocr_line ocrx_word'/>
</head>
<body>
  <div class='ocr_page' id='page_1' title='image "./operaomnia03paulgoog_0609.png"; bbox 0 0 4550 6600; ppageno 0'>
   <div class='ocr_carea' id='block_1_1' title="bbox 539 738 614 815">
    <p class='ocr_par' dir='ltr' id='par_1_1' title="bbox 539 738 614 815">
     <span class='ocr_line' id='line_1_1' title="bbox 539 738 614 815; baseline 0.027 -2"><span class='ocrx_word' id='word_1_1' title='bbox 539 738 614 815; x_wconf 82' lang='lat'><strong>564</strong></span> 
     </span>
    </p>
   </div>
   <div class='ocr_carea' id='block_1_2' title="bbox 463 948 2133 2869">
    <p class='ocr_par' dir='ltr' id='par_1_2' title="bbox 536 948 2058 1287">
     <span class='ocr_line' id='line_1_2' title="bbox 536 948 2057 1059; baseline 0.009 -34"><span class='ocrx_word' id='word_1_2' title='bbox 536 951 697 1025; x_wconf 78' lang='lat' dir='ltr'>undecim</span> <span class='ocrx_word' id='word_1_3' title='bbox 726 948 819 1023; x_wconf 89' lang='lat' dir='ltr'><strong>lanei</strong></span> <span class='ocrx_word' id='word_1_4' title='bbox 845 949 1087 1044; x_wconf 78' lang='lat' dir='ltr'><strong>cmetlsonales,</strong></span> <span class='ocrx_word' id='word_1_5' title='bbox 1114 950 1199 1025; x_wconf 88' lang='lat' dir='ltr'><strong>item</strong></span> <span class='ocrx_word' id='word_1_6' title='bbox 1226 950 1403 1047; x_wconf 87' lang='lat' dir='ltr'><strong>tabernae,</strong></span> <span class='ocrx_word' id='word_1_7' title='bbox 1430 950 1514 1029; x_wconf 91' lang='lat' dir='ltr'><strong>item</strong></span> <span class='ocrx_word' id='word_1_8' title='bbox 1531 951 1760 1046; x_wconf 89' lang='lat' dir='ltr'><strong>hortulaniae‚</strong></span> <span class='ocrx_word' id='word_1_9' title='bbox 1788 960 1871 1031; x_wconf 86' lang='lat' dir='ltr'><strong>item</strong></span> <span class='ocrx_word' id='word_1_10' title='bbox 1900 958 2057 1059; x_wconf 88' lang='lat' dir='ltr'><strong>praediun,</strong></span> 
     </span>
     <span class='ocr_line' id='line_1_3' title="bbox 537 1075 2058 1171; baseline 0.008 -26"><span class='ocrx_word' id='word_1_11' title='bbox 537 1075 581 1146; x_wconf 92' lang='lat' dir='ltr'><strong>de</strong></span> <span class='ocrx_word' id='word_1_12' title='bbox 608 1075 733 1165; x_wconf 82' lang='lat' dir='ltr'><strong>quibus</strong></span> <span class='ocrx_word' id='word_1_13' title='bbox 761 1075 919 1146; x_wconf 90' lang='lat' dir='ltr'><strong>omnibus</strong></span> <span class='ocrx_word' id='word_1_14' title='bbox 947 1075 1095 1147; x_wconf 83' lang='lat' dir='ltr'><strong>solvitur</strong></span> <span class='ocrx_word' id='word_1_15' title='bbox 1121 1080 1158 1146; x_wconf 88' lang='lat' dir='ltr'><strong>et</strong></span> <span class='ocrx_word' id='word_1_16' title='bbox 1185 1077 1390 1149; x_wconf 82' lang='lat' dir='ltr'><strong>conducitur</strong></span> <span class='ocrx_word' id='word_1_17' title='bbox 1425 1079 1558 1150; x_wconf 87' lang='lat' dir='ltr'><strong>decima</strong></span> <span class='ocrx_word' id='word_1_18' title='bbox 1584 1080 1828 1171; x_wconf 80' lang='lat' dir='ltr'><strong>manipularis,</strong></span> <span class='ocrx_word' id='word_1_19' title='bbox 1855 1102 1918 1171; x_wconf 89' lang='lat' dir='ltr'><strong>pro</strong></span> <span class='ocrx_word' id='word_1_20' title='bbox 1942 1085 2058 1159; x_wconf 80' lang='lat' dir='ltr'><strong>ecclesii</strong></span> 
     </span>
     <span class='ocr_line' id='line_1_4' title="bbox 536 1195 1779 1287; baseline 0.003 -20"><span class='ocrx_word' id='word_1_21' title='bbox 536 1198 573 1267; x_wconf 89' lang='lat' dir='ltr'><strong>in</strong></span> <span class='ocrx_word' id='word_1_22' title='bbox 599 1195 868 1287; x_wconf 88' lang='lat' dir='ltr'><strong>Jaroschin,</strong></span> <span class='ocrx_word' id='word_1_23' title='bbox 896 1196 993 1267; x_wconf 88' lang='lat' dir='ltr'><strong>cuius</strong></span> <span class='ocrx_word' id='word_1_24' title='bbox 1020 1196 1119 1268; x_wconf 86' lang='lat' dir='ltr'><strong>valor</strong></span> <span class='ocrx_word' id='word_1_25' title='bbox 1146 1198 1351 1270; x_wconf 87' lang='lat' dir='ltr'><strong>aestimatur</strong></span> <span class='ocrx_word' id='word_1_26' title='bbox 1378 1199 1424 1271; x_wconf 87' lang='lat' dir='ltr'><strong>ad</strong></span> <span class='ocrx_word' id='word_1_27' title='bbox 1450 1198 1609 1271; x_wconf 81' lang='lat' dir='ltr'><strong>undecim</strong></span> <span class='ocrx_word' id='word_1_28' title='bbox 1636 1222 1779 1273; x_wconf 87' lang='lat' dir='ltr'><strong>marcas.</strong></span> 
     </span>
    </p>

    <p class='ocr_par' dir='ltr' id='par_1_3' title="bbox 533 1318 2059 2018">
     <span class='ocr_line' id='line_1_5' title="bbox 640 1318 2058 1413; baseline 0.008 -25"><span class='ocrx_word' id='word_1_29' title='bbox 640 1318 910 1409; x_wconf 80' lang='lat' dir='ltr'><strong>Bnonowwzn,</strong></span> <span class='ocrx_word' id='word_1_30' title='bbox 945 1318 1029 1389; x_wconf 85' lang='lat' dir='ltr'><strong>villa</strong></span> <span class='ocrx_word' id='word_1_31' title='bbox 1063 1319 1128 1391; x_wconf 91' lang='lat' dir='ltr'><strong>sub</strong></span> <span class='ocrx_word' id='word_1_32' title='bbox 1156 1320 1322 1408; x_wconf 90' lang='lat' dir='ltr'><strong>parochia</strong></span> <span class='ocrx_word' id='word_1_33' title='bbox 1348 1320 1391 1391; x_wconf 90' lang='lat' dir='ltr'><strong>dc</strong></span> <span class='ocrx_word' id='word_1_34' title='bbox 1417 1320 1441 1393; x_wconf 90' lang='lat' dir='ltr'>J</span> <span class='ocrx_word' id='word_1_35' title='bbox 1451 1322 1671 1394; x_wconf 65' lang='lat' dir='ltr'><strong>arosch‘in</strong></span> <span class='ocrx_word' id='word_1_36' title='bbox 1708 1324 1793 1413; x_wconf 87' lang='lat' dir='ltr'><strong>sita,</strong></span> <span class='ocrx_word' id='word_1_37' title='bbox 1830 1324 1927 1397; x_wconf 87' lang='lat' dir='ltr'><strong>cuius</strong></span> <span class='ocrx_word' id='word_1_38' title='bbox 1961 1325 2058 1400; x_wconf 80' lang='lat' dir='ltr'>haeres</span> 
     </span>
     <span class='ocr_line' id='line_1_6' title="bbox 534 1439 2059 1535; baseline 0.005 -23"><span class='ocrx_word' id='word_1_39' title='bbox 534 1440 748 1512; x_wconf 87' lang='lat' dir='ltr'><strong>Warsius</strong></span> <span class='ocrx_word' id='word_1_40' title='bbox 783 1439 1073 1531; x_wconf 86' lang='lat' dir='ltr'><strong>Michowsky</strong></span> <span class='ocrx_word' id='word_1_41' title='bbox 1107 1440 1151 1511; x_wconf 91' lang='lat' dir='ltr'><strong>de</strong></span> <span class='ocrx_word' id='word_1_42' title='bbox 1186 1442 1291 1513; x_wconf 84' lang='lat' dir='ltr'><strong>armis</strong></span> <span class='ocrx_word' id='word_1_43' title='bbox 1327 1442 1466 1514; x_wconf 89' lang='lat' dir='ltr'><strong>Rawa.</strong></span> <span class='ocrx_word' id='word_1_44' title='bbox 1511 1443 1552 1513; x_wconf 93' lang='lat' dir='ltr'><strong>In</strong></span> <span class='ocrx_word' id='word_1_45' title='bbox 1585 1448 1656 1533; x_wconf 63' lang='lat' dir='ltr'><strong>‘qna</strong></span> <span class='ocrx_word' id='word_1_46' title='bbox 1691 1451 1772 1515; x_wconf 88' lang='lat' dir='ltr'><strong>sunt</strong></span> <span class='ocrx_word' id='word_1_47' title='bbox 1809 1446 1958 1535; x_wconf 86' lang='lat' dir='ltr'><strong>quinque</strong></span> <span class='ocrx_word' id='word_1_48' title='bbox 1988 1448 2059 1520; x_wconf 81' lang='lat' dir='ltr'><strong>luuei</strong></span> 
     </span>
     <span class='ocr_line' id='line_1_7' title="bbox 535 1562 2058 1657; baseline 0.005 -23"><span class='ocrx_word' id='word_1_49' title='bbox 535 1562 780 1652; x_wconf 82' lang='lat' dir='ltr'><strong>cmethonales,</strong></span> <span class='ocrx_word' id='word_1_50' title='bbox 806 1562 890 1634; x_wconf 90' lang='lat' dir='ltr'><strong>item</strong></span> <span class='ocrx_word' id='word_1_51' title='bbox 916 1562 1102 1651; x_wconf 85' lang='lat' dir='ltr'><strong>tabernae,</strong></span> <span class='ocrx_word' id='word_1_52' title='bbox 1130 1562 1214 1633; x_wconf 89' lang='lat' dir='ltr'><strong>item</strong></span> <span class='ocrx_word' id='word_1_53' title='bbox 1241 1563 1471 1654; x_wconf 87' lang='lat' dir='ltr'><strong>hortulaniae,</strong></span> <span class='ocrx_word' id='word_1_54' title='bbox 1498 1565 1694 1657; x_wconf 85' lang='lat' dir='ltr'><strong>dequibus</strong></span> <span class='ocrx_word' id='word_1_55' title='bbox 1721 1566 1870 1637; x_wconf 81' lang='lat' dir='ltr'><strong>solvitur</strong></span> <span class='ocrx_word' id='word_1_56' title='bbox 1896 1574 1931 1637; x_wconf 91' lang='lat' dir='ltr'><strong>et</strong></span> <span class='ocrx_word' id='word_1_57' title='bbox 1955 1570 2058 1641; x_wconf 91' lang='lat' dir='ltr'><strong>condu-</strong></span> 
     </span>
     <span class='ocr_line' id='line_1_8' title="bbox 534 1683 2058 1776; baseline 0.005 -20"><span class='ocrx_word' id='word_1_58' title='bbox 534 1686 626 1757; x_wconf 81' lang='lat' dir='ltr'><strong>citur</strong></span> <span class='ocrx_word' id='word_1_59' title='bbox 652 1684 786 1755; x_wconf 90' lang='lat' dir='ltr'><strong>decima</strong></span> <span class='ocrx_word' id='word_1_60' title='bbox 811 1683 1036 1774; x_wconf 79' lang='lat' dir='ltr'><strong>manipularis</strong></span> <span class='ocrx_word' id='word_1_61' title='bbox 1063 1704 1126 1773; x_wconf 92' lang='lat' dir='ltr'><strong>pro</strong></span> <span class='ocrx_word' id='word_1_62' title='bbox 1154 1686 1366 1758; x_wconf 89' lang='lat' dir='ltr'><strong>monasterio</strong></span> <span class='ocrx_word' id='word_1_63' title='bbox 1393 1685 1540 1757; x_wconf 87' lang='lat' dir='ltr'><strong>Sanctae</strong></span> <span class='ocrx_word' id='word_1_64' title='bbox 1577 1685 1718 1776; x_wconf 80' lang='lat' dir='ltr'><strong>Crucis,</strong></span> <span class='ocrx_word' id='word_1_65' title='bbox 1755 1692 1790 1758; x_wconf 90' lang='lat' dir='ltr'><strong>et</strong></span> <span class='ocrx_word' id='word_1_66' title='bbox 1816 1686 1915 1759; x_wconf 86' lang='lat' dir='ltr'><strong>valor</strong></span> <span class='ocrx_word' id='word_1_67' title='bbox 1940 1690 2058 1763; x_wconf 81' lang='lat' dir='ltr'><strong>eiusad</strong></span> 
     </span>
     <span class='ocr_line' id='line_1_9' title="bbox 535 1805 2059 1899; baseline 0.002 -21"><span class='ocrx_word' id='word_1_68' title='bbox 535 1813 683 1899; x_wconf 86' lang='lat' dir='ltr'><strong>quatuor</strong></span> <span class='ocrx_word' id='word_1_69' title='bbox 708 1826 852 1879; x_wconf 84' lang='lat' dir='ltr'><strong>marcas.</strong></span> <span class='ocrx_word' id='word_1_70' title='bbox 877 1806 966 1877; x_wconf 86' lang='lat' dir='ltr'><strong>Item</strong></span> <span class='ocrx_word' id='word_1_71' title='bbox 992 1805 1172 1895; x_wconf 87' lang='lat' dir='ltr'><strong>praedium</strong></span> <span class='ocrx_word' id='word_1_72' title='bbox 1199 1806 1249 1879; x_wconf 90' lang='lat' dir='ltr'><strong>ibi</strong></span> <span class='ocrx_word' id='word_1_73' title='bbox 1276 1807 1423 1898; x_wconf 89' lang='lat' dir='ltr'><strong>unicum,</strong></span> <span class='ocrx_word' id='word_1_74' title='bbox 1450 1807 1493 1878; x_wconf 89' lang='lat' dir='ltr'><strong>de</strong></span> <span class='ocrx_word' id='word_1_75' title='bbox 1521 1828 1589 1899; x_wconf 89' lang='lat' dir='ltr'><strong>quo</strong></span> <span class='ocrx_word' id='word_1_76' title='bbox 1617 1807 1809 1881; x_wconf 84' lang='lat' dir='ltr'><strong>decimatur</strong></span> <span class='ocrx_word' id='word_1_77' title='bbox 1836 1809 1993 1881; x_wconf 84' lang='lat' dir='ltr'><strong>ecclesiae</strong></span> <span class='ocrx_word' id='word_1_78' title='bbox 2014 1832 2059 1899; x_wconf 85' lang='lat' dir='ltr'><strong>pa·</strong></span> 
     </span>
     <span class='ocr_line' id='line_1_10' title="bbox 533 1920 1570 2018; baseline 0 -19"><span class='ocrx_word' id='word_1_79' title='bbox 533 1929 680 2003; x_wconf 89' lang='lat' dir='ltr'><strong>rochiali</strong></span> <span class='ocrx_word' id='word_1_80' title='bbox 705 1930 742 1999; x_wconf 89' lang='lat' dir='ltr'><strong>in</strong></span> <span class='ocrx_word' id='word_1_81' title='bbox 769 1927 962 2018; x_wconf 81' lang='lat' dir='ltr'><strong>Olenon,</strong></span> <span class='ocrx_word' id='word_1_82' title='bbox 989 1928 1088 1999; x_wconf 87' lang='lat' dir='ltr'><strong>cuius</strong></span> <span class='ocrx_word' id='word_1_83' title='bbox 1114 1920 1213 1999; x_wconf 89' lang='lat' dir='ltr'><strong>valor</strong></span> <span class='ocrx_word' id='word_1_84' title='bbox 1239 1928 1283 2001; x_wconf 88' lang='lat' dir='ltr'><strong>ad</strong></span> <span class='ocrx_word' id='word_1_85' title='bbox 1310 1929 1399 2001; x_wconf 86' lang='lat' dir='ltr'><strong>duas</strong></span> <span class='ocrx_word' id='word_1_86' title='bbox 1426 1945 1570 2001; x_wconf 80' lang='lat' dir='ltr'><strong>marcae.</strong></span> 
     </span>
    </p>

    <p class='ocr_par' dir='ltr' id='par_1_4' title="bbox 463 2049 2133 2506">
     <span class='ocr_line' id='line_1_11' title="bbox 567 2049 2055 2141; baseline 0.003 -20"><span class='ocrx_word' id='word_1_87' title='bbox 567 2086 573 2109; x_wconf 66' lang='grc' dir='ltr'>ι</span> <span class='ocrx_word' id='word_1_88' title='bbox 636 2050 791 2140; x_wconf 65' lang='lat' dir='ltr'><strong>Larua,</strong></span> <span class='ocrx_word' id='word_1_89' title='bbox 818 2050 902 2122; x_wconf 84' lang='lat' dir='ltr'><strong>uilla</strong></span> <span class='ocrx_word' id='word_1_90' title='bbox 928 2051 992 2122; x_wconf 89' lang='lat' dir='ltr'><strong>sub</strong></span> <span class='ocrx_word' id='word_1_91' title='bbox 1020 2051 1187 2141; x_wconf 89' lang='lat' dir='ltr'><strong>parochia</strong></span> <span class='ocrx_word' id='word_1_92' title='bbox 1213 2050 1256 2121; x_wconf 91' lang='lat' dir='ltr'><strong>de</strong></span> <span class='ocrx_word' id='word_1_93' title='bbox 1282 2049 1305 2123; x_wconf 87' lang='lat' dir='ltr'>J</span> <span class='ocrx_word' id='word_1_94' title='bbox 1315 2052 1556 2141; x_wconf 83' lang='lat' dir='ltr'><strong>aroechin,</strong></span> <span class='ocrx_word' id='word_1_95' title='bbox 1593 2052 1690 2123; x_wconf 78' lang='lat' dir='ltr'><strong>curius</strong></span> <span class='ocrx_word' id='word_1_96' title='bbox 1717 2052 1842 2123; x_wconf 79' lang='lat' dir='ltr'><strong>haeres</strong></span> <span class='ocrx_word' id='word_1_97' title='bbox 1871 2050 2055 2125; x_wconf 87' lang='lat' dir='ltr'><strong>Warslns</strong></span> 
     </span>
     <span class='ocr_line' id='line_1_12' title="bbox 533 2170 2133 2263; baseline 0.003 -21"><span class='ocrx_word' id='word_1_98' title='bbox 533 2170 791 2245; x_wconf 86' lang='lat' dir='ltr'><strong>Michowsk</strong></span> <span class='ocrx_word' id='word_1_99' title='bbox 800 2194 824 2263; x_wconf 89' lang='lat' dir='ltr'>y</span> <span class='ocrx_word' id='word_1_100' title='bbox 851 2172 894 2243; x_wconf 92' lang='lat' dir='ltr'><strong>de</strong></span> <span class='ocrx_word' id='word_1_101' title='bbox 922 2172 1027 2243; x_wconf 88' lang='lat' dir='ltr'><strong>armis</strong></span> <span class='ocrx_word' id='word_1_102' title='bbox 1053 2170 1197 2244; x_wconf 80' lang='lat' dir='ltr'><strong>Rana.</strong></span> <span class='ocrx_word' id='word_1_103' title='bbox 1223 2172 1263 2241; x_wconf 95' lang='lat' dir='ltr'><strong>In</strong></span> <span class='ocrx_word' id='word_1_104' title='bbox 1291 2192 1359 2262; x_wconf 91' lang='lat' dir='ltr'><strong>qua</strong></span> <span class='ocrx_word' id='word_1_105' title='bbox 1385 2178 1468 2243; x_wconf 87' lang='lat' dir='ltr'><strong>sunt</strong></span> <span class='ocrx_word' id='word_1_106' title='bbox 1493 2178 1626 2262; x_wconf 84' lang='lat' dir='ltr'><strong>septem</strong></span> <span class='ocrx_word' id='word_1_107' title='bbox 1653 2172 1745 2245; x_wconf 89' lang='lat' dir='ltr'><strong>lanei</strong></span> <span class='ocrx_word' id='word_1_108' title='bbox 1772 2173 2005 2263; x_wconf 84' lang='lat' dir='ltr'><strong>amethouales,</strong></span> <span class='ocrx_word' id='word_1_109' title='bbox 2026 2175 2058 2247; x_wconf 90' lang='lat' dir='ltr'><strong>de</strong></span> <span class='ocrx_word' id='word_1_110' title='bbox 2131 2244 2133 2253; x_wconf 18' lang='grc' dir='ltr'>Α</span> 
     </span>
     <span class='ocr_line' id='line_1_13' title="bbox 533 2292 2057 2385; baseline 0.002 -21"><span class='ocrx_word' id='word_1_111' title='bbox 533 2294 658 2383; x_wconf 85' lang='lat' dir='ltr'><strong>quibus</strong></span> <span class='ocrx_word' id='word_1_112' title='bbox 685 2294 877 2365; x_wconf 87' lang='lat' dir='ltr'><strong>decimatur</strong></span> <span class='ocrx_word' id='word_1_113' title='bbox 902 2294 1113 2365; x_wconf 88' lang='lat' dir='ltr'><strong>monasterio</strong></span> <span class='ocrx_word' id='word_1_114' title='bbox 1140 2292 1287 2365; x_wconf 83' lang='lat' dir='ltr'><strong>Sanctae</strong></span> <span class='ocrx_word' id='word_1_115' title='bbox 1305 2292 1436 2384; x_wconf 84' lang='lat' dir='ltr'><strong>Grucis,</strong></span> <span class='ocrx_word' id='word_1_116' title='bbox 1464 2294 1561 2365; x_wconf 88' lang='lat' dir='ltr'><strong>cuius</strong></span> <span class='ocrx_word' id='word_1_117' title='bbox 1579 2294 1679 2367; x_wconf 88' lang='lat' dir='ltr'><strong>valor</strong></span> <span class='ocrx_word' id='word_1_118' title='bbox 1696 2294 1740 2365; x_wconf 90' lang='lat' dir='ltr'><strong>ad</strong></span> <span class='ocrx_word' id='word_1_119' title='bbox 1759 2295 1914 2385; x_wconf 86' lang='lat' dir='ltr'><strong>quinque</strong></span> <span class='ocrx_word' id='word_1_120' title='bbox 1940 2314 2057 2367; x_wconf 88' lang='lat' dir='ltr'><strong>marcas</strong></span> 
     </span>
     <span class='ocr_line' id='line_1_14' title="bbox 463 2414 1893 2506; baseline 0.001 -23"><span class='ocrx_word' id='word_1_121' title='bbox 463 2421 467 2430; x_wconf 87' lang='lat'><em>&#39;</em></span> <span class='ocrx_word' id='word_1_122' title='bbox 529 2414 618 2485; x_wconf 91' lang='lat' dir='ltr'><strong>Item</strong></span> <span class='ocrx_word' id='word_1_123' title='bbox 645 2436 714 2487; x_wconf 91' lang='lat' dir='ltr'><strong>non</strong></span> <span class='ocrx_word' id='word_1_124' title='bbox 740 2420 795 2486; x_wconf 89' lang='lat' dir='ltr'><strong>cst</strong></span> <span class='ocrx_word' id='word_1_125' title='bbox 812 2415 871 2487; x_wconf 53' lang='lat' dir='ltr'><strong>&#39;ibi</strong></span> <span class='ocrx_word' id='word_1_126' title='bbox 896 2415 1086 2506; x_wconf 84' lang='lat' dir='ltr'><strong>praedium,</strong></span> <span class='ocrx_word' id='word_1_127' title='bbox 1113 2435 1183 2485; x_wconf 92' lang='lat' dir='ltr'><strong>non</strong></span> <span class='ocrx_word' id='word_1_128' title='bbox 1210 2420 1292 2487; x_wconf 87' lang='lat' dir='ltr'><strong>sunt</strong></span> <span class='ocrx_word' id='word_1_129' title='bbox 1317 2415 1494 2505; x_wconf 85' lang='lat' dir='ltr'><strong>tabernae,</strong></span> <span class='ocrx_word' id='word_1_130' title='bbox 1522 2435 1633 2505; x_wconf 88' lang='lat' dir='ltr'><strong>neque</strong></span> <span class='ocrx_word' id='word_1_131' title='bbox 1660 2415 1893 2488; x_wconf 87' lang='lat' dir='ltr'><strong>hortnleuiae.</strong></span> 
     </span>
    </p>

    <p class='ocr_par' dir='ltr' id='par_1_5' title="bbox 528 2534 2058 2869">
     <span class='ocr_line' id='line_1_15' title="bbox 635 2534 2056 2628; baseline 0.003 -23"><span class='ocrx_word' id='word_1_132' title='bbox 635 2534 969 2627; x_wconf 77' lang='lat' dir='ltr'><strong>Pnacnowarnnn,</strong></span> <span class='ocrx_word' id='word_1_133' title='bbox 996 2536 1079 2608; x_wconf 87' lang='lat' dir='ltr'><strong>villa</strong></span> <span class='ocrx_word' id='word_1_134' title='bbox 1097 2538 1161 2609; x_wconf 86' lang='lat' dir='ltr'><strong>sub</strong></span> <span class='ocrx_word' id='word_1_135' title='bbox 1178 2537 1346 2627; x_wconf 83' lang='lat' dir='ltr'><strong>parochIa</strong></span> <span class='ocrx_word' id='word_1_136' title='bbox 1372 2537 1415 2607; x_wconf 93' lang='lat' dir='ltr'><strong>de</strong></span> <span class='ocrx_word' id='word_1_137' title='bbox 1433 2535 1456 2609; x_wconf 87' lang='lat' dir='ltr'>J</span> <span class='ocrx_word' id='word_1_138' title='bbox 1461 2537 1653 2609; x_wconf 88' lang='lat' dir='ltr'><strong>aroschin</strong></span> <span class='ocrx_word' id='word_1_139' title='bbox 1681 2538 1762 2628; x_wconf 85' lang='lat' dir='ltr'><strong>sita,</strong></span> <span class='ocrx_word' id='word_1_140' title='bbox 1788 2538 1890 2609; x_wconf 89' lang='lat' dir='ltr'><strong>cuius</strong></span> <span class='ocrx_word' id='word_1_141' title='bbox 1916 2538 2056 2609; x_wconf 82' lang='lat' dir='ltr'><strong>haeredes</strong></span> 
     </span>
     <span class='ocr_line' id='line_1_16' title="bbox 528 2656 2051 2750; baseline -0.001 -21"><span class='ocrx_word' id='word_1_142' title='bbox 528 2656 715 2729; x_wconf 81' lang='lat' dir='ltr'><strong>Iohannes</strong></span> <span class='ocrx_word' id='word_1_143' title='bbox 733 2662 770 2728; x_wconf 88' lang='lat' dir='ltr'><strong>et</strong></span> <span class='ocrx_word' id='word_1_144' title='bbox 794 2656 959 2729; x_wconf 86' lang='lat' dir='ltr'><strong>Nicolaus</strong></span> <span class='ocrx_word' id='word_1_145' title='bbox 984 2656 1294 2750; x_wconf 79' lang='lat' dir='ltr'><strong>Skowyeazlry</strong></span> <span class='ocrx_word' id='word_1_146' title='bbox 1321 2658 1363 2729; x_wconf 91' lang='lat' dir='ltr'><strong>de</strong></span> <span class='ocrx_word' id='word_1_147' title='bbox 1390 2659 1496 2731; x_wconf 87' lang='lat' dir='ltr'><strong>armis</strong></span> <span class='ocrx_word' id='word_1_148' title='bbox 1523 2658 1665 2731; x_wconf 83' lang='lat' dir='ltr'><strong>Rana.</strong></span> <span class='ocrx_word' id='word_1_149' title='bbox 1713 2660 1753 2731; x_wconf 89' lang='lat' dir='ltr'><strong>In</strong></span> <span class='ocrx_word' id='word_1_150' title='bbox 1781 2679 1854 2749; x_wconf 88' lang='lat' dir='ltr'><strong>qua</strong></span> <span class='ocrx_word' id='word_1_151' title='bbox 1879 2664 1957 2731; x_wconf 88' lang='lat' dir='ltr'><strong>sunt</strong></span> <span class='ocrx_word' id='word_1_152' title='bbox 1979 2658 2051 2730; x_wconf 86' lang='lat' dir='ltr'><strong>lanei</strong></span> 
     </span>
     <span class='ocr_line' id='line_1_17' title="bbox 531 2778 2058 2869; baseline 0.001 -21"><span class='ocrx_word' id='word_1_153' title='bbox 531 2779 774 2869; x_wconf 88' lang='lat' dir='ltr'><strong>cmethoneles,</strong></span> <span class='ocrx_word' id='word_1_154' title='bbox 802 2779 845 2850; x_wconf 92' lang='lat' dir='ltr'><strong>de</strong></span> <span class='ocrx_word' id='word_1_155' title='bbox 873 2779 998 2869; x_wconf 86' lang='lat' dir='ltr'><strong>quibus</strong></span> <span class='ocrx_word' id='word_1_156' title='bbox 1025 2778 1174 2851; x_wconf 85' lang='lat' dir='ltr'><strong>solvitur</strong></span> <span class='ocrx_word' id='word_1_157' title='bbox 1200 2779 1334 2850; x_wconf 88' lang='lat' dir='ltr'><strong>decima</strong></span> <span class='ocrx_word' id='word_1_158' title='bbox 1359 2778 1585 2869; x_wconf 84' lang='lat' dir='ltr'><strong>manipularis</strong></span> <span class='ocrx_word' id='word_1_159' title='bbox 1613 2800 1676 2868; x_wconf 92' lang='lat' dir='ltr'><strong>pro</strong></span> <span class='ocrx_word' id='word_1_160' title='bbox 1696 2780 1911 2851; x_wconf 87' lang='lat' dir='ltr'><strong>monasterio</strong></span> <span class='ocrx_word' id='word_1_161' title='bbox 1937 2778 2058 2851; x_wconf 85' lang='lat' dir='ltr'><strong>Sanctae</strong></span> 
     </span>
    </p>
   </div>
   <div class='ocr_carea' id='block_1_3' title="bbox 370 2898 2057 3003">
    <p class='ocr_par' dir='ltr' id='par_1_6' title="bbox 370 2898 2057 3003">
     <span class='ocr_line' id='line_1_18' title="bbox 370 2898 2057 3003; baseline 0.001 -34"><span class='ocrx_word' id='word_1_162' title='bbox 370 2986 376 3003; x_wconf 44' lang='grc' dir='ltr'><strong><em>Ι</em></strong></span> <span class='ocrx_word' id='word_1_163' title='bbox 403 2910 406 2915; x_wconf 83' lang='grc'>’</span> <span class='ocrx_word' id='word_1_164' title='bbox 531 2898 670 2990; x_wconf 86' lang='lat' dir='ltr'><strong>(lrucis,</strong></span> <span class='ocrx_word' id='word_1_165' title='bbox 696 2898 741 2971; x_wconf 93' lang='lat' dir='ltr'><strong>de</strong></span> <span class='ocrx_word' id='word_1_166' title='bbox 767 2900 862 2989; x_wconf 81' lang='lat' dir='ltr'><strong>agris</strong></span> <span class='ocrx_word' id='word_1_167' title='bbox 889 2901 1060 2990; x_wconf 88' lang='lat' dir='ltr'><strong>antiquis;</strong></span> <span class='ocrx_word' id='word_1_168' title='bbox 1095 2900 1139 2971; x_wconf 92' lang='lat' dir='ltr'><strong>de</strong></span> <span class='ocrx_word' id='word_1_169' title='bbox 1166 2900 1260 2989; x_wconf 79' lang='lat' dir='ltr'><strong>agria</strong></span> <span class='ocrx_word' id='word_1_170' title='bbox 1287 2920 1371 2971; x_wconf 86' lang='lat' dir='ltr'><strong>vero</strong></span> <span class='ocrx_word' id='word_1_171' title='bbox 1398 2900 1581 2989; x_wconf 80' lang='lat' dir='ltr'><strong>extirpatis</strong></span> <span class='ocrx_word' id='word_1_172' title='bbox 1608 2901 1702 2971; x_wconf 89' lang='lat' dir='ltr'><strong>ultra</strong></span> <span class='ocrx_word' id='word_1_173' title='bbox 1729 2907 1901 2990; x_wconf 88' lang='lat' dir='ltr'><strong>montem,</strong></span> <span class='ocrx_word' id='word_1_174' title='bbox 1936 2901 2057 2971; x_wconf 82' lang='lat' dir='ltr'><strong>soluitur</strong></span> 
     </span>
    </p>
   </div>
   <div class='ocr_carea' id='block_1_4' title="bbox 530 3019 2056 3234">
    <p class='ocr_par' dir='ltr' id='par_1_7' title="bbox 530 3019 2056 3234">
     <span class='ocr_line' id='line_1_19' title="bbox 530 3019 2056 3112; baseline -0.001 -21"><span class='ocrx_word' id='word_1_175' title='bbox 530 3019 664 3091; x_wconf 91' lang='lat' dir='ltr'><strong>decima</strong></span> <span class='ocrx_word' id='word_1_176' title='bbox 698 3021 887 3112; x_wconf 84' lang='lat' dir='ltr'><strong>pecunialIs</strong></span> <span class='ocrx_word' id='word_1_177' title='bbox 913 3040 978 3111; x_wconf 88' lang='lat' dir='ltr'><strong>per</strong></span> <span class='ocrx_word' id='word_1_178' title='bbox 1003 3040 1065 3093; x_wconf 85' lang='lat' dir='ltr'><strong>sex</strong></span> <span class='ocrx_word' id='word_1_179' title='bbox 1090 3040 1232 3110; x_wconf 83' lang='lat' dir='ltr'><strong>grossos</strong></span> <span class='ocrx_word' id='word_1_180' title='bbox 1268 3040 1484 3111; x_wconf 78' lang='lat' dir='ltr'><strong>communae,</strong></span> <span class='ocrx_word' id='word_1_181' title='bbox 1518 3040 1583 3111; x_wconf 94' lang='lat' dir='ltr'><strong>pro</strong></span> <span class='ocrx_word' id='word_1_182' title='bbox 1611 3022 1815 3112; x_wconf 89' lang='lat' dir='ltr'><strong>episcopatu</strong></span> <span class='ocrx_word' id='word_1_183' title='bbox 1851 3020 2056 3108; x_wconf 64' lang='lat' dir='ltr'><strong>(trecorensi</strong></span> 
     </span>
     <span class='ocr_line' id='line_1_20' title="bbox 530 3142 1408 3234; baseline 0.002 -23"><span class='ocrx_word' id='word_1_184' title='bbox 530 3147 570 3212; x_wconf 92' lang='lat' dir='ltr'><strong>et</strong></span> <span class='ocrx_word' id='word_1_185' title='bbox 594 3162 664 3212; x_wconf 91' lang='lat' dir='ltr'><strong>non</strong></span> <span class='ocrx_word' id='word_1_186' title='bbox 691 3147 774 3214; x_wconf 87' lang='lat' dir='ltr'><strong>sunt</strong></span> <span class='ocrx_word' id='word_1_187' title='bbox 799 3142 850 3213; x_wconf 88' lang='lat' dir='ltr'><strong>ibi</strong></span> <span class='ocrx_word' id='word_1_188' title='bbox 874 3142 1051 3232; x_wconf 85' lang='lat' dir='ltr'><strong>tabernae,</strong></span> <span class='ocrx_word' id='word_1_189' title='bbox 1079 3162 1191 3234; x_wconf 87' lang='lat' dir='ltr'><strong>neque</strong></span> <span class='ocrx_word' id='word_1_190' title='bbox 1218 3142 1408 3233; x_wconf 81' lang='lat' dir='ltr'><strong>praedium.</strong></span> 
     </span>
    </p>
   </div>
   <div class='ocr_carea' id='block_1_5' title="bbox 1177 3366 1434 3440">
    <p class='ocr_par' dir='ltr' id='par_1_8' title="bbox 1177 3366 1434 3440">
     <span class='ocr_line' id='line_1_21' title="bbox 1177 3366 1434 3440; baseline -0.008 0"><span class='ocrx_word' id='word_1_191' title='bbox 1177 3366 1434 3440; x_wconf 82' lang='lat' dir='ltr'><strong>Sznozncuow.</strong></span> 
     </span>
    </p>
   </div>
   <div class='ocr_carea' id='block_1_6' title="bbox 444 3504 2053 5543">
    <p class='ocr_par' dir='ltr' id='par_1_9' title="bbox 444 3504 2053 4795">
     <span class='ocr_line' id='line_1_22' title="bbox 633 3504 2053 3597; baseline -0.003 -19"><span class='ocrx_word' id='word_1_192' title='bbox 633 3504 807 3597; x_wconf 90' lang='lat' dir='ltr'><strong>Oppidum</strong></span> <span class='ocrx_word' id='word_1_193' title='bbox 832 3506 964 3580; x_wconf 85' lang='lat' dir='ltr'><strong>habens</strong></span> <span class='ocrx_word' id='word_1_194' title='bbox 991 3505 1171 3580; x_wconf 85' lang='lat' dir='ltr'><strong>ecclesiam</strong></span> <span class='ocrx_word' id='word_1_195' title='bbox 1189 3506 1425 3597; x_wconf 84' lang='lat' dir='ltr'><strong>parochialem</strong></span> <span class='ocrx_word' id='word_1_196' title='bbox 1443 3506 1480 3578; x_wconf 92' lang='lat' dir='ltr'><strong>in</strong></span> <span class='ocrx_word' id='word_1_197' title='bbox 1499 3525 1536 3578; x_wconf 86' lang='lat' dir='ltr'><strong>se</strong></span> <span class='ocrx_word' id='word_1_198' title='bbox 1554 3505 1714 3597; x_wconf 83' lang='lat' dir='ltr'><strong>ligneam,</strong></span> <span class='ocrx_word' id='word_1_199' title='bbox 1742 3505 1872 3581; x_wconf 87' lang='lat' dir='ltr'><strong>Sancto</strong></span> <span class='ocrx_word' id='word_1_200' title='bbox 1891 3505 2053 3580; x_wconf 85' lang='lat' dir='ltr'><strong>Laurentio</strong></span> 
     </span>
     <span class='ocr_line' id='line_1_23' title="bbox 528 3625 2053 3718; baseline -0.002 -19"><span class='ocrx_word' id='word_1_201' title='bbox 528 3626 689 3718; x_wconf 90' lang='lat' dir='ltr'><strong>dicatam,</strong></span> <span class='ocrx_word' id='word_1_202' title='bbox 716 3627 813 3698; x_wconf 91' lang='lat' dir='ltr'><strong>cuius</strong></span> <span class='ocrx_word' id='word_1_203' title='bbox 839 3627 1035 3718; x_wconf 80' lang='lat' dir='ltr'><strong>proprietas</strong></span> <span class='ocrx_word' id='word_1_204' title='bbox 1061 3628 1107 3700; x_wconf 90' lang='lat' dir='ltr'><strong>ad</strong></span> <span class='ocrx_word' id='word_1_205' title='bbox 1131 3627 1381 3700; x_wconf 88' lang='lat' dir='ltr'><strong>monasterium</strong></span> <span class='ocrx_word' id='word_1_206' title='bbox 1408 3625 1719 3700; x_wconf 87' lang='lat' dir='ltr'><strong>Szeczechovicnse</strong></span> <span class='ocrx_word' id='word_1_207' title='bbox 1745 3629 1909 3718; x_wconf 86' lang='lat' dir='ltr'><strong>pertinet.</strong></span> <span class='ocrx_word' id='word_1_208' title='bbox 1943 3628 1979 3700; x_wconf 92' lang='lat' dir='ltr'><strong>In</strong></span> <span class='ocrx_word' id='word_1_209' title='bbox 2002 3647 2053 3718; x_wconf 88' lang='lat' dir='ltr'><strong>quo</strong></span> 
     </span>
     <span class='ocr_line' id='line_1_24' title="bbox 527 3737 2052 3840; baseline -0.002 -21"><span class='ocrx_word' id='word_1_210' title='bbox 527 3755 610 3822; x_wconf 87' lang='lat' dir='ltr'><strong>suut</strong></span> <span class='ocrx_word' id='word_1_211' title='bbox 636 3749 754 3821; x_wconf 89' lang='lat' dir='ltr'><strong>decem</strong></span> <span class='ocrx_word' id='word_1_212' title='bbox 780 3756 817 3820; x_wconf 89' lang='lat' dir='ltr'><strong>et</strong></span> <span class='ocrx_word' id='word_1_213' title='bbox 843 3754 923 3821; x_wconf 89' lang='lat' dir='ltr'><strong>octo</strong></span> <span class='ocrx_word' id='word_1_214' title='bbox 957 3737 1050 3820; x_wconf 87' lang='lat' dir='ltr'><strong>lanei</strong></span> <span class='ocrx_word' id='word_1_215' title='bbox 1088 3747 1357 3840; x_wconf 88' lang='lat' dir='ltr'><strong>oppidanorum,</strong></span> <span class='ocrx_word' id='word_1_216' title='bbox 1395 3747 1437 3818; x_wconf 90' lang='lat' dir='ltr'><strong>de</strong></span> <span class='ocrx_word' id='word_1_217' title='bbox 1465 3748 1590 3838; x_wconf 87' lang='lat' dir='ltr'><strong>quibus</strong></span> <span class='ocrx_word' id='word_1_218' title='bbox 1625 3748 1774 3820; x_wconf 86' lang='lat' dir='ltr'><strong>solvitur</strong></span> <span class='ocrx_word' id='word_1_219' title='bbox 1800 3755 1838 3820; x_wconf 88' lang='lat' dir='ltr'><strong>et</strong></span> <span class='ocrx_word' id='word_1_220' title='bbox 1865 3749 2052 3834; x_wconf 87' lang='lat' dir='ltr'><strong>conducitm,</strong></span> 
     </span>
     <span class='ocr_line' id='line_1_25' title="bbox 526 3869 2053 3962; baseline -0.004 -19"><span class='ocrx_word' id='word_1_221' title='bbox 526 3871 661 3943; x_wconf 89' lang='lat' dir='ltr'><strong>decima</strong></span> <span class='ocrx_word' id='word_1_222' title='bbox 694 3870 922 3961; x_wconf 86' lang='lat' dir='ltr'><strong>manipularis</strong></span> <span class='ocrx_word' id='word_1_223' title='bbox 948 3876 986 3942; x_wconf 92' lang='lat' dir='ltr'><strong>et</strong></span> <span class='ocrx_word' id='word_1_224' title='bbox 1011 3871 1186 3960; x_wconf 85' lang='lat' dir='ltr'><strong>canapalis</strong></span> <span class='ocrx_word' id='word_1_225' title='bbox 1220 3889 1285 3960; x_wconf 94' lang='lat' dir='ltr'><strong>pro</strong></span> <span class='ocrx_word' id='word_1_226' title='bbox 1312 3870 1525 3942; x_wconf 85' lang='lat' dir='ltr'><strong>monasterio</strong></span> <span class='ocrx_word' id='word_1_227' title='bbox 1561 3869 1885 3962; x_wconf 85' lang='lat' dir='ltr'><strong>Szeczcchovienai,</strong></span> <span class='ocrx_word' id='word_1_228' title='bbox 1921 3869 2053 3942; x_wconf 78' lang='lat' dir='ltr'><strong>et&#39;nlor</strong></span> 
     </span>
     <span class='ocr_line' id='line_1_26' title="bbox 526 3991 2052 4084; baseline -0.003 -20"><span class='ocrx_word' id='word_1_229' title='bbox 526 3995 601 4064; x_wconf 86' lang='lat' dir='ltr'><strong>eius</strong></span> <span class='ocrx_word' id='word_1_230' title='bbox 627 3993 831 4064; x_wconf 89' lang='lat' dir='ltr'><strong>aestimatur</strong></span> <span class='ocrx_word' id='word_1_231' title='bbox 857 3993 903 4064; x_wconf 92' lang='lat' dir='ltr'><strong>ad</strong></span> <span class='ocrx_word' id='word_1_232' title='bbox 929 3992 1054 4084; x_wconf 79' lang='lat' dir='ltr'><strong>viginti</strong></span> <span class='ocrx_word' id='word_1_233' title='bbox 1069 4011 1214 4064; x_wconf 85' lang='lat' dir='ltr'><strong>marcae.</strong></span> <span class='ocrx_word' id='word_1_234' title='bbox 1244 3991 1332 4064; x_wconf 86' lang='lat' dir='ltr'><strong>Item</strong></span> <span class='ocrx_word' id='word_1_235' title='bbox 1360 3991 1505 4064; x_wconf 88' lang='lat' dir='ltr'><strong>ecclesia</strong></span> <span class='ocrx_word' id='word_1_236' title='bbox 1531 3997 1568 4063; x_wconf 89' lang='lat' dir='ltr'><strong>et</strong></span> <span class='ocrx_word' id='word_1_237' title='bbox 1594 3992 1761 4082; x_wconf 87' lang='lat' dir='ltr'><strong>plebanus</strong></span> <span class='ocrx_word' id='word_1_238' title='bbox 1788 3993 1898 4065; x_wconf 85' lang='lat' dir='ltr'><strong>habet</strong></span> <span class='ocrx_word' id='word_1_239' title='bbox 1923 3992 1968 4064; x_wconf 91' lang='lat' dir='ltr'><strong>ibi</strong></span> <span class='ocrx_word' id='word_1_240' title='bbox 1990 4010 2052 4081; x_wconf 84' lang='lat' dir='ltr'><strong>pro</strong></span> 
     </span>
     <span class='ocr_line' id='line_1_27' title="bbox 444 4111 2052 4206; baseline -0.004 -21"><span class='ocrx_word' id='word_1_241' title='bbox 444 4139 448 4150; x_wconf 84' lang='lat'><em>·</em></span> <span class='ocrx_word' id='word_1_242' title='bbox 525 4115 622 4205; x_wconf 86' lang='lat' dir='ltr'><strong>prioa</strong></span> <span class='ocrx_word' id='word_1_243' title='bbox 656 4135 760 4204; x_wconf 84' lang='lat' dir='ltr'><strong>agros</strong></span> <span class='ocrx_word' id='word_1_244' title='bbox 786 4120 823 4185; x_wconf 88' lang='lat' dir='ltr'><strong>et</strong></span> <span class='ocrx_word' id='word_1_245' title='bbox 849 4120 968 4206; x_wconf 88' lang='lat' dir='ltr'><strong>prata,</strong></span> <span class='ocrx_word' id='word_1_246' title='bbox 1004 4135 1068 4204; x_wconf 90' lang='lat' dir='ltr'><strong>pro</strong></span> <span class='ocrx_word' id='word_1_247' title='bbox 1104 4134 1167 4186; x_wconf 88' lang='lat' dir='ltr'><strong>suo</strong></span> <span class='ocrx_word' id='word_1_248' title='bbox 1203 4135 1268 4186; x_wconf 91' lang='lat' dir='ltr'><strong>usu</strong></span> <span class='ocrx_word' id='word_1_249' title='bbox 1294 4119 1330 4186; x_wconf 88' lang='lat' dir='ltr'><strong>et</strong></span> <span class='ocrx_word' id='word_1_250' title='bbox 1356 4113 1572 4187; x_wconf 83' lang='lat' dir='ltr'><strong>necessitate.</strong></span> <span class='ocrx_word' id='word_1_251' title='bbox 1616 4113 1703 4186; x_wconf 84' lang='lat' dir='ltr'><strong>Item</strong></span> <span class='ocrx_word' id='word_1_252' title='bbox 1740 4113 1900 4206; x_wconf 79' lang='lat' dir='ltr'><strong>praefata</strong></span> <span class='ocrx_word' id='word_1_253' title='bbox 1933 4111 2052 4185; x_wconf 84' lang='lat' dir='ltr'><strong>ccclesia</strong></span> 
     </span>
     <span class='ocr_line' id='line_1_28' title="bbox 524 4233 2050 4328; baseline -0.001 -22"><span class='ocrx_word' id='word_1_254' title='bbox 524 4236 632 4308; x_wconf 88' lang='lat' dir='ltr'><strong>habet</strong></span> <span class='ocrx_word' id='word_1_255' title='bbox 658 4236 762 4307; x_wconf 88' lang='lat' dir='ltr'><strong>aliam</strong></span> <span class='ocrx_word' id='word_1_256' title='bbox 789 4236 969 4308; x_wconf 84' lang='lat' dir='ltr'><strong>ecclesiam</strong></span> <span class='ocrx_word' id='word_1_257' title='bbox 987 4235 1126 4308; x_wconf 90' lang='lat' dir='ltr'><strong>filialem</strong></span> <span class='ocrx_word' id='word_1_258' title='bbox 1154 4237 1190 4306; x_wconf 93' lang='lat' dir='ltr'><strong>in</strong></span> <span class='ocrx_word' id='word_1_259' title='bbox 1217 4236 1301 4308; x_wconf 91' lang='lat' dir='ltr'><strong>villa</strong></span> <span class='ocrx_word' id='word_1_260' title='bbox 1327 4236 1728 4328; x_wconf 75' lang='lat' dir='ltr'><strong>Brzyeschnycza</strong></span> <span class='ocrx_word' id='word_1_261' title='bbox 1755 4235 1895 4308; x_wconf 89' lang='lat' dir='ltr'><strong>Sanctis</strong></span> <span class='ocrx_word' id='word_1_262' title='bbox 1922 4233 2050 4321; x_wconf 90' lang='lat' dir='ltr'><strong>Nicolao,</strong></span> 
     </span>
     <span class='ocr_line' id='line_1_29' title="bbox 524 4355 2050 4449; baseline -0.004 -19"><span class='ocrx_word' id='word_1_263' title='bbox 524 4356 717 4447; x_wconf 87' lang='lat' dir='ltr'><strong>Leonardo,</strong></span> <span class='ocrx_word' id='word_1_264' title='bbox 745 4355 954 4430; x_wconf 84' lang='lat' dir='ltr'><strong>Catheriuae</strong></span> <span class='ocrx_word' id='word_1_265' title='bbox 981 4364 1018 4429; x_wconf 90' lang='lat' dir='ltr'><strong>et</strong></span> <span class='ocrx_word' id='word_1_266' title='bbox 1043 4356 1293 4449; x_wconf 81' lang='lat' dir='ltr'><strong>Margarethae</strong></span> <span class='ocrx_word' id='word_1_267' title='bbox 1321 4358 1479 4449; x_wconf 89' lang='lat' dir='ltr'><strong>dicatam,</strong></span> <span class='ocrx_word' id='word_1_268' title='bbox 1507 4361 1650 4448; x_wconf 87' lang='lat' dir='ltr'><strong>propter</strong></span> <span class='ocrx_word' id='word_1_269' title='bbox 1675 4363 1847 4430; x_wconf 88' lang='lat' dir='ltr'><strong>remotam</strong></span> <span class='ocrx_word' id='word_1_270' title='bbox 1875 4355 2050 4428; x_wconf 87' lang='lat' dir='ltr'><strong>distantiam</strong></span> 
     </span>
     <span class='ocr_line' id='line_1_30' title="bbox 523 4476 2051 4572; baseline -0.004 -20"><span class='ocrx_word' id='word_1_271' title='bbox 523 4479 710 4570; x_wconf 88' lang='lat' dir='ltr'><strong>parochiae</strong></span> <span class='ocrx_word' id='word_1_272' title='bbox 735 4477 951 4551; x_wconf 85' lang='lat' dir='ltr'><strong>aedificatam</strong></span> <span class='ocrx_word' id='word_1_273' title='bbox 977 4479 1083 4570; x_wconf 84' lang='lat' dir='ltr'><strong>ligno,</strong></span> <span class='ocrx_word' id='word_1_274' title='bbox 1110 4485 1146 4550; x_wconf 84' lang='lat' dir='ltr'><strong>et</strong></span> <span class='ocrx_word' id='word_1_275' title='bbox 1163 4483 1345 4572; x_wconf 87' lang='lat' dir='ltr'><strong>utramque</strong></span> <span class='ocrx_word' id='word_1_276' title='bbox 1372 4479 1540 4570; x_wconf 85' lang='lat' dir='ltr'><strong>plebanus</strong></span> <span class='ocrx_word' id='word_1_277' title='bbox 1567 4478 1610 4550; x_wconf 91' lang='lat' dir='ltr'><strong>de</strong></span> <span class='ocrx_word' id='word_1_278' title='bbox 1638 4477 1942 4552; x_wconf 85' lang='lat' dir='ltr'><strong>Saeczechon</strong></span> <span class='ocrx_word' id='word_1_279' title='bbox 1965 4476 2051 4548; x_wconf 89' lang='lat' dir='ltr'><strong>admi·</strong></span> 
     </span>
     <span class='ocr_line' id='line_1_31' title="bbox 523 4596 2050 4694; baseline -0.003 -22"><span class='ocrx_word' id='word_1_280' title='bbox 523 4603 668 4690; x_wconf 88' lang='lat' dir='ltr'><strong>nistrat,</strong></span> <span class='ocrx_word' id='word_1_281' title='bbox 703 4606 740 4671; x_wconf 90' lang='lat' dir='ltr'><strong>et</strong></span> <span class='ocrx_word' id='word_1_282' title='bbox 765 4601 820 4672; x_wconf 87' lang='lat' dir='ltr'><strong>ius</strong></span> <span class='ocrx_word' id='word_1_283' title='bbox 846 4600 1093 4691; x_wconf 86' lang='lat' dir='ltr'><strong>praesentandi</strong></span> <span class='ocrx_word' id='word_1_284' title='bbox 1128 4601 1235 4674; x_wconf 89' lang='lat' dir='ltr'><strong>habet</strong></span> <span class='ocrx_word' id='word_1_285' title='bbox 1262 4623 1367 4694; x_wconf 85' lang='lat' dir='ltr'><strong>super</strong></span> <span class='ocrx_word' id='word_1_286' title='bbox 1394 4605 1579 4694; x_wconf 89' lang='lat' dir='ltr'><strong>utramque</strong></span> <span class='ocrx_word' id='word_1_287' title='bbox 1615 4601 1723 4674; x_wconf 84' lang='lat' dir='ltr'><strong>abbas</strong></span> <span class='ocrx_word' id='word_1_288' title='bbox 1751 4607 1787 4674; x_wconf 87' lang='lat' dir='ltr'><strong>et</strong></span> <span class='ocrx_word' id='word_1_289' title='bbox 1814 4596 2050 4674; x_wconf 81' lang='lat' dir='ltr'><strong>conventuale</strong></span> 
     </span>
     <span class='ocr_line' id='line_1_32' title="bbox 524 4720 835 4795; baseline 0.003 -3"><span class='ocrx_word' id='word_1_290' title='bbox 524 4720 835 4795; x_wconf 84' lang='lat' dir='ltr'><strong>Szeczechow.</strong></span> 
     </span>
    </p>

    <p class='ocr_par' dir='ltr' id='par_1_10' title="bbox 520 4842 2048 5548">
     <span class='ocr_line' id='line_1_33' title="bbox 627 4842 2048 4934; baseline -0.003 -18"><span class='ocrx_word' id='word_1_291' title='bbox 627 4843 775 4916; x_wconf 80' lang='lat' dir='ltr'><strong>Wonrn</strong></span> <span class='ocrx_word' id='word_1_292' title='bbox 802 4842 1144 4933; x_wconf 73' lang='lat' dir='ltr'><strong>SanczucnowsKA,</strong></span> <span class='ocrx_word' id='word_1_293' title='bbox 1179 4843 1263 4915; x_wconf 84' lang='lat' dir='ltr'><strong>villa</strong></span> <span class='ocrx_word' id='word_1_294' title='bbox 1297 4844 1361 4915; x_wconf 87' lang='lat' dir='ltr'><strong>sub</strong></span> <span class='ocrx_word' id='word_1_295' title='bbox 1397 4845 1563 4934; x_wconf 90' lang='lat' dir='ltr'><strong>parochia</strong></span> <span class='ocrx_word' id='word_1_296' title='bbox 1590 4843 1632 4916; x_wconf 89' lang='lat' dir='ltr'><strong>de</strong></span> <span class='ocrx_word' id='word_1_297' title='bbox 1660 4845 1959 4924; x_wconf 79' lang='lat' dir='ltr'><strong>Saeczechou</strong></span> <span class='ocrx_word' id='word_1_298' title='bbox 1990 4842 2048 4928; x_wconf 77' lang='lat' dir='ltr'><strong>sila,</strong></span> 
     </span>
     <span class='ocr_line' id='line_1_34' title="bbox 523 4962 2048 5058; baseline -0.005 -20"><span class='ocrx_word' id='word_1_299' title='bbox 523 4966 620 5038; x_wconf 86' lang='lat' dir='ltr'><strong>cuius</strong></span> <span class='ocrx_word' id='word_1_300' title='bbox 646 4967 843 5057; x_wconf 87' lang='lat' dir='ltr'><strong>proprietas</strong></span> <span class='ocrx_word' id='word_1_301' title='bbox 870 4964 915 5036; x_wconf 92' lang='lat' dir='ltr'><strong>ad</strong></span> <span class='ocrx_word' id='word_1_302' title='bbox 942 4965 1189 5037; x_wconf 87' lang='lat' dir='ltr'><strong>monasterium</strong></span> <span class='ocrx_word' id='word_1_303' title='bbox 1209 4963 1519 5040; x_wconf 81' lang='lat' dir='ltr'><strong>Saeczechoviense</strong></span> <span class='ocrx_word' id='word_1_304' title='bbox 1545 4967 1708 5056; x_wconf 88' lang='lat' dir='ltr'><strong>pertinet.</strong></span> <span class='ocrx_word' id='word_1_305' title='bbox 1735 4965 1775 5037; x_wconf 95' lang='lat' dir='ltr'><strong>In</strong></span> <span class='ocrx_word' id='word_1_306' title='bbox 1795 4987 1865 5058; x_wconf 90' lang='lat' dir='ltr'><strong>qua</strong></span> <span class='ocrx_word' id='word_1_307' title='bbox 1891 4971 1968 5038; x_wconf 87' lang='lat' dir='ltr'><strong>suut</strong></span> <span class='ocrx_word' id='word_1_308' title='bbox 1983 4962 2048 5034; x_wconf 85' lang='lat' dir='ltr'><strong>duo</strong></span> 
     </span>
     <span class='ocr_line' id='line_1_35' title="bbox 523 5085 2047 5193; baseline -0.007 -33"><span class='ocrx_word' id='word_1_309' title='bbox 523 5088 633 5160; x_wconf 88' lang='lat' dir='ltr'><strong>decim</strong></span> <span class='ocrx_word' id='word_1_310' title='bbox 667 5088 761 5160; x_wconf 70' lang='lat' dir='ltr'><strong>laum</strong></span> <span class='ocrx_word' id='word_1_311' title='bbox 796 5086 1050 5178; x_wconf 87' lang='lat' dir='ltr'><strong>cmethonales,</strong></span> <span class='ocrx_word' id='word_1_312' title='bbox 1085 5088 1169 5158; x_wconf 87' lang='lat' dir='ltr'><strong>item</strong></span> <span class='ocrx_word' id='word_1_313' title='bbox 1204 5093 1259 5160; x_wconf 86' lang='lat' dir='ltr'><strong>cst</strong></span> <span class='ocrx_word' id='word_1_314' title='bbox 1284 5089 1334 5159; x_wconf 92' lang='lat' dir='ltr'><strong>ibi</strong></span> <span class='ocrx_word' id='word_1_315' title='bbox 1360 5109 1430 5160; x_wconf 90' lang='lat' dir='ltr'><strong>una</strong></span> <span class='ocrx_word' id='word_1_316' title='bbox 1466 5088 1627 5193; x_wconf 79' lang='lat' dir='ltr'><strong>scultetis</strong></span> <span class='ocrx_word' id='word_1_317' title='bbox 1662 5088 1795 5160; x_wconf 87' lang='lat' dir='ltr'><strong>habens</strong></span> <span class='ocrx_word' id='word_1_318' title='bbox 1830 5089 1919 5160; x_wconf 87' lang='lat' dir='ltr'><strong>duos</strong></span> <span class='ocrx_word' id='word_1_319' title='bbox 1952 5085 2047 5156; x_wconf 84' lang='lat' dir='ltr'><strong>laneos</strong></span> 
     </span>
     <span class='ocr_line' id='line_1_36' title="bbox 521 5207 2047 5300; baseline -0.005 -21"><span class='ocrx_word' id='word_1_320' title='bbox 521 5209 668 5299; x_wconf 88' lang='lat' dir='ltr'><strong>liberos,</strong></span> <span class='ocrx_word' id='word_1_321' title='bbox 704 5209 900 5300; x_wconf 84' lang='lat' dir='ltr'><strong>dequibus</strong></span> <span class='ocrx_word' id='word_1_322' title='bbox 936 5208 1094 5280; x_wconf 86' lang='lat' dir='ltr'><strong>omnibus</strong></span> <span class='ocrx_word' id='word_1_323' title='bbox 1129 5207 1279 5281; x_wconf 85' lang='lat' dir='ltr'><strong>solvitur</strong></span> <span class='ocrx_word' id='word_1_324' title='bbox 1305 5214 1341 5280; x_wconf 87' lang='lat' dir='ltr'><strong>et</strong></span> <span class='ocrx_word' id='word_1_325' title='bbox 1356 5209 1571 5282; x_wconf 88' lang='lat' dir='ltr'><strong>conducitur</strong></span> <span class='ocrx_word' id='word_1_326' title='bbox 1607 5209 1741 5283; x_wconf 88' lang='lat' dir='ltr'><strong>decima</strong></span> <span class='ocrx_word' id='word_1_327' title='bbox 1774 5208 1992 5300; x_wconf 88' lang='lat' dir='ltr'><strong>manipularis</strong></span> <span class='ocrx_word' id='word_1_328' title='bbox 2020 5209 2047 5272; x_wconf 86' lang='lat' dir='ltr'><strong>et</strong></span> 
     </span>
     <span class='ocr_line' id='line_1_37' title="bbox 520 5317 2045 5421; baseline -0.004 -19"><span class='ocrx_word' id='word_1_329' title='bbox 520 5329 705 5421; x_wconf 79' lang='lat' dir='ltr'><strong>campalis,</strong></span> <span class='ocrx_word' id='word_1_330' title='bbox 732 5350 796 5420; x_wconf 91' lang='lat' dir='ltr'><strong>pro</strong></span> <span class='ocrx_word' id='word_1_331' title='bbox 822 5329 1034 5402; x_wconf 88' lang='lat' dir='ltr'><strong>monasterio</strong></span> <span class='ocrx_word' id='word_1_332' title='bbox 1060 5317 1372 5420; x_wconf 81' lang='lat' dir='ltr'><strong>Szeczechoviensi,</strong></span> <span class='ocrx_word' id='word_1_333' title='bbox 1399 5331 1496 5402; x_wconf 88' lang='lat' dir='ltr'><strong>cuius</strong></span> <span class='ocrx_word' id='word_1_334' title='bbox 1523 5330 1621 5402; x_wconf 87' lang='lat' dir='ltr'><strong>valor</strong></span> <span class='ocrx_word' id='word_1_335' title='bbox 1639 5331 1683 5402; x_wconf 91' lang='lat' dir='ltr'><strong>ad</strong></span> <span class='ocrx_word' id='word_1_336' title='bbox 1701 5336 1780 5402; x_wconf 90' lang='lat' dir='ltr'><strong>octo</strong></span> <span class='ocrx_word' id='word_1_337' title='bbox 1807 5349 1941 5402; x_wconf 87' lang='lat' dir='ltr'><strong>marcas</strong></span> <span class='ocrx_word' id='word_1_338' title='bbox 1964 5323 2045 5398; x_wconf 85' lang='lat' dir='ltr'><strong>aesti-</strong></span> 
     </span>
     <span class='ocr_line' id='line_1_38' title="bbox 521 5447 2045 5543; baseline -0.005 -19"><span class='ocrx_word' id='word_1_339' title='bbox 521 5457 647 5525; x_wconf 88' lang='lat' dir='ltr'><strong>matur.</strong></span> <span class='ocrx_word' id='word_1_340' title='bbox 681 5452 769 5523; x_wconf 88' lang='lat' dir='ltr'><strong>Item</strong></span> <span class='ocrx_word' id='word_1_341' title='bbox 797 5458 879 5524; x_wconf 87' lang='lat' dir='ltr'><strong>sunt</strong></span> <span class='ocrx_word' id='word_1_342' title='bbox 904 5452 955 5524; x_wconf 89' lang='lat' dir='ltr'><strong>ibi</strong></span> <span class='ocrx_word' id='word_1_343' title='bbox 980 5451 1070 5522; x_wconf 88' lang='lat' dir='ltr'><strong>duae</strong></span> <span class='ocrx_word' id='word_1_344' title='bbox 1106 5452 1344 5543; x_wconf 79' lang='lat' dir='ltr'><strong>hortudaniae‚</strong></span> <span class='ocrx_word' id='word_1_345' title='bbox 1380 5459 1417 5525; x_wconf 89' lang='lat' dir='ltr'><strong>et</strong></span> <span class='ocrx_word' id='word_1_346' title='bbox 1443 5473 1513 5526; x_wconf 88' lang='lat' dir='ltr'><strong>una</strong></span> <span class='ocrx_word' id='word_1_347' title='bbox 1547 5453 1713 5542; x_wconf 86' lang='lat' dir='ltr'><strong>taberna,</strong></span> <span class='ocrx_word' id='word_1_348' title='bbox 1748 5453 1811 5524; x_wconf 85' lang='lat' dir='ltr'><strong>sed</strong></span> <span class='ocrx_word' id='word_1_349' title='bbox 1837 5473 1907 5524; x_wconf 87' lang='lat' dir='ltr'><strong>non</strong></span> <span class='ocrx_word' id='word_1_350' title='bbox 1940 5447 2045 5520; x_wconf 85' lang='lat' dir='ltr'><strong>habent</strong></span> 
     </span>
    </p>
   </div>
   <div class='ocr_carea' id='block_1_7' title="bbox 520 5594 634 5664">
    <p class='ocr_par' dir='ltr' id='par_1_11' title="bbox 520 5594 634 5664">
     <span class='ocr_line' id='line_1_39' title="bbox 520 5594 634 5664; baseline -0.018 -16"><span class='ocrx_word' id='word_1_351' title='bbox 520 5594 634 5664; x_wconf 75' lang='lat' dir='ltr'><strong>agros.</strong></span> 
     </span>
    </p>
   </div>
   <div class='ocr_carea' id='block_1_8' title="bbox 0 0 2280 6600">
    <p class='ocr_par' dir='ltr' id='par_1_12' title="bbox 0 0 2280 6600">
     <span class='ocr_line' id='line_1_40' title="bbox 0 0 2280 6600; baseline 0 2"><span class='ocrx_word' id='word_1_352' title='bbox 0 0 2280 6600; x_wconf 95' lang='lat' dir='ltr'><strong> </strong></span> 
     </span>
    </p>
   </div>
  </div>
 </body>
</html>
