4550 6600
1716 773 1789 893 aaa

235 978 459 1061 hortulaniae
485 980 655 1060 habentes
681 1002 802 1078 agros,
837 980 881 1059 de
916 981 1041 1079 quihus
1067 980 1226 1059 omuibus
1253 981 1401 1061 solvitur
1429 992 1466 1059 et
1493 982 1697 1059 conducitur
1733 986 1793 1067 de·

235 1110 328 1181 eima
360 1108 586 1200 manipularis
621 1116 658 1181 et
693 1109 869 1201 canapalis
900 1130 964 1200 pro
991 1109 1236 1199 praepositura
1270 1108 1494 1201 Kyelczensi,
1530 1114 1565 1180 et
1592 1108 1690 1181 valor
1717 1110 1791 1182 eius

119 1213 123 1223 ’
235 1231 446 1302 aestimatur
473 1230 517 1301 ad
549 1250 610 1303 sex
635 1244 780 1303 marcas.
819 1230 906 1301 Item
934 1235 989 1303 est
1024 1232 1061 1301 in
1096 1230 1217 1301 eadem
1252 1229 1335 1302 villa
1369 1230 1558 1321 praedium.
1584 1230 1793 1321 coenobiale,
1912 1240 1916 1247 '

235 1350 283 1422 ue
318 1373 387 1442 quo
422 1352 823 1432 hermammonem
858 1352 896 1422 in
931 1352 1146 1443 eawtow,
1192 1357 1230 1423 et
1264 1351 1363 1425 vaur
1397 1352 1477 1423 eius.
1497 1330 1712 1425 'astruatur
1747 1352 1792 1423 au

235 1471 325 1543 duas
351 1492 494 1545 marcas.
1444 1468 1446 1477 '

342 1593 586 1684 Daamaorm,
612 1594 696 1666 villa
722 1595 786 1667 suh
813 1595 980 1684 parochia
1005 1594 1048 1667 de
1074 1593 1269 1669 Pawlow
1296 1596 1380 1687 sita,
1408 1596 1505 1668 cuius
1532 1610 1649 1692 unam,
1663 1595 1791 1667 medie-

234 1719 349 1786 tatem
375 1715 481 1787 hahet
506 1714 711 1788 Prandotha
736 1716 992 1808 Korynsky
1019 1716 1062 1787 de
1089 1718 1198 1789 amuis
1221 1717 1371 1808 Bawa3
1403 1718 1547 1789 alteram
1575 1736 1658 1789 vero
1685 1717 1792 1789 habet

234 1835 395 1926 Raphael
431 1835 767 1927 Chlewyczsky
802 1837 846 1908 de
881 1836 989 1908 armis
1023 1836 1350 1911 Odrowausch.
1398 1816 1438 1910 In
1466 1859 1535 1929 qua
1566 1842 1647 1909 sunt
1673 1837 1791 1908 decem

234 1956 332 2028 lanei
367 1958 622 2055 memoriales,
661 1959 745 2029 item
780 1958 948 2030 tabernae
983 1958 1072 2031 duae
1106 1960 1276 2033 habentes
1313 1980 1436 2051 agros,
1476 1960 1558 2031 item
1591 1958 1792 2051 hortularia

233 2079 370 2151 habens
396 2097 519 2171 agros,
545 2080 732 2171 dequibus
759 2081 918 2153 omnibus
944 2081 1092 2153 solvitur
1117 2087 1154 2153 et
1177 2082 1381 2155 conducitur
1408 2082 1540 2153 decima
1566 2080 1791 2171 manipularis

234 2206 275 2271 et
301 2200 477 2291 canapalis
502 2222 567 2292 pro
595 2202 839 2292 praepositura
864 2201 1088 2293 Kyelczensi,
1123 2206 1159 2273 et
1185 2203 1284 2275 valor
1310 2204 1386 2275 eius
1412 2204 1615 2274 aestimatur
1642 2201 1687 2274 ad
1713 2208 1791 2273 octo

233 2340 385 2393 marcas.
427 2323 516 2394 Item
535 2329 618 2395 sunt
634 2319 684 2395 ibi
702 2324 770 2395 duo
789 2323 933 2413 praedia
950 2324 1129 2415 militaria,
1156 2344 1261 2395 unum
1280 2323 1503 2396 Prandothae
1529 2323 1792 2414 Konynslry,

234 2443 365 2535 dequo
384 2443 574 2515 decImatnr
588 2445 754 2517 ecclesiae
771 2445 963 2535 parochiali
981 2445 1017 2515 in
1034 2444 1329 2536 Schidlowye
1340 2466 1406 2535 cz;
1426 2450 1462 2517 et
1475 2430 1577 2517 ralor
1595 2445 1670 2517 eius
1689 2445 1792 2515 aesti-

234 2572 354 2636 matur
380 2565 425 2636 ad
451 2587 555 2637 uuam
582 2587 810 2656 sexagenum
837 2565 1147 2657 aliudRaphaelis
1174 2565 1515 2657 Ohlewiczsky,
1543 2566 1673 2657 dequo
1700 2565 1793 2637 deci-

233 2692 354 2758 matur
379 2688 543 2759 ecclesiae
578 2688 771 2779 parochiali
803 2677 838 2758 in
866 2687 1160 2780 Ghlewyska,
1188 2688 1285 2761 cuius
1312 2689 1411 2761 valor
1438 2688 1483 2761 ad
1510 2709 1613 2760 unam
1640 2707 1791 2759 marcam

235 2808 456 2879 aestimatur.
1144 2878 1147 2889 .

342 2928 616 3021 Transrenanum,
642 2930 726 3002 villa
752 2931 816 3001 suh
834 2930 1000 3020 parochia
1026 2928 1070 3001 de
1095 2928 1289 3003 Pawlow
1317 2930 1394 3021 sita,
1422 2931 1519 3003 cuius
1545 2930 1670 3002 haeres
1687 2928 1791 3001 Anna

234 3050 362 3121 relicta
388 3050 554 3123 Stanislai
589 3049 922 3141 Grusczinsky‚
958 3050 1031 3121 filia
1064 3050 1236 3123 Johauuis
1273 3049 1560 3143 Gnyewosii,
1595 3052 1721 3123 nobilia
1749 3050 1792 3121 de

234 3172 340 3243 domo
367 3162 578 3263 amaya.
621 3173 662 3243 Iu
682 3194 751 3263 qua
777 3180 859 3245 sunt
885 3179 963 3246 octo
990 3174 1083 3245 lanei
1110 3174 1364 3263 memorales,
1400 3174 1484 3245 item
1512 3172 1600 3246 duae
1626 3174 1792 3244 tabernae
1915 3164 1925 3177 '

233 3293 409 3366 hahentes
436 3315 550 3385 agros,
576 3294 662 3366 item
688 3316 759 3366 nna
788 3295 1008 3386 hortulania,
1039 3296 1083 3402 de
1102 3296 1228 3387 quihus
1247 3294 1428 3386 perceptio
1446 3295 1599 3367 decimae
1625 3293 1795 3366 diversifi-

233 3421 348 3505 catur,
374 3418 467 3488 inter
492 3418 731 3508 praepositum
757 3416 1020 3509 Kyelczieusem
1046 3425 1083 3490 et
1109 3419 1309 3508 episcopum
1337 3415 1617 3506 Cracoviensem3
1643 3436 1722 3488 nam
1750 3415 1793 3486 de

233 3545 388 3629 quatuor
413 3539 525 3610 laneis
551 3538 743 3611 decimatur
769 3523 806 3610 et
831 3560 901 3610 uua
926 3539 1075 3612 taberna
1100 3561 1165 3630 pro
1192 3521 1354 3629 episcopo
1381 3537 1613 3628 Oraooriensi,
1640 3543 1677 3609 et
1695 3537 1793 3610 valor

233 3660 384 3732 eiusad
412 3661 563 3752 quinque
592 3681 727 3732 marcas
754 3661 969 3763 aestimatur,
996 3662 1039 3731 de
1066 3662 1145 3732 aliis
1172 3681 1255 3732 vero
1283 3665 1434 3750 quatuor
1460 3680 1524 3750 pro
1551 3659 1793 3750 praepositura

232 3779 451 3873 Kyelczensi.
495 3782 583 3853 item
610 3788 665 3853 est
690 3783 740 3854 ibi
772 3804 878 3854 unum
905 3782 1086 3872 praedium
1121 3783 1289 3872 militare,
1325 3781 1369 3852 de
1396 3781 1494 3852 cuius
1521 3780 1615 3869 agris
1643 3779 1792 3851 solvitur

232 3903 370 3976 decima
395 3923 459 3993 pro
476 3903 623 3975 ecclesia
647 3905 684 3974 iu
702 3903 905 3993 Paulum,
933 3905 1032 3976 cuius
1058 3903 1158 3976 valor
1185 3903 1388 3974 aestimatur
1415 3900 1564 3974 adduas
1591 3919 1735 3973 marcas.

342 4024 670 4116 KorszrwucmA,
689 4025 772 4098 villa
797 4026 862 4097 sub
880 4025 1045 4115 parochia
1065 4025 1108 4096 de
1127 4025 1247 4098 Paul
1258 4045 1319 4096 ow
1337 4023 1415 4115 sita,
1434 4023 1530 4095 cuius
1549 4023 1672 4094 haeres
1690 4020 1792 4092 Arma

234 4147 362 4218 relicta
395 4146 559 4247 Stanislai
585 4144 936 4239 ,Grusczinsky,
971 4146 1044 4218 lilia
1080 4145 1250 4218 Iohannis
1285 4143 1571 4237 Gnyewosii,
1597 4143 1723 4228 nobilis
1750 4143 1793 4214 de

236 4268 346 4350 domo,
378 4267 566 4370 Sflgrnya.
607 4269 647 4340 lu
683 4290 751 4359 qua
786 4274 867 4341 sunt
894 4274 973 4340 octo
1000 4268 1094 4340 lanei
1121 4267 1374 4357 emethonales,
1401 4267 1484 4338 item
1511 4266 1600 4338 duae
1626 4266 1793 4338 tabernae

233 4390 407 4462 hahentes
433 4411 545 4480 agros,
572 4391 656 4462 item
683 4411 756 4462 nna
779 4391 988 4481 hortulanis,
1015 4389 1210 4480 dequibus
1237 4389 1414 4480 perceptio
1443 4387 1595 4460 decimae
1622 4385 1792 4488 diversifi-

178 4603 184 4613 .
235 4516 355 4600 catur,
381 4512 475 4582 inter
510 4513 746 4602 praepositum
772 4511 1019 4603 Kyelczensem
1046 4517 1083 4582 et
1109 4513 1310 4602 episcopum
1337 4509 1618 4598 Gracoviensem3
1644 4527 1724 4580 nam
1751 4507 1794 4578 de

237 4638 389 4723 quatuor
415 4633 525 4707 laneis
552 4634 744 4711 decimatur
764 4640 806 4704 et
832 4656 903 4706 uua
928 4634 1083 4724 tahema,
1111 4653 1176 4723 pro
1205 4633 1367 4724 episcopo
1394 4630 1625 4720 Oracoviensi,
1644 4628 1795 4716 etvalor

236 4755 314 4826 eius
341 4756 547 4828 aestimatur
572 4755 617 4826 ad
643 4757 795 4847 quidque
822 4775 968 4844 marcas,
994 4756 1038 4827 de
1064 4755 1144 4826 aliis
1171 4775 1254 4828 vero
1282 4759 1433 4845 quatuor
1459 4773 1522 4843 pro
1549 4752 1794 4842 praepositura

235 4875 451 4966 Kyelczensi.
477 4877 566 4948 Item
593 4882 647 4949 est
672 4879 721 4950 ibi
747 4898 854 4949 unum
880 4877 1060 4972 praedium
1087 4877 1257 4966 militare,
1285 4875 1328 4946 de
1355 4868 1454 4946 cuius
1480 4875 1574 4964 agris
1602 4873 1794 4945 decimatur

237 5019 303 5088 pro
330 4977 538 5070 0001001010
564 4997 767 5089 Pawlorr,
793 4999 891 5070 cuius
916 4998 1015 5070 valor
1042 4999 1247 5069 aestimatur
1274 4996 1318 5068 ad
1346 4994 1431 5067 duas
1457 5015 1602 5068 marcas.

341 5119 538 5211 iaanenu,
565 5120 648 5192 villa
675 5121 739 5192 sub
765 5120 932 5210 parochia
958 5120 1002 5190 de
1027 5119 1222 5192 Pawlow
1249 5119 1335 5209 sita,
1363 5118 1462 5190 cuius
1488 5118 1612 5189 haeres
1638 5115 1793 5207 Raphael

238 5240 599 5333 Ohlyewyczslry
624 5242 668 5318 de
695 5242 796 5314 domo
822 5240 1144 5314 Odrowansch.
1171 5241 1211 5312 In
1240 5261 1307 5331 qua
1325 5245 1407 5312 sunt
1425 5243 1574 5331 quatuor
1591 5237 1683 5310 lanei
1701 5257 1793 5310 ome·
1916 5297 1919 5303 .

237 5363 417 5453 thonales,
444 5364 487 5435 de
515 5365 640 5455 quibus
676 5365 823 5437 solvitur
849 5364 1117 5464 etlconduoitur
1144 5364 1277 5435 decima
1304 5362 1529 5452 manipularis
1556 5366 1592 5433 01
1619 5359 1793 5450 canapalis

238 5505 303 5575 pro
329 5486 574 5575 praepositura
607 5486 843 5578 Kyelczieusi,
871 5492 907 5558 et
933 5483 1032 5558 valor
1068 5485 1143 5556 eius
1170 5484 1376 5556 aestImatur
1403 5483 1447 5555 ad
1475 5488 1626 5574 quatuor
1650 5501 1793 5552 marcas.

238 5606 327 5678 Item
353 5629 422 5678 non
449 5614 506 5680 est
531 5608 581 5680 ibi
607 5608 747 5699 aliquod
774 5608 954 5703 praedium
980 5607 1141 5697 militare,
1169 5627 1237 5678 uon
1266 5611 1347 5698 sunt
1373 5605 1550 5692 tabernae,
1578 5625 1696 5694 neque·
1712 5603 1793 5674 hor-

237 5727 403 5800 tulauiae.
