4550 6600
1725 814 1798 890 531

245 1010 342 1084 duas
363 1032 572 1104 sexagenas,
598 1019 636 1086 et
662 1013 707 1086 ad
734 1020 884 1105 quatuor
910 1016 1105 1108 aliquando.
1148 1018 1238 1091 Item
1264 974 1432 1093 tabernae
1458 1042 1528 1093 non
1555 1024 1652 1112 sunt,
1688 996 1799 1116 necue

246 1134 433 1225 praedium
459 1134 609 1227 aliquod,
634 1136 717 1207 item
743 1136 972 1210 hortulaniae.

355 1254 562 1348 Manoszn,
597 1258 681 1330 villa
717 1259 781 1331 suh
808 1260 975 1350 parochia
1009 1259 1053 1333 de
1079 1258 1264 1354 Goryne
1292 1264 1374 1355 sita,
1410 1264 1507 1337 cuius
1534 1266 1729 1357 proprietas
1757 1268 1803 1355 ad
1930 1258 1932 1270 ¹

244 1376 520 1449 illustrissimum
546 1378 712 1451 Poloniae
739 1400 856 1471 regem
883 1382 1045 1471 pertinet.
1089 1382 1130 1454 In
1159 1404 1227 1475 qua
1253 1405 1322 1455 non
1349 1390 1430 1456 suut
1457 1386 1684 1460 dimensurati
1708 1388 1802 1462 lanei

245 1498 499 1589 cmethonales,
525 1500 587 1571 sed
598 1502 681 1592 agri
708 1502 836 1591 passIm
862 1523 926 1594 per
942 1508 1126 1576 venatores
1153 1506 1269 1596 regios
1288 1506 1457 1599 coluntur,
1484 1508 1671 1599 dequibus
1698 1508 1829 1582 datur.

244 1620 476 1711 maqunlaris
501 1621 651 1713 decima,
687 1628 723 1695 et
748 1632 812 1714 per
839 1630 988 1715 quatuor
1017 1626 1156 1716 ierugas
1184 1628 1359 1718 canapalis
1386 1628 1594 1701 scholastice
1621 1630 1801 1703 Sandomi-

244 1740 367 1832 riensi,
393 1749 430 1814 et
446 1742 547 1814 valor
564 1742 638 1815 eius
656 1744 862 1816 aestimatur
880 1744 925 1816 ad
943 1745 1028 1817 duas
1047 1766 1247 1838 sexagenas.
1286 1748 1376 1820 Item
1394 1749 1489 1821 n‘ulla
1507 1756 1562 1823 est
1580 1750 1629 1822 ibi
1646 1752 1706 1824 tab
1717 1772 1801 1847 erne

245 1869 312 1935 aut
338 1864 556 1955 hortulauIa,
582 1864 667 1937 item
693 1865 826 1937 nullum
851 1867 1031 1957 praedium
1059 1872 1113 1939 est
1137 1868 1197 1941 ihi.

354 1984 572 2077 Puaszrrow,
599 1986 684 2058 villa
701 1987 765 2059 sub
782 1986 949 2079 parochia
967 1988 1010 2059 de
1029 1986 1174 2061 Gorin
1184 2010 1236 2081 ye
1263 1990 1340 2082 site,
1368 1992 1465 2063 cuius
1483 1992 1607 2065 haeres
1635 1992 1800 2066 Nicolaus

245 2104 547 2198 Voscquslry
573 2107 616 2179 de
642 2108 748 2180 armis
784 2090 1021 2181 Habdaulr.
1059 2110 1100 2181 Iu
1128 2132 1198 2202 qua
1225 2118 1306 2183 sunt
1341 2112 1433 2186 lanei
1470 2114 1722 2206 cmethonales,
1759 2114 1803 2187 de

244 2227 376 2318 quibus
402 2229 551 2301 solvitur
570 2230 711 2302 ‘decima
735 2230 981 2323 manipularis,
1008 2236 1044 2303 et
1070 2252 1134 2323 per
1158 2240 1307 2324 quatuor
1334 2234 1472 2326 lerugas
1499 2237 1674 2328 canapalis
1702 2238 1802 2311 scho-

244 2347 393 2421 lastriae
420 2349 701 2423 Saudomirieusi.
727 2352 815 2424 Item
833 2352 882 2424 ibi
900 2354 1080 2445 tabernae,
1107 2354 1192 2425 item
1210 2354 1446 2449 hortulaniae,
1472 2358 1556 2429 item
1575 2358 1754 2449 praedium
1757 2414 1801 2430 .....

355 2471 538 2565 annon,
565 2473 649 2545 villa
676 2474 740 2545 sub
758 2474 925 2565 parochIa
951 2473 994 2546 dc
1023 2473 1217 2568 Gorynye
1244 2474 1322 2568 sita,
1350 2478 1446 2549 cuius
1472 2478 1597 2551 haeres
1624 2479 1802 2553 Iohannes

245 2591 498 2667 Zauaczslr
507 2616 530 2687 y
556 2595 600 2666 de
627 2596 734 2668 armis
761 2594 997 2687 Habdanlr.
1023 2596 1064 2667 Iu
1083 2618 1152 2688 qua
1170 2598 1349 2670 duodecim
1368 2599 1462 2672 lanei
1489 2602 1732 2693 cmethonales,
1759 2601 1803 2674 de

245 2715 376 2805 quibus
403 2716 561 2788 omnious
589 2716 738 2789 soluitur
763 2722 799 2790 et
825 2718 1030 2790 conducitur
1061 2718 1195 2793 decIma
1221 2720 1465 2813 manipularis,
1502 2726 1537 2793 et
1562 2744 1625 2813 per
1653 2709 1811 2814 quatuor

245 2837 388 2928 ierugss
415 2838 591 2929 canapalis
617 2838 846 2913 scholastriae
871 2838 1166 2931 Sandomirieusi,
1203 2846 1238 2913 et
1264 2842 1363 2914 valor
1389 2842 1463 2914 eius
1491 2843 1534 2914 ad
1555 2900 1561 2914 .
1582 2898 1589 2914 .
1609 2899 1643 2915 ..
1670 2826 1803 2916 marcas

247 2959 467 3030 aestimatur.
501 2959 590 3031 Item
617 2965 699 3032 suut
725 2960 774 3032 ibi
800 2960 891 3039 duae
921 2961 1089 3033 tahemae
1119 2962 1292 3035 'hahentes
1319 2983 1439 3055 agros,
1475 2964 1558 3035 Item
1585 2966 1803 3037 hortulaniae

246 3085 402 3170 quatuor
438 3081 607 3153 habentes
643 3103 765 3173 agros,
799 3081 995 3174 dequibus
1032 3082 1191 3156 omnibus
1228 3082 1377 3156 solvitur
1404 3084 1536 3157 decima
1571 3086 1797 3177 manipularis

126 3190 132 3212 ⁸
246 3202 479 3274 scholastriae
505 3204 541 3275 in
566 3200 783 3301 penituerunt.
808 3204 898 3276 Item
924 3208 979 3276 est
1005 3204 1053 3277 ibi
1080 3204 1219 3277 unicum
1237 3204 1418 3296 praedIum
1444 3206 1606 3300 militare,
1635 3208 1677 3280 de
1705 3209 1803 3281 cuius

247 3324 347 3415 agris
374 3325 567 3398 decimatur
592 3326 768 3418 manipulo
795 3327 961 3400 ecclesiae
987 3324 1180 3418 parochiali
1208 3329 1243 3400 iu
1271 3327 1527 3423 Gorzynye.

356 3441 551 3540 Brawczu,
577 3448 661 3521 villu
687 3449 752 3521 sub
778 3449 945 3540 parochia
971 3449 1138 3522 ecclesiae
1166 3451 1208 3523 dc
1230 3441 1451 3546 ¹(iorpnye
1479 3455 1564 3544 sita,
1599 3451 1695 3526 cuius
1722 3435 1804 3526 hae-

246 3569 354 3641 redes
381 3569 545 3643 Nicolaus
572 3575 609 3642 et
634 3569 827 3644 Stanislaus
853 3571 897 3643 de
924 3573 1031 3643 armis
1066 3571 1278 3646 Nalancz.
1315 3575 1354 3656 In
1383 3597 1451 3666 qua
1479 3581 1561 3647 sunt
1595 3575 1687 3647 lanei
1715 3595 1804 3647 cmc·

247 3689 430 3784 thouales,
464 3691 660 3784 dequibus
693 3693 852 3769 omnihus
888 3693 1036 3766 solvitur
1071 3693 1205 3767 decima
1239 3696 1465 3786 manipularis
1493 3703 1529 3768 et
1555 3718 1619 3787 per
1645 3703 1805 3788 ,quatuor

246 3812 392 3902 ierugas
417 3814 595 3904 canapalis
623 3813 831 3886 scholastiue
858 3812 1141 3906 Saudomirieusi,
1169 3819 1204 3887 et
1222 3817 1320 3888 valor
1346 3817 1420 3889 eius
1447 3819 1655 3888 aestimatur
1681 3819 1725 3888 ad
1748 3875 1783 3889 ..

113 3983 121 3992 -
247 3933 340 4006 Item
365 3936 534 4008 taberme
560 3936 628 4027 ibi,
655 3936 739 4008 item
765 3935 1004 4026 hortulaniae;
1030 3937 1114 4008 item
1141 3937 1319 4028 praedium
1347 3939 1401 4011 ibi
1424 3945 1478 4012 cst
1504 3963 1610 4012 unum
1643 3941 1803 4033 militare,

248 4055 297 4127 de
323 4056 421 4129 cuius
447 4057 542 4148 agris
569 4057 762 4130 decimatur
787 4057 954 4132 ecclesiae
980 4058 1017 4128 in
1044 4055 1268 4152 Gorynye.
1556 4142 1562 4158 „

357 4176 574 4251 Gonmsznn
600 4177 757 4270 WourA,
784 4179 868 4252 villu
885 4179 951 4251 sub
976 4180 1143 4271 parochia
1162 4179 1205 4252 de
1224 4179 1411 4274 Gorynye
1439 4185 1524 4274 sita,
1553 4185 1650 4255 cuius
1677 4185 1800 4257 haeres

247 4297 429 4400 Iohannes
456 4299 694 4392 Sbanszky
721 4300 893 4373 dedomo
928 4300 1140 4374 Nalancz.
1180 4302 1221 4374 In
1249 4325 1317 4396 qua
1343 4283 1434 4375 lanei
1471 4306 1726 4396 cmethonales,
1761 4291 1803 4378 de

248 4421 377 4514 quibus
403 4421 538 4494 decima
563 4422 789 4513 manipularis
815 4422 982 4514 solvitur,
1018 4429 1055 4495 et
1080 4444 1145 4515 per
1172 4429 1321 4516 quatuor
1348 4427 1487 4518 ierugas
1516 4427 1709 4518 canapaliS,
1738 4448 1800 4517 pro

247 4543 461 4616 scholastria
487 4542 776 4636 Saudomirieusi,
813 4545 910 4617 cuius
936 4544 1035 4617 valor
1061 4545 1267 4618 aestimatur
1293 4547 1338 4618 ud
1357 4602 1523 4619 .......
1559 4549 1647 4620 Item
1674 4549 1723 4618 ibi
1750 4553 1802 4618 ta·
1879 4565 1882 4575 ·

247 4664 381 4737 barnae
406 4664 492 4737 item
517 4663 758 4756 hortulaniae;
792 4666 877 4739 item
904 4672 959 4738 est
984 4665 1165 4757 praedium
1191 4665 1241 4740 ibi
1267 4668 1405 4740 unicum
1431 4667 1601 4760 militare,
1638 4668 1680 4742 de
1708 4669 1803 4740 cuiu-

249 4786 353 4877 agris'
373 4785 565 4860 decimatur
582 4841 724 4859 ......
1138 4871 1155 4888 f

954 4907 1111 4982 Szucrrn.

355 5025 452 5101 Villa
477 5028 611 5102 habeus
637 5027 673 5100 in
691 5050 730 5102 se
747 5028 927 5101 ecclesiam
953 5029 1189 5121 parochialem
1215 5029 1374 5123 ligneam,
1403 5031 1507 5112 Sanct
1526 5089 1533 5104 .
1552 5089 1559 5105 .
1579 5089 1612 5105 ..
1640 5033 1800 5126 dicatam,
1882 5079 1889 5085 -

251 5149 350 5223 cuius
384 5134 582 5242 proprietas
613 5149 659 5222 ad
683 5149 955 5223 illustrissimum
990 5149 1156 5223 Poloaiae
1191 5163 1309 5242 regem
1344 5153 1505 5244 pertinet.
1548 5149 1686 5247 Inque
1721 5159 1802 5226 siunt

250 5277 385 5363 septem
412 5272 505 5344 lanei
532 5271 785 5364 cmethonales,
821 5271 1016 5364 dequibus
1052 5271 1202 5344 solvitur
1228 5278 1265 5345 et
1292 5273 1496 5348 conducitur
1532 5278 1664 5348 decima
1694 5277 1802 5348 mani·
1900 5298 1902 5306 '

249 5393 389 5486 palaris
412 5398 448 5465 et
474 5391 649 5484 cauapalis
685 5392 864 5465 custodIae
898 5383 1188 5483 Sandomirie’nsi,
1224 5399 1261 5465 et
1285 5395 1385 5466 valor
1416 5397 1491 5468 eius
1527 5399 1730 5469 aestimatur
1757 5395 1802 5468 ad

251 5519 403 5607 quatuor
427 5533 570 5587 marcas.
595 5513 685 5585 Item
712 5518 794 5602 sunt
819 5513 869 5585 ibi
895 5519 968 5585 tres
994 5512 1179 5603 tabernae,
1208 5513 1252 5585 ad
1279 5517 1529 5606 proprietatem
1556 5517 1696 5609 plebani
1724 5539 1801 5610 spe·
1855 5511 1859 5518 ’

251 5643 406 5728 muta,
433 5635 495 5707 sed
521 5655 591 5708 nou
617 5635 748 5708 habent
766 5655 883 5726 agros,
910 5641 947 5706 et
963 5655 1034 5707 una
1052 5633 1156 5706 solvit
1157 5688 1202 5706 .....
1234 5635 1321 5706 Item
1350 5644 1431 5726 suut
1457 5639 1506 5711 ibi
1534 5641 1609 5730 agri
1636 5615 1801 5712 ecclesiae

251 5765 289 5832 et
315 5763 427 5849 prata,
453 5777 518 5848 pru
545 5757 682 5847 plebani
709 5756 852 5846 praedio
879 5761 915 5827 et
934 5757 1151 5829 necessitate.
1177 5755 1265 5828 Item
1292 5759 1511 5832 hortulaniae
1538 5761 1585 5832 ibi
1613 5783 1680 5833 non
1710 5769 1801 5836 sunt.
