4550 6600
349 744 351 751 '
465 764 539 837 244

462 992 525 1060 pro
563 970 722 1058 episcopo
760 965 1000 1053 Craeouiensi,
1029 968 1071 1035 et*
1099 965 1197 1034 valor
1235 965 1386 1053 quinque
1423 982 1626 1033 marcarum.
1666 963 1754 1033 Item
1789 964 1837 1034 ibi
1865 967 2019 1035 nonest

437 1062 648 1181 praedium,
676 1110 787 1177 neque
816 1066 1056 1174 molendinum,
1085 1085 1179 1155 nulla
1207 1085 1362 1173 taberna,
1390 1084 1492 1176 nulla⁸
1512 1092 1575 1153 est
1593 1083 1798 1153 lrortulania.

562 1207 787 1295 triarnum,
816 1206 899 1275 uilla
926 1206 989 1274 sulr
1017 1204 1181 1294 parochia
1209 1204 1251 1274 de
1279 1203 1593 1293 Uyanowyczo
1620 1203 1704 1290 sita,
1732 1203 1828 1272 cuius
1855 1204 2020 1292 proprie-

459 1336 514 1399 tas
543 1328 586 1398 ad
616 1326 893 1397 sanctimoniales
922 1324 1095 1415 praelatas
1123 1325 1284 1414 pertinet.
1312 1324 1351 1393 ln
1380 1344 1448 1413 qua
1476 1331 1556 1394 suut
1582 1323 1674 1393 lanei
1702 1322 1948 1411 emethunaleS,
1972 1323 2020 1391 de

462 1450 587 1539 quibus
624 1448 770 1519 soluitur
806 1447 938 1517 decima
966 1445 1174 1535 pecunialiS,
1202 1445 1245 1515 de
1273 1443 1427 1535 quolibet
1454 1445 1554 1515 laneo
1581 1465 1644 1534 per
1671 1444 1840 1514 fertonem
1867 1444 2024 1513 latorum

461 1592 658 1660 grossorum
696 1589 758 1657 pro
795 1568 956 1658 episeopo
992 1566 1233 1655 Cracoviensi3
1271 1567 1351 1637 item
1390 1570 1443 1635 est
1475 1565 1524 1635 ibi
1551 1565 1710 1635 scoltetia
1737 1561 1868 1635 lraliens
1894 1585 2024 1653 agrurn

462 1713 522 1761 sou
549 1690 684 1759 laneum
713 1710 816 1759 unum
845 1665 1092 1778 tantummodo,
1122 1688 1165 1758 de
1193 1709 1261 1777 quo
1290 1687 1394 1757 soluit
1421 1687 1588 1757 decimam
1615 1708 1707 1776 pro.
1735 1742 1742 1755 .
1771 1741 1777 1755 .
1804 1686 1892 1757 llam
1910 1684 2027 1756 habet

462 1812 510 1883 ioi
539 1812 704 1882 scultetus
732 1810 821 1879 idern
851 1832 952 1880 unarn
980 1810 1161 1879 tabernam
1189 1814 1225 1879 et
1252 1807 1495 1879 molendinum.

565 1932 889 2018 Senrnnuczown,
917 1930 999 1999 villa
1026 1930 1089 2000 sub
1119 1930 1283 2019 parochia
1310 1929 1352 1999 de
1380 1929 1698 2019 Uyanuupcue
1725 1929 1801 2016 sita,
1820 1928 1917 1997 cuins
1937 1949 2028 2016 pru-

463 2050 595 2143 prietas¹
618 2052 661 2121 ad
689 2051 968 2121 sanctimoniales
997 2052 1159 2140 pertinet.
1186 2051 1226 2120 ln
1254 2072 1322 2140 qua
1349 2056 1403 2120 est
1421 2070 1509 2120 unus
1529 2049 1767 2120 tantummodo
1785 2049 1905 2119 laneus
1922 2070 2025 2117 erne·

462 2174 633 2262 thonalis,
660 2173 743 2243 item
780 2180 834 2243 est
870 2172 917 2243 ibi
954 2172 1113 2242 scultetia
1141 2172 1272 2243 habens
1299 2192 1403 2261 agros
1430 2171 1608 2261 proprius,
1636 2170 1679 2241 de
1706 2170 1832 2259 quibus
1859 2169 2032 2241 omnibus

462 2295 609 2365 soluitur
645 2294 834 2383 pecunialis
867 2292 998 2363 decima
1025 2314 1088 2383 pro
1116 2293 1278 2383 episcopo
1307 2291 1547 2383 Gracuviensi,
1575 2292 1617 2362 do
1644 2291 1800 2381 quolibet
1826 2292 1925 2362 laneo
1956 2312 2032 2381 per

461 2436 566 2485 ununr
594 2414 762 2485 fertonem
791 2414 937 2483 latorum
965 2434 1166 2503 grossorum
1193 2413 1430 2503 Pragensium.

566 2534 795 2623 llnnrosnn,
823 2534 904 2604 villa
931 2535 993 2605 sub
1022 2534 1188 2623 parochia
1215 2534 1257 2605 de
1285 2534 1602 2625 Uyanoupezu
1629 2536 1707 2623 sita,
1735 2534 1831 2603 cuius
1858 2534 2032 2604 haeredi-

462 2666 515 2728 tas
542 2656 585 2727 ad
614 2655 891 2727 sanctimoniales
919 2655 1080 2745 pertinet.
1109 2656 1149 2725 ln
1177 2676 1245 2746 qua
1272 2661 1352 2726 sunt
1380 2661 1528 2745 quatuor
1555 2654 1648 2726 lanei
1668 2654 1912 2742 cmutlronales,
1932 2654 2032 2724 item

436 2798 530 2849 >una
565 2776 723 2848 scoltetia
758 2777 889 2847 liabens
927 2798 1031 2848 unum
1068 2778 1203 2847 laneum
1240 2777 1410 2865 liberum,¹
1433 2776 1476 2846 do
1513 2777 1637 2866 quibus
1674 2776 1832 2846 omnibns
1868 2775 2032 2846 solvitur

460 2899 649 2988 pecunialis
676 2898 808 2969 decima
835 2920 897 2988 pru
926 2899 1087 2988 episcopo
1115 2898 1346 2986 Oraouviensi,
1366 2898 1409 2968 de
1428 2898 1582 2988 quolibet
1604 2898 1705 2968 laneo
1733 2917 1796 2987 per
1822 2918 1927 2967 unum
1946 2896 2032 2967 fer-

460 3025 576 3089 tonem
603 3019 752 3088 latorum
780 3039 981 3107 gnossururn
1009 3018 1251 3108 l'ragensinm3
1280 3019 1364 3089 item
1391 3024 1445 3089 est
1473 3018 1521 3089 ibi
1549 3039 1652 3088 nuum
1680 3017 1910 3089 molendinum
1929 3017 2034 3088 scul-

461 3140 545 3227 teti;
574 3140 656 3209 item
685 3158 752 3207 non
781 3144 862 3209 sunt
889 3138 1116 3228 lrortulaniae,
1145 3160 1257 3229 neque
1282 3140 1458 3211 tabernae.

566 3258 762 3347 linosznn,
793 3257 875 3329 uilla
904 3258 967 3329 sub
996 3258 1114 3330 eudem
1143 3260 1308 3350 parochia
1334 3260 1501 3334 ecclesiae
1528 3261 1571 3332 do
1598 3260 1629 3332 U
1639 3281 1796 3352 yanou
1806 3282 1910 3352 yczo
1941 3262 2034 3351 sita,

389 3470 393 3478 ι
463 3380 560 3450 cuius
593 3379 790 3469 proprietas
827 3379 869 3450 ad
898 3381 1177 3452 sanctimoniales
1204 3381 1377 3471 praefatas
1404 3383 1659 3454 Sandeczenses
1686 3383 1847 3472 pertinet.
1881 3383 1920 3452 ln
1951 3405 2034 3473 qua

463 3507 544 3570 sunt
560 3571 564 3578 ,
581 3501 730 3590 quinque
766 3500 856 3571 lanei
894 3501 1146 3591 orationales,
1175 3488 1264 3573 item¹
1293 3511 1347 3574 est
1374 3505 1423 3574 ioi
1449 3524 1520 3575 una
1547 3504 1725 3594 scoltetia,
1752 3504 1883 3574 habens
1909 3525 2032 3574 uuurn

462 3621 700 3692 tantunnnudo
729 3623 865 3693 laneurn
894 3623 1051 3712 liberum,
1080 3623 1121 3695 do
1151 3625 1275 3714 quibus
1303 3626 1460 3696 omnibus
1488 3625 1645 3732 solvitur⁸
1662 3626 1794 3696 decima
1821 3625 2033 3716 pecunialiS,

462 3763 654 3831 perunum
682 3743 849 3815 fertonem
878 3743 920 3814 de
948 3745 1103 3834 quolibet
1130 3745 1240 3835 laneo,
1269 3746 1417 3818 latorum
1445 3768 1645 3836 grossorum
1673 3746 1915 3836 Pragensium,
1944 3747 2030 3836 epi·

462 3864 618 3953 scopatui
646 3863 887 3952 (lracouiensi3
915 3867 997 3937 itern
1026 3873 1080 3937 est
1108 3867 1156 3937 ibi
1183 3889 1288 3938 unum
1307 3867 1540 3938 molendinum
1559 3867 1697 3939 scolteti
1716 3874 1751 3938 et
1769 3889 1838 3938 nna
1863 3867 2032 3938 taberna

568 3987 756 4074 Serranus,
785 3986 866 4056 villa
894 3988 958 4058 sub
987 3989 1152 4077 parochia
1178 3989 1222 4059 de
1249 3988 1565 4081 Uyanowyczo
1593 3990 1671 4079 sita,
1699 3990 1797 4060 cuins
1824 3988 2033 4079 proprietas

357 4197 362 4200 -
462 4113 497 4174 et
525 4104 711 4174 dominium
741 4107 892 4195 pertinet
918 4107 962 4177 ad
991 4110 1270 4180 sanctimoniales
1297 4109 1561 4182 Sandeczenses.
1598 4111 1638 4181 ln
1666 4133 1734 4201 qna
1761 4116 1843 4182 sunt
1868 4110 2032 4202 quinque

462 4224 552 4293 lanei
589 4224 844 4314 ernetlronales,
873 4227 954 4298 item
992 4236 1046 4299 ost
1085 4231 1132 4300 ibi
1160 4252 1248 4302 nnus
1275 4231 1461 4320 scultetus,
1488 4231 1621 4302 habens
1646 4253 1770 4321 agrum
1795 4253 1856 4302 sen
1881 4231 2030 4302 laneum

462 4365 566 4414 unum
595 4344 751 4434 liberum,
778 4346 820 4417 de
850 4348 975 4437 quibus
1002 4351 1160 4422 omnibus
1188 4351 1336 4422 solvitur
1363 4360 1398 4423 et
1416 4352 1621 4423 conducitur
1639 4353 1772 4423 decima
1790 4331 2028 4442 manipularis

462 4471 498 4534 et
526 4464 702 4554 canapalis
738 4487 802 4556 pru
830 4469 992 4561 episeopo
1020 4471 1261 4563 Cracoviensi,
1288 4479 1324 4544 et
1352 4473 1450 4544 valor
1475 4473 1680 4544 aestimatur
1706 4473 1750 4544 ad
1778 4494 1838 4544 sea
1865 4492 2030 4562 marcas;

465 4585 550 4656 item
577 4592 630 4656 est
658 4585 706 4657 ibi
734 4608 837 4660 unum
867 4591 1098 4666 molendinum
1126 4603 1162 4666 et
1190 4615 1258 4666 una
1284 4595 1431 4666 taberna
1458 4594 1637 4666 scoltetiac
1664 4595 1826 4666 eiusdem.

1100 4717 1380 4789 Scarannraea

576 4825 668 4897 Villa
703 4829 834 4904 habens
872 4836 907 4908 in
944 4860 980 4910 se
1018 4839 1251 4930 parochialem
1287 4837 1468 4909 ecclesiam
1504 4838 1672 4926 ligneam,
1700 4837 1826 4908 Sancto
1854 4834 2027 4910 Andreae

320 5012 327 5022 .
422 5047 425 5052 Ι
461 4947 632 5037 Apostolo
660 4949 826 5045 dicatam,
854 4959 950 5031 cuius
978 4965 1177 5054 proprietas
1204 4968 1240 5034 et
1267 4959 1465 5032 haereditas
1493 4959 1645 5048 pertinet
1672 4958 1717 5028 ad
1743 4957 2027 5031 sanctimoniales

462 5067 504 5138 de
532 5068 727 5157 antiqua
754 5076 967 5154 Sandeez.
995 5085 1033 5156 ln
1063 5107 1130 5176 qua
1157 5090 1239 5156 sunt
1266 5081 1358 5154 lanei
1376 5079 1621 5168 emethonales,
1639 5079 1723 5150 item
1741 5079 1918 5167 tabernae,
1934 5078 2027 5151 item

461 5187 687 5279 lrortulaniao,
715 5193 758 5266 de
786 5200 909 5288 quibus
937 5208 1094 5280 ornnibus
1123 5205 1272 5278 solvitur
1299 5208 1334 5274 ot
1361 5199 1566 5274 conducitur
1584 5199 1718 5270 decimu
1735 5199 1961 5289 manipularis
1982 5208 2022 5272 et

461 5303 636 5397 canapalis
664 5332 727 5401 pru
755 5320 956 5413 episcopatu
984 5328 1217 5417 Gracuriensi,
1245 5327 1343 5398 cuius
1371 5323 1469 5396 valor
1488 5375 1635 5391 .....
1647 5376 1655 5409 ,
1682 5322 1767 5392 item
1794 5320 1843 5392 ibi
1870 5341 1938 5391 non
1965 5328 2027 5394 est

460 5425 600 5516 ali‘1¹¹⁰sl
628 5436 824 5531 lll'aediurn,
852 5445 912 5518 sed
940 5454 993 5520 ost
1021 5450 1182 5522 scoltetia
1210 5448 1343 5520 habens
1370 5465 1474 5535 agros
1500 5443 1678 5534 proprios,
1705 5441 1749 5512 de
1776 5441 1900 5531 quibus
1927 5439 2025 5512 deci-

342 5595 345 5609 .
459 5552 574 5618 matur
601 5549 746 5638 plebano
774 5561 902 5636 ibidenr
932 5569 967 5638 in
995 5571 1231 5660 Szedlccz,
1259 5567 1357 5665 cuius
1384 5565 1483 5636 valor
1510 5562 1715 5635 aestimatur
1741 5562 1821 5667 ed.
1849 5617 1891 5631 ..

565 5667 845 5778 Sunuwruoun,
873 5687 955 5758 villa
982 5691 1046 5768 sub
1074 5692 1239 5787 parochia
1267 5689 1310 5763 de
1329 5685 1585 5778 sayoulecz
1613 5684 1690 5776 sita,
1708 5683 1808 5756 cuius
1825 5682 2024 5777 proprietas
