4550 6600
1688 792 1762 871 307

208 998 317 1075 solvit
345 1000 506 1095 episcopo
533 996 765 1093 ilracoviensi3
791 998 874 1076 item
902 1007 955 1075 est
982 1000 1031 1076 ibi
1057 999 1246 1095 praedium,
1273 1008 1353 1095 post
1372 1002 1468 1076 cuius
1495 1002 1589 1096 agris
1617 1006 1766 1079 solvitur

207 1125 347 1195 decima
372 1124 598 1216 manipularis
625 1124 856 1197 ecclesiaet
820 1132 856 1197 et
883 1131 959 1197 cust
944 1125 1096 1197 todiae'
1086 1147 1122 1195 m
1150 1124 1383 1217 Woynicz.

314 1244 486 1335 Gabene,
512 1246 595 1317 villa
621 1243 685 1318 sub
713 1246 878 1337 parochia
905 1247 947 1319 de
973 1244 1189 1336 Woynicz
1216 1248 1560 1338 sita,quaeest1n
1587 1252 1765 1347 proventi-

207 1366 273 1438 bus
300 1368 565 1457 praepositurae
602 1341 778 1459 descripta
787 1424 795 1459 ‚
832 1374 912 1459 post
948 1368 1045 1441 cuius
1079 1366 1262 1461 praedium
1298 1368 1447 1441 decimat
1432 1374 1490 1440 tur
1526 1370 1739 1442 custodiae
1728 1394 1765 1441 ιιι

127 1552 132 1557 ,
208 1487 438 1580 Woynicz.
1399 1506 1402 1511 ’

314 1610 436 1682 Tertia
462 1612 498 1681 in
525 1608 744 1701 Woynicz
771 1595 971 1701 praelatura
998 1618 1052 1683 est
1079 1612 1295 1702 scholastria
1323 1633 1412 1703 quac
1439 1613 1566 1683 eteius
1593 1634 1658 1703 pro
1676 1619 1764 1683 tem·

208 1750 292 1820 pore
320 1732 557 1821 scholasticus,
586 1731 630 1802 ad
658 1752 774 1803 curam
803 1733 993 1804 animarum
1012 1739 1048 1804 et
1065 1726 1214 1805 officium
1241 1734 1405 1805 boramm
1432 1736 1467 1804 in
1495 1734 1640 1807 ecclesia
1658 1734 1765 1824 Woy-

209 1853 364 1924 uicz'ensi
392 1853 617 1945 explendum,
654 1855 743 1925 sicut
770 1860 805 1925 et
833 1855 962 1926 caeteri
987 1855 1186 1927 beneficiati
1212 1856 1257 1926 ad
1283 1857 1349 1928 hoc
1376 1857 1483 1928 erecti
1509 1863 1545 1927 et
1570 1855 1713 1946 fundati,
1740 1877 1762 1925 a
1862 1925 1867 1937 ,

208 1975 330 2065 primis
357 1973 601 2048 fundatoribus
627 1980 682 2047 est
708 1976 861 2081 astriota3
890 1976 986 2049 cuius
1013 1976 1102 2066 tales
1129 1982 1210 2048 sunt
1236 1964 1434 2067 proventus:

312 2095 550 2187 Znuosczrn,
577 2097 780 2173 suburbium
808 2097 926 2187 oppidi
952 2096 1349 2188 praelatiWoynicz.
1374 2099 1417 2169 In
1443 2120 1510 2189 quo
1537 2098 1763 2171 scholasticus

209 2216 472 2309 Woyniczensis
500 2240 563 2308 pro
591 2217 673 2289 dote
700 2239 763 2289 sua
788 2219 896 2291 habet
922 2218 1103 2310 praedium
1129 2220 1277 2308 bonum,
1304 2220 1388 2290 item
1414 2220 1520 2291 habet
1547 2226 1582 2290 et
1607 2220 1764 2291 hortula-

122 2374 123 2377 ¹
210 2340 284 2410 nias
307 2345 475 2431 quatuor,
502 2346 538 2411 et
565 2340 739 2431 quaelibet
766 2340 870 2412 solvit
889 2394 1057 2410 .......
1088 2340 1175 2411 Item
1203 2340 1349 2431 quilibet
1375 2340 1513 2411 laborat
1538 2362 1645 2411 unum
1672 2341 1762 2438 diem
1847 2355 1850 2358 ’
1960 2326 1965 2332 ’

210 2461 244 2529 in
271 2461 480 2552 septimana.

312 2580 550 2673 Pnouoczrr,
578 2582 661 2654 villa
688 2582 751 2669 sub
779 2583 945 2673 parochia
971 2581 1013 2653 de
1040 2581 1074 2654 S.
1100 2581 1233 2655 Jacobo
1260 2585 1346 2674 sita,
1368 2583 1470 2655 'cuius
1496 2585 1693 2674 proprietas
1720 2587 1765 2658 ad

212 2758 380 2774 .......
407 2704 564 2776 relictam
592 2702 703 2776 Oocz
716 2724 834 2775 ware
870 2705 1020 2777 'consulis
1048 2704 1289 2777 Oracoviensis
1315 2706 1476 2795 pertinet.
1520 2706 1561 2776 In
1589 2728 1656 2798 qna
1682 2714 1766 2779 sunt

211 2826 298 2929 lanei
326 2825 571 2916 emethonales,
596 2827 681 2897 item
706 2827 883 2916 tabernae,
903 2827 994 2917 item
1021 2826 1258 2917 hortulaniao‚
1286 2827 1329 2897 de
1357 2828 1480 2918 quibus
1508 2830 1666 2901 omnibus
1694 2829 1763 2900 sol-

211 2949 302 3019 vitur
325 2952 365 3019 et
394 2947 596 3019 conducitur
623 2948 755 3019 decima
781 2946 1005 3037 manipularis
1023 2954 1060 3018 et
1077 2946 1299 3038 canapalis....;
1325 2949 1410 3019 item
1432 2954 1487 3019 est
1504 2948 1552 3020 ibi
1570 2949 1763 3039 praedium,

212 3069 252 3139 de
286 3070 388 3140 cuius
424 3068 518 3159 agris
559 3068 706 3141 soluitur
746 3068 884 3145 decima·
917 3069 1145 3159 manipularis
1185 3069 1351 3141 ecclesiae
1388 3074 1424 3141 et
1460 3070 1686 3159 scholastriae
1726 3072 1762 3139 in

213 3189 439 3281 Woynicn

311 3313 518 3404 Rnrnowr,
554 3318 698 3385 vocatur
724 3313 903 3403 praedium
931 3314 1065 3404 regium
1092 3313 1185 3383 circa
1210 3310 1428 3403 Woy-nicz
1455 3313 1588 3403 situm,
1624 3314 1667 3384 de
1695 3337 1762 3405 quo

214 3431 405 3504 decimatur
430 3453 495 3524 pro
522 3433 765 3503 mansionariis
793 3439 941 3523 quatuor
976 3434 1012 3503 in
1038 3432 1277 3523 Woynicz;
1313 3433 1395 3503 item
1423 3438 1477 3504 est
1507 3433 1556 3503 ibi
1583 3434 1764 3522 praedium

213 3553 381 3645 militare,
417 3554 460 3625 de
487 3555 584 3625 cuius
612 3554 706 3644 agris
737 3553 933 3654 decimatur
968 3574 1032 3645 pro
1059 3553 1301 3625 mansionariis
1337 3555 1372 3623 in
1398 3553 1637 3645 Woynicz‚
1677 3556 1763 3626 item

214 3677 387 3767 quaelibet
413 3677 535 3748 domus
562 3675 621 3747 ubi
648 3675 797 3747 cervisia
816 3677 1030 3766 propinatur,
1058 3697 1119 3746 seu
1135 3675 1313 3765 quaelibet
1339 3676 1484 3745 taberna
1503 3676 1621 3765 oppidi
1639 3675 1762 3766 Woy-

213 3799 326 3890 nicz,
363 3803 504 3869 tenetur
531 3797 615 3868 dare
641 3817 706 3887 pro
734 3787 868 3869 duobus
895 3797 1026 3888 grossis
1057 3797 1241 3867 cervisiam
1268 3815 1332 3885 pro
1359 3797 1603 3866 mansionariis
1630 3817 1761 3866 annua-

213 3918 283 4009 tim3
308 3921 394 3991 item
413 3919 542 3992 habent
559 3917 729 4008 praedicti
747 3909 969 3989 mansionarii
988 3919 1023 3988 in
1043 3917 1170 4007 oppido
1197 3916 1434 4007 Woynicz,
1461 3922 1497 3987 et
1515 3917 1606 3987 circa
1624 3917 1762 3987 domum

213 4059 325 4132 suam,
360 4047 500 4133 pratum
528 4041 712 4132 optimum,
749 4040 841 4130 quod
868 4039 1052 4131 aliquando
1080 4059 1144 4129 pro
1171 4039 1301 4129 tribus²
1336 4038 1521 4129 aliquando
1557 4060 1625 4129 pro.
1648 4038 1763 4110 media

217 4167 336 4252 quarta
362 4163 518 4237 rendunt
542 4163 688 4235 marcis!

314 4285 403 4358 Sunt
429 4285 534 4357 etiam
560 4285 596 4355 in
623 4285 744 4356 eadem
771 4283 1014 4377 Woyniozensi
1049 4283 1196 4355 ecclesia
1226 4288 1375 4374 quatuor
1400 4282 1655 4354 mansionariae
1682 4303 1762 4374 per-

169 4439 179 4458 ·
218 4409 346 4498 petuae,
375 4427 463 4499 quae
489 4407 621 4480 habent
648 4406 798 4477 decimas
826 4405 861 4476 in
887 4405 979 4477 villis
1008 4405 1307 4496 subsequentibus:
1398 4382 1401 4393 i

304 4529 630 4621 umnorwrnsz,
667 4528 750 4600 villa
777 4527 840 4599 sub
867 4527 1033 4618 parocbia
1059 4527 1101 4597 de
1129 4525 1347 4619 Woynicz
1383 4527 1470 4616 sita,
1506 4527 1603 4597 cuins
1634 4525 1759 4596 haeres

218 4645 388 4723 lohannes
415 4649 767 4742 Wyelowyesky
802 4649 845 4720 de
872 4650 977 4720 armis
1011 4647 1257 4720 Polulroza.
1301 4649 1342 4718 In
1370 4669 1438 4739 qua
1464 4654 1544 4719 sunt
1579 4647 1696 4718 decem
1724 4651 1760 4716 et

219 4777 292 4843 octo
317 4773 408 4844 lanei
436 4771 688 4861 cmetbonales,
725 4771 809 4842 item
836 4770 923 4841 duae
950 4771 1117 4843 tabernae
1144 4771 1312 4841 habentes
1337 4789 1461 4860 agree,
1496 4771 1579 4839 item
1605 4769 1761 4839 hortula-

219 4891 292 4963 oiae
317 4894 484 4966 habentes
512 4913 631 4984 agros,
666 4893 751 4962 item
786 4891 966 4983 praedium
992 4891 1161 4979 militare,
1198 4889 1242 4960 de
1269 4889 1394 4979 quibus
1425 4889 1584 4960 omnibus
1611 4889 1760 4960 solvitur

219 5018 252 5082 et
285 5014 487 5088 conducitur
522 5014 656 5086 decima
690 5013 916 5104 manipularis
952 5015 987 5082 et
1023 5010 1198 5101 carrapalis
1237 5031 1302 5101 pro
1337 5011 1579 5082 mansionariis
1615 5009 1760 5100 Woyni-

218 5135 400 5208 mensibus
665 5219 668 5228 Δ

316 5251 647 5348 Μιιιιιιιιοιιιοιιι,
682 5257 765 5328 villa
792 5257 856 5328 sub
883 5254 1048 5346 parochia
1075 5251 1363 5345 deWoynicz
1390 5255 1476 5344 sita,
1512 5253 1609 5330 cuius
1626 5254 1758 5324 'baere-

197 5371 303 5449 'ditas
328 5378 372 5450 ad
398 5377 587 5451 lilizabeth‘
607 5377 981 5470 Milrolayowska
1007 5375 1168 5466 pertinet
1211 5375 1251 5444 ln
1279 5395 1348 5466 qua
1374 5381 1455 5446 sunt
1488 5375 1578 5445 lanei
1606 5375 1758 5445 emetho-

221 5495 538 5591 salesburiam
567 5501 672 5572 solvit
657 5505 714 5572 tur
750 5483 882 5571 decima
909 5497 1130 5587 manipularis
1159 5501 1195 5567 et
1222 5497 1396 5587 canapalis
1427 5517 1491 5587 pro
1518 5495 1774 5576 mansionariis·

221 5614 253 5685 ir
277 5617 511 5712 Woynicz3
546 5623 631 5692 item
658 5627 712 5692 est
739 5621 787 5692 ibi
814 5619 1012 5710 praedium,
1040 5619 1082 5689 de
1110 5637 1177 5767 quo
1205 5619 1354 5688 decimat
1339 5625 1397 5688 tur
1424 5618 1626 5689 ecclesiae
1617 5638 1654 5687 m
1680 5615 1759 5687 Mi-

222 5733 569 5814 kluscbouicze.
