4550 6600
508 782 585 863 484

610 1084 840 1193 Hospitalis.
882 1094 982 1172 Istud
1016 1094 1190 1190 hospitale
1227 1102 1368 1171 sanctae
1404 1092 1590 1170 memoriae
1617 1092 1846 1188 Sbignens
1874 1088 2063 1167 cardinalis

501 1230 539 1297 et
565 1224 747 1314 episcopus
773 1221 1013 1295 Oracoviensis
1045 1222 1141 1292 1452
1171 1242 1261 1293 anno
1288 1220 1428 1313 Domini
1454 1241 1518 1310 pro
1537 1220 1780 1291 recollectione
1807 1216 2062 1291 miserabilium

434 1387 437 1396 ·
501 1366 747 1437 personarum,
774 1365 973 1434 compassus
1007 1364 1124 1414 earum
1153 1343 1356 1434 calamitati,
1392 1342 1435 1413 de
1462 1362 1632 1414 consensu
1668 1341 1810 1432 capituli
1842 1340 1904 1411 sui
1931 1337 2061 1409 Graco

354 1457 358 1468 ’
502 1468 631 1540 viensis
659 1467 786 1556 erexit,
812 1465 972 1537 fundarit
998 1470 1033 1535 et
1050 1464 1199 1555 dotavit,
1226 1465 1321 1535 etin
1348 1464 1463 1537 dotem
1491 1466 1582 1554 eius,
1611 1463 1778 1535 decimam
1805 1460 2062 1551 manipularem

500 1595 538 1660 et
563 1588 780 1678 canapalem,
807 1586 852 1657 ad
879 1607 1032 1657 mensam
1059 1607 1158 1659 suam
1185 1586 1415 1678 episcopalem
1443 1587 1693 1676 pertinentem,
1726 1586 1761 1655 in
1780 1583 2064 1655 Parsthowa

500 1708 595 1780 Wol
606 1729 677 1799 ya,
712 1709 778 1779 sub
813 1709 978 1799 parocbia
1008 1708 1151 1785 lslzensi
1189 1708 1270 1799 sita,
1307 1707 1424 1781 decem
1460 1707 1579 1781 laneos
1616 1707 1815 1795 habentem,
1852 1703 2001 1775 donavit
2027 1708 2063 1773 et

502 1831 689 1921 inscripsit.

1189 1950 1375 2024 inuow.

605 2070 700 2144 Villa
725 2072 858 2144 habens
884 2072 921 2142 in
939 2092 977 2144 se
995 2072 1176 2143 ecclesiam
1203 2073 1437 2163 parochialem
1464 2072 1627 2162 ligneam,
1654 2068 1761 2146 Sanct
1779 2125 1786 2139 .
1806 2124 1814 2140 .
1835 2124 1869 2140 ..
1898 2069 2061 2155 dicatam,

502 2194 600 2267 cuins
618 2196 829 2285 proprietas,
857 2196 1118 2284 iuspatronatus
1146 2200 1182 2264 et
1201 2196 1312 2265 omnis
1331 2194 1478 2285 collatio,
1506 2194 1551 2265 ad
1570 2194 1730 2265 abbatem
1751 2198 1787 2263 et
1806 2190 2059 2263 monasterium

501 2314 649 2387 Sanctae
667 2314 789 2386 Crucis
807 2314 941 2387 Calvi
958 2316 1131 2387 montis
1150 2316 1315 2407 pertinet,
1335 2337 1437 2407 quam
1455 2314 1622 2406 magister
1639 2313 1792 2385 Michael
1811 2314 1855 2385 de
1873 2313 2062 2402 Lippye,

501 2443 585 2508 tunc
611 2438 719 2509 abbas
745 2437 950 2509 monasterii
975 2436 1143 2527 praefati,
1172 2459 1243 2527 pro
1270 2438 1354 2509 villa
1390 2438 1591 2509 monasterii
1628 2437 1682 2507 sui
1709 2434 1959 2526 Woyslaw,
1996 2434 2059 2507 sub
2138 2438 2144 2451 '

469 2613 473 2619 .
502 2558 669 2649 parochia
694 2558 738 2629 de
764 2539 1002 2650 Myelpccz
1029 2560 1115 2650 sita,
1144 2580 1222 2631 cum
1248 2559 1409 2631 Johannc
1436 2558 1734 2631 skrzantbka
1760 2557 2059 2647 Pawlowsky,

501 2680 610 2751 nobili
636 2680 805 2751 dedomo
832 2676 1112 2771 Godzamba,
1149 2680 1278 2753 additis
1306 2680 1475 2752 ducentis·
1493 2680 1641 2770 marcis,
1669 2678 1852 2769 cambivit,
1880 2678 2058 2749 meliorem

502 2802 734 2873 conditionem
770 2801 824 2870 sni
854 2802 1058 2873 monasterii
1084 2801 1288 2895 effecturus,
1325 2808 1361 2873 et
1387 2822 1476 2873 anuo
1509 2800 1650 2873 Domini
1672 2795 1776 2873 '1471
1807 2800 2058 2891 appropriavit

505 2922 546 2994 ln
574 2944 642 3013 qna
660 2928 741 2993 sant
766 2923 884 2993 decern
915 2923 1008 2995 lanei
1040 2912 1290 3013 cmetbonales,
1318 2924 1406 2995 item¹
1429 2923 1517 2995 duae
1545 2924 1713 2995 tabernae
1744 2924 1914 2995 habentes
1946 2941 2058 3011 agam,

501 3045 583 3114 item
608 3049 683 3114 tres
709 3044 930 3115 lrortnlauiae
948 3045 1117 3116 babentes
1144 3066 1261 3135 agros,
1289 3045 1372 3115 item
1390 3066 1496 3117 unum
1523 3044 1703 3135 praedium
1731 3043 1919 3134 dequibus
1949 3042 2057 3114 omui·

500 3164 566 3235 bus
593 3164 741 3236 solvitur
766 3171 803 3235 et
830 3165 1033 3239 conducitur
1065 3166 1199 3237 decima
1225 3165 1450 3257 manipularis
1482 3171 1519 3237 et
1545 3165 1722 3256 canapalis
1748 3148 1812 3255 pro
1841 3164 1991 3234 ecclesia
2026 3169 2057 3231 et

500 3285 649 3376 plebano
677 3287 713 3357 in
739 3280 944 3379 Paulos,
980 3294 1016 3362 et
1042 3288 1141 3361 valor
1168 3288 1243 3362 eius
1271 3288 1475 3360 aestimatur
1501 3287 1546 3360 ud
1577 3286 1757 3360 duodecim
1784 3307 1930 3360 marcas.
1971 3284 2056 3356 Item

489 3408 647 3478 ecclesia
674 3415 717 3479 et
751 3409 919 3499 plebanus
953 3411 1061 3482 habet
1094 3411 1144 3481 ibi
1181 3411 1347 3501 speciales
1384 3431 1487 3500 agros
1519 3411 1647 3482 liberos
1675 3414 1711 3480 et
1736 3414 1855 3500 prata,
1893 3427 1959 3499 pro
1995 3427 2057 3481 suo

501 3529 646 3620 praedio
673 3535 710 3600 et
735 3532 952 3602 necessitate.
995 3531 1083 3604 Item
1111 3533 1146 3602 in
1175 3529 1392 3604 haereditate
1419 3532 1522 3604 villae
1546 3585 1674 3622 ......
1710 3531 1773 3602 sub
1799 3551 1863 3602 sua
1891 3529 2058 3620 parocbia

500 3651 607 3741 sitae,
643 3647 750 3725 babet
776 3653 956 3742 praedium
982 3655 1153 3744 speciale,
1190 3654 1234 3726 de
1261 3654 1359 3725 cuius
1386 3655 1481 3744 agris
1508 3654 1593 3724 nulli
1620 3653 1725 3726 solvit
1752 3652 1920 3724 decimam
1948 3653 2056 3722 mani-

499 3771 675 3863 pularem,
701 3773 857 3846 sedeam
883 3796 947 3866 pro
966 3796 1004 3847 se
1021 3775 1116 3846 tollit
1142 3775 1231 3848 etin
1250 3775 1413 3846 horreum
1433 3796 1532 3846 suurn
1559 3775 1700 3846 inducit.
1740 3774 1828 3845 Item
1856 3773 1967 3844 babet
1993 3773 2056 3844 ibi-

502 3893 580 3965 dem
607 3900 708 3984 prata
735 3900 772 3966 et
789 3917 892 3967 unam
919 3897 1087 3987 piscinam
1114 3918 1268 3988 parvam,
1295 3917 1359 3988 pro
1386 3917 1450 3970 sua
1474 3897 1689 3968 necessitate.

437 4013 445 4031 “
532 4056 534 4061 -
604 4016 811 4108 Darnaow,
838 4018 922 4090 ailla
948 4019 1013 4090 sub
1040 4020 1206 4110 parocbia
1233 4019 1276 4090 de
1303 4017 1495 4092 Pawlow
1522 4019 1609 4110 sita,
1637 4039 1723 4110 quae
1751 4017 1833 4090 villa
1860 4024 1940 4090 erat
1968 4018 2056 4088 mili-

503 4137 609 4226 taris,
637 4137 699 4208 sed
724 4139 891 4228 magister
916 4139 1068 4212 Michael
1095 4141 1204 4214 abbas
1232 4147 1269 4212 et
1295 4146 1485 4214 conventus
1512 4139 1659 4212 Sanctae
1686 4139 1819 4232 Gracia,
1851 4141 1938 4210 emit
1965 4140 2056 4210 illam

502 4279 592 4330 anno
620 4259 717 4330 1474
745 4261 837 4352 apud
864 4261 1075 4334 Stanislaum
1101 4269 1139 4334 et
1157 4261 1338 4334 Nicolamn
1366 4262 1409 4334 de
1428 4261 1795 4354 Schidlowyeoz,
1822 4261 1953 4334 fratres
1978 4283 2056 4352 ger-

501 4401 621 4452 manos
650 4381 693 4452 de
720 4383 826 4454 amaris
853 4381 1181 4474 Odrowanscb,
1217 4405 1281 4474 pro
1308 4389 1445 4456 centum
1472 4384 1619 4475 triginta
1645 4385 1786 4474 marcis,
1815 4383 1858 4456 de
1886 4405 2057 4456 consensu

500 4500 692 4574 Casimiri
718 4505 818 4576 tertii
835 4505 1000 4586 Polouiae
1017 4506 1110 4597 regis
1128 4511 1273 4598 propter
1291 4506 1427 4597 rippam
1445 4505 1658 4596 babendum,
1676 4511 1713 4578 et
1732 4507 1767 4576 in
1786 4526 1877 4577 auno
1897 4487 2057 4597 sequenti

498 4622 683 4696 fabricavit
718 4627 754 4696 in
788 4646 831 4698 ea
866 4627 1032 4718 optimam
1066 4628 1234 4718 piscinam
1271 4627 1307 4698 in
1333 4626 1472 4698 flumine
1498 4626 1754 4718 Kamyona,
1786 4626 1994 4708 foecundam
2021 4627 2056 4698 iu

499 4745 670 4836 piscibus,
698 4752 735 4818 et
751 4747 1002 4838 proprietatem
1020 4748 1123 4821 villae
1151 4749 1186 4820 in
1205 4747 1323 4820 multis
1341 4747 1570 4823 accedentem.
1614 4749 1655 4818 ln
1673 4769 1741 4840 qua
1764 4755 1846 4820 suut
1875 4769 1939 4820 sex
1965 4749 2058 4820 lanei

499 4868 753 4959 cmetbonales,
780 4869 823 4940 de
852 4869 975 4961 quibus
1007 4871 1155 4943 solvitur
1182 4877 1218 4943 et
1245 4870 1449 4944 conducitur
1476 4870 1610 4942 decima
1635 4871 1862 4962 manipularis
1890 4877 1928 4942 et
1956 4891 2059 4942 caua·

498 4989 588 5079 palis
615 5010 679 5080 pro
705 4990 851 5063 ecclesia
885 4992 922 5062 in
948 4991 1308 5085 Schidlowyecz.
1348 4993 1438 5064 Item
1474 4999 1529 5064 ost
1560 4993 1665 5064 etiam
1693 4995 1742 5066 ibi
1769 4993 1953 5084 praedium
1981 5013 2059 5064 coe-

498 5111 651 5204 nobiale,
680 5111 722 5183 de
740 5112 839 5185 cuius
864 5114 959 5206 agris
986 5114 1285 5189 solvitur-decima
1312 5115 1347 5186 in
1375 5114 1755 5207 Schydlowyocz,
1783 5121 1819 5186 et
1837 5114 1938 5186 valor
1965 5114 2058 5186 deci·

499 5251 577 5304 mae
598 5233 788 5326 utriusque
805 5236 1012 5307 aestimatur
1038 5236 1083 5308 ad
1101 5243 1175 5308 tres
1193 5257 1338 5308 marcas.
1376 5236 1470 5322 them
1498 5237 1664 5329 tabernae
1683 5259 1751 5309 non
1771 5243 1853 5310 suut
1880 5237 1916 5308 in
1937 5236 2059 5308 eadem

426 5404 430 5415 ,
498 5353 591 5445 villa,
619 5375 731 5446 neque
758 5357 972 5449 hortulania,
1004 5378 1123 5450 neque·
1143 5358 1311 5430 scoltetia.
1564 5343 1566 5348 ’
2010 5443 2013 5448 ,
2058 5431 2062 5440 Δ

601 5475 763 5568 Rznrrn,
780 5478 882 5570 villa,
905 5481 1002 5551 cnins
1020 5480 1189 5551 medietas
1208 5481 1271 5552 sub
1291 5481 1457 5571 parocbia
1475 5480 1518 5552 de
1535 5479 1564 5550 P
1569 5481 1711 5574 awlow
1729 5480 1799 5552 sita
1816 5485 1871 5552 est
1888 5479 2060 5552 etaltera·

497 5595 666 5670 medietas
685 5599 754 5670 sita
780 5606 835 5671 est
853 5602 918 5672 snb
936 5602 1104 5692 parocbia
1129 5601 1173 5672 de
1201 5601 1596 5696 Szwyantbamarza.
1640 5603 1680 5674 ln
1700 5623 1768 5693 qua
1795 5609 1877 5674 sunt
1895 5602 2054 5674 undecim

497 5735 573 5786 cum
591 5718 705 5789 medio
731 5720 823 5792 lanei
841 5721 1090 5814 cmetbonales,
1117 5723 1199 5794 item
1219 5723 1307 5794 duae
1325 5723 1492 5796 tabernae
1518 5724 1686 5796 babentes
1713 5743 1832 5815 agros,
1858 5725 1945 5796 item
1962 5725 2058 5811 dnae¹
