4550 6600
1691 760 1767 831 aar
1808 730 1817 746 ‘

216 986 384 1039 annexum
411 971 466 1037 est
491 966 664 1056 hospitale
682 966 719 1037 in
736 965 857 1039 eodem
877 964 1013 1056 oppido,
1041 966 1204 1055 pertinet.
1230 965 1272 1037 In
1289 986 1359 1055 qua
1385 970 1467 1039 sunt
1492 966 1585 1038 lanei
1612 966 1766 1039 cmetho-

215 1088 327 1176 nales,
355 1086 397 1159 de
424 1087 550 1177 quibus
577 1086 724 1159 solvitur
743 1140 937 1157 ........
975 1086 1062 1157 Item
1093 1092 1148 1157 est
1175 1086 1223 1157 ihi
1250 1087 1449 1177 praedium,
1476 1087 1519 1159 de
1546 1088 1643 1159 cuius
1670 1088 1765 1179 agris

215 1207 359 1281 solvitur
385 1207 520 1281 decima
555 1208 782 1298 manipularis
817 1207 983 1281 ecclesiae
1009 1208 1045 1279 in
1072 1207 1328 1298 wanyczna
1363 1208 1508 1299 scbya,
1543 1208 1641 1279 cuius
1668 1208 1768 1282 valor

214 1328 256 1401 ad
282 1328 369 1399 duas
396 1348 531 1399 marcas
557 1328 771 1413 aestimatur.

313 1445 594 1538 Gosunwrczn,
622 1448 704 1521 villa
721 1451 786 1522 suh
804 1449 970 1539 parochia
987 1449 1031 1521 de
1048 1449 1308 1541 Pothgrodze
1325 1451 1413 1540 sita,
1439 1450 1538 1521 cuius
1564 1451 1762 1540 proprietas

215 1571 257 1643 ad
283 1570 542 1642 serenissimum
578 1569 743 1643 Poloniae
779 1558 894 1661 regem
930 1570 1091 1659 pertinet.
1111 1571 1172 1641 -In
1200 1592 1269 1662 qua
1295 1575 1377 1643 suut
1403 1570 1496 1642 lanei
1521 1570 1767 1662 cmethonales,

213 1692 253 1763 de
289 1692 416 1781 quihus
452 1691 599 1763 solvitur
634 1690 768 1763 decima
803 1689 1028 1781 manipularis
1063 1692 1225 1781 episcopo
1261 1691 1502 1782 cracoviensi,
1534 1691 1632 1763 cuius
1647 1730 1651 1739 ι
1668 1693 1795 1764 valor·

213 1812 417 1885 aestimatur
443 1812 488 1883 ad
515 1812 640 1902 viginti
675 1816 825 1903 quatuor
859 1832 1002 1883 marcas.
1047 1813 1135 1885 Item
1171 1817 1226 1884 est
1251 1812 1301 1883 ihi
1326 1812 1508 1903 praedium
1542 1812 1694 1902 regium,
1721 1812 1765 1883 de

213 1954 279 2024 quo
297 1932 493 2007 decimatur
519 1933 685 2006 ecclesiae
703 1933 739 2005 in
757 1932 785 2005 P
795 1956 817 2027 y
828 1952 1045 2025 wnyczna
1070 1933 1230 2025 sehya,
1257 1934 1355 2005 66166
1372 1933 1472 2007 valor
1488 1932 1533 2006 ad
1550 1954 1612 2007 sex
1629 1953 1764 2007 marcas

213 2054 424 2129 aestimatur.

871 2176 1108 2248 Dnnnnown.
1229 2216 1232 2220 -

317 2296 415 2368 Villa
441 2297 572 2369 habens
599 2298 634 2369 in
662 2319 699 2371 66
726 2297 905 2371 ecclesiam
932 2298 1184 2389 parochialem,
1210 2299 1247 2369 in
1273 2299 1441 2369 honorem
1460 2350 1573 2366 .....
1600 2296 1762 2387 dicatam,

215 2419 307 2491 66166
334 2418 533 2508 proprietas
551 2417 596 2489 ad
613 2420 862 2493 monasterium
889 2418 1007 2493 Sancti
1033 2418 1185 2511 Spiritus
1203 2419 1246 2493 de
1268 2438 1373 2491 nova
1399 2416 1578 2491 Saudecz
1604 2418 1765 2509 pertinet

210 2540 247 2611 ln
273 2560 341 2631 qua
370 2544 451 2611 snut
476 2539 567 2613 lanei
594 2540 835 2613 cmethonales.
855 2594 862 2613 .
881 2594 915 2610 ..

667 2646 669 2652 ¹
896 2661 1073 2733 Bonown.

306 2780 484 2873 Oppidum
518 2783 652 2855 hahens
687 2780 868 2855 ecclesiam
901 2782 1135 2873 parochialem
1170 2784 1207 2855 in
1234 2803 1272 2853 se
1298 2782 1488 2873 lapideam,
1524 2784 1761 2855 inhonorem

209 2900 365 2973 Omnium
379 2900 583 2975 Sanctorum
597 2902 757 2993 (11661666,
770 2902 867 2975 66166
882 2903 1075 2993 proprietas
1085 2902 1129 2975 ad
1140 2902 1321 2975 Nicolaum
1333 2903 1527 2975 iohannem
1545 2909 1582 2975 et
1595 2901 1760 2995 Gyethka

212 3024 383 3097 dedomo
419 3021 613 3095 Grillonum
648 3024 781 3095 nobiles
816 3024 979 3113 pertinet.
1014 3024 1054 3095 ln
1082 3045 1150 3113 quo
1178 3029 1261 3095 suut
1285 3024 1376 3097 lanei
1413 3024 1683 3115 oppidanorum,
1718 3024 1762 3095 de

211 3146 330 3236 quihus
359 3146 519 3217 omuibus
547 3145 694 3217 solvitur
720 3151 758 3217 et
784 3144 990 3218 conducitur
1025 3144 1160 3217 decima
1184 3145 1409 3236 manipularis
1435 3150 1472 3217 et
1496 3146 1671 3237 canapalis
1697 3168 1763 3237 pro

211 3268 410 3360 episcopatu
436 3264 676 3358 cracoviensi,
712 3267 810 3340 cuius
837 3266 937 3339 valor
963 3266 1169 3340 aestimatur
1194 3266 1240 3340 ad
1266 3266 1462 3358 quindecim
1498 3288 1641 3340 marcae.
1677 3266 1764 3340 Pro·

212 3394 329 3461 ventus
359 3394 475 3460 autem
501 3389 609 3461 hahet
643 3388 858 3479 huiusmodi,
894 3410 1034 3462 censum
1069 3389 1233 3462 videlicet
1258 3389 1319 3480 qui
1345 3394 1490 3462 vocatur
1523 3384 1673 3480 61616666,
1700 3411 1764 3481 pro

212 3533 274 3602 quo
292 3511 442 3602 quilibet
468 3509 512 3582 de
537 3509 637 3582 laneo
664 3515 803 3582 tenetur
833 3511 998 3582 ecelesiae
1025 3515 1062 3584 61
1087 3512 1237 3602 plebano
1272 3509 1407 3582 solvere
1434 3510 1587 3582 medium
1613 3511 1764 3583 alterum

212 3653 376 3722 grossum.
404 3631 493 3704 Item
520 3632 654 3704 suntin
672 3631 793 3704 eodem
812 3632 938 3723 oppido
957 3631 1025 3704 duo
1044 3632 1218 3722 oratoria,
1246 3653 1309 3704 seu
1326 3631 1415 3704 duae
1433 3632 1600 3704 ecclesiae
1617 3632 1765 3722 ligneae3

212 3773 275 3826 uua
300 3753 451 3824 Sanctae
477 3752 648 3844 Zophiae‚
675 3753 789 3825 altera
814 3752 962 3824 Sanctae
988 3751 1108 3826 Crucis
1135 3752 1261 3824 honori
1287 3752 1433 3824 dicatae.

311 3874 489 3965 annnn,
526 3874 609 3946 villa
644 3874 709 3946 suh
744 3874 911 3964 parochia
946 3873 989 3945 de
1024 3874 1223 3946 Bobowa
1256 3874 1335 3944 sita
1374 3873 1415 3944 In
1451 3893 1522 3962 qua
1556 3877 1638 3944 sunt
1671 3872 1764 3944 lanei

213 3994 460 4084 cmethonales,
496 3994 539 4066 de
576 4015 721 4084 quorum
757 3993 943 4066 medietate
982 3994 1175 4067 decimatur
1206 3993 1374 4068 ecclesiae
1400 3994 1437 4064 in
1465 3993 1764 4084 Szedlyszka3

213 4115 251 4186 de
277 4117 391 4188 altera
417 4136 500 4188 vero
527 4115 714 4188 medietate
732 4116 894 4206 episcopo
912 4113 1153 4206 Gracoviensi,
1179 4115 1277 4188 cuius
1295 4116 1394 4188 valor
1411 4115 1617 4186 aestimatur
1635 4114 1764 4201 ad....;

212 4235 289 4308 item
315 4242 372 4309 est
399 4236 577 4327 praedium
604 4237 672 4328 ihi,
699 4237 742 4309 de
760 4237 858 4308 cuius
875 4237 971 4328 agris
997 4237 1191 4309 decimatur
1216 4236 1383 4310 ecclesiae
1409 4237 1446 4308 in
1471 4235 1764 4308 Szedliszka·

309 4357 501 4448 Snaosun,
532 4358 614 4430 villa
640 4359 705 4431 sub
731 4358 897 4449 parochia
915 4359 968 4430 de'
982 4359 1163 4432 Bobowa
1188 4359 1275 4448 sita,
1302 4359 1399 4430 cuius
1417 4357 1586 4452 haeredes
1610 4357 1763 4430 Jaeohus

214 4477 501 4570 Trzeczaszky.
527 4478 568 4551 In
591 4501 660 4570 qua
686 4484 768 4551 sunt
793 4479 885 4550 lanei
912 4480 1165 4571 cmethonales,
1191 4478 1235 4551 de
1262 4480 1387 4570 quihus
1414 4479 1547 4552 decima
1572 4477 1763 4569 pecunialis

214 4597 253 4669 de
278 4599 379 4672 laneo
415 4621 478 4692 per
513 4621 619 4672 uuum
654 4599 824 4673 fertonem
859 4601 1009 4674 latorum
1045 4621 1258 4691 grossorum.
1293 4601 1384 4672 ltem
1419 4605 1473 4672 est
1506 4600 1558 4671 ibi
1583 4597 1763 4689 praedium

214 4740 332 4810 unum;
359 4721 402 4799 de
430 4741 498 4812 qno
525 4720 658 4793 decima
683 4722 849 4796 ecclesiae
876 4723 1013 4796 eteius
1040 4723 1188 4812 plebano
1214 4722 1251 4794 in
1277 4721 1476 4794 Bohowa
1492 4720 1693 4792 solvier..

873 4841 1102 4916 Knnuonnn.

312 4963 407 5036 Villa
425 4965 461 5035 in
479 4965 780 5038 montealtissimo
799 4965 880 5054 sita,
898 4965 1030 5038 hahens
1044 4966 1080 5036 in
1099 4985 1136 5036 66
1155 4964 1389 5055 parochialem
1406 4963 1585 5036 ecclesiam
1604 4964 1762 5054 ligneam,
1849 4955 1855 4967 ⁴
1962 4997 1968 5008 ·

215 5063 355 5156 Sanctae
381 5084 590 5160 catherinae
625 5084 794 5176 dicatam,
830 5085 928 5158 cuius
954 5084 1124 5157 haeredes
1159 5084 1561 5177 Schykowschczy
1586 5085 1631 5157 de
1655 5086 1762 5156 armis

215 5202 432 5297 Druzyna.
460 5205 501 5278 ln
519 5227 587 5296 qua
614 5211 695 5280 sunt
712 5207 804 5280 lanei
823 5207 1075 5296 cmethonales,
1101 5207 1186 5278 item
1211 5205 1398 5295 tabernae,
1424 5205 1508 5278 item
1534 5206 1762 5296 hortulaniae,

216 5323 255 5396 de
281 5327 404 5416 quibus
441 5327 589 5400 solvitur
624 5326 757 5400 decima
775 5382 782 5396 .
802 5381 809 5398 .
828 5381 862 5398 ..
897 5327 986 5399 Item
1012 5327 1181 5418 plebanus
1207 5331 1243 5400 et
1268 5326 1414 5400 ecclesia
1448 5326 1556 5399 habet
1581 5327 1632 5402 ibi
1658 5347 1763 5419 agros

216 5463 346 5538 666666,
372 5468 436 5539 pro
464 5469 526 5520 666
553 5470 618 5522 usu
645 5453 682 5520 et
707 5449 923 5522 necessitate.

885 5569 1088 5652 Oncnnwn.

315 5687 409 5768 Villa
444 5690 577 5768 habeus
612 5692 647 5770 in
685 5713 721 5770 se
757 5692 934 5766 ecclesiam
970 5691 1203 5793 parochialem
1237 5691 1406 5792 ligneam,
1445 5691 1572 5769 Sancto
1607 5691 1763 5770 Martino
