4550 6600
484 801 553 875 126

476 1008 576 1081 item.
597 1010 815 1081 hortulaniae
851 1009 955 1099 duae,
982 1011 1065 1081 item
1093 1010 1277 1098 tabernae,
1304 1010 1387 1081 item
1423 1009 1491 1081 duo
1527 1010 1620 1082 lanei
1647 1010 1858 1083 scoltetiales
1884 1011 1927 1080 de
1955 1010 2031 1099 qui-

477 1115 557 1201 bus'
577 1131 734 1201 omnibus
770 1131 917 1223 solvitur
953 1137 988 1201 et
1023 1131 1228 1202 conducitur
1263 1131 1396 1202 decima
1421 1131 1646 1222 manipularis
1681 1137 1719 1203 et
1754 1130 1930 1221 canapalis
1964 1151 2030 1219 pro

475 1250 622 1321 ecclesia
660 1250 695 1323 in
728 1250 1040 1361 Lapscbpcza,
1068 1257 1103 1322 et
1129 1252 1229 1323 valor
1264 1252 1338 1325 eius
1365 1252 1570 1323 aestimatur
1605 1251 1789 1343 aliquando
1816 1251 1861 1322 ad
1888 1256 1967 1323 octo
1994 1255 2032 1321 et

474 1370 658 1461 aliquando
686 1371 731 1441 ad
758 1371 875 1442 decem
901 1392 1044 1443 marcas.

580 1489 789 1581 Ouonuczu,
816 1493 900 1563 villa
927 1492 1057 1564 domini
1084 1494 1220 1566 abbatis
1248 1492 1488 1583 Thyniciensis
1507 1493 1571 1564 sub
1589 1493 1755 1583 parochia
1772 1490 2029 1583 Gzcrkyew,

476 1632 564 1700 quae
601 1611 684 1681 villa
721 1612 825 1683 solvit
861 1612 1027 1682 decimam
1063 1614 1314 1703 manipularem
1347 1614 1495 1703 plebano
1530 1614 1566 1685 in
1594 1613 1687 1711 dicta
1712 1613 2032 1703 Lapschycza3

368 1714 377 1723 '
475 1732 572 1802 valor
600 1738 715 1803 autem
742 1733 928 1823 aliquando
956 1738 1104 1824 quatuor
1131 1754 1274 1805 marcas.
1309 1734 1397 1805 Item
1425 1734 1570 1805 ecclesia
1596 1733 1716 1804 eadem
1742 1734 1849 1805 babet
1876 1734 2032 1806 missalia
2110 1804 2114 1813 ,

422 1907 427 1925 .
474 1872 543 1942 ρετ,
563 1854 680 1925 villam
707 1853 1008 1945 Lapscbycza
1035 1860 1070 1924 et
1096 1854 1330 1945 Coyanoru
1358 1855 1608 1945 quinquaginta
1634 1859 1707 1925 tam
1733 1854 1893 1944 siliginis,
1922 1875 2027 1944 quam

475 1994 604 2045 avenae
631 1994 820 2064 mensuras,
842 1995 1024 2045 mensurae
1043 1976 1206 2066 aequalis,
1226 1997 1287 2047 seu
1306 1976 1604 2065 supereminentis,
1623 1982 1659 2046 et
1678 1976 1771 2047 circa
1788 1976 1857 2047 ista
1873 1975 2031 2049 missalia

475 2094 579 2164 solvit
606 2095 752 2184 quilibet
780 2102 947 2184 quantum
982 2101 1080 2167 tenet
1115 2098 1192 2186 agri
1218 2118 1282 2186 pro
1310 2102 1404 2168 sorte
1433 2118 1503 2168 sca.
1542 2098 1631 2168 Item
1657 2098 1693 2167 in
1719 2097 2030 2187 Damyaniczc

475 2222 557 2304 post
583 2216 723 2286 fluvium
750 2216 881 2305 Raba,
909 2222 988 2307 post
1014 2218 1193 2307 praedium
1213 2218 1342 2290 domini
1360 2218 1510 2289 Kreza
1536 2223 1669 2309 etpost
1686 2218 1915 2307 hortulanias,
1933 2218 2030 2293 valo-

474 2336 523 2414 ris
552 2335 697 2407 duarum
724 2357 926 2406 marcarum.
953 2338 1041 2409 Item
1068 2339 1189 2409 eadem
1215 2339 1360 2410 ecclesia
1385 2339 1493 2410 babet
1509 2360 1614 2411 uuam
1631 2339 1874 2428 hortulaniam,
1894 2338 1939 2409 de
1957 2360 2027 2428 qua

474 2455 620 2526 solvitur
656 2457 770 2527 media
806 2442 977 2547 sexagena
1012 2465 1048 2529 et
1074 2440 1145 2530 non
1170 2459 1352 2531 laboratur
1379 2460 1422 2531 de
1449 2480 1508 2533 ea:
1535 2461 1620 2532 item
1657 2460 1764 2533 habet
1789 2461 1899 2532 bonos
1926 2481 2030 2551 agros

474 2576 510 2647 in
538 2582 610 2647 tres
637 2582 755 2668 partes
783 2576 912 2649 divisos
940 2599 1016 2650 cum
1044 2580 1162 2673 sylvis,
1189 2580 1251 2652 sed
1277 2581 1406 2671 paucis.

587 2778 605 2807 Ι
697 2783 702 2791 ,
1156 2702 1350 2773 Bocnura.

578 2817 751 2909 Oppidum
777 2820 920 2911 regium,
948 2821 983 2890 in
1011 2842 1078 2912 quo
1106 2828 1160 2893 est
1187 2822 1332 2893 ecclesia
1364 2822 1574 2912 parochialis
1600 2822 1711 2893 latere
1738 2823 1853 2893 coctili
1878 2828 2027 2911 murata,

474 2940 601 3011 Sancto
629 2940 774 3012 Nicolao
802 2939 999 3013 Confessori
1026 2942 1151 3033 dicata,
1179 2944 1215 3013 in
1243 2965 1310 3034 quo
1338 2944 1427 3015 sales
1454 2943 1678 3034 effodiuntur,
1705 2945 1802 3017 cuius
1827 2945 2027 3035 proprietas

474 3060 519 3131 ad
547 3062 804 3131 serenissimum
830 3060 996 3133 Poloniae
1031 3084 1149 3152 regem
1175 3066 1337 3154 pertinet.
1377 3065 1418 3135 In
1445 3086 1513 3155 quo
1540 3071 1622 3135 sunt
1646 3065 1784 3154 triginti
1810 3065 1903 3139 lanei
1931 3066 2028 3156 oppi-

475 3181 652 3271 danorum,
680 3181 722 3251 de
751 3182 874 3270 quibus
902 3182 1049 3254 solvitur
1075 3182 1236 3274 ccccccbac,
1264 3186 1409 3275 quilibet
1435 3208 1538 3256 unam
1565 3207 1761 3256 mensuram
1789 3186 2028 3258 Bochnensem

470 3302 622 3392 siliginis
659 3308 695 3373 et
730 3303 876 3372 alteram
912 3324 1051 3374 avenae.
1088 3305 1175 3374 Item
1212 3306 1400 3378 advocatus
1428 3308 1641 3378 Bochnensis
1668 3307 1711 3378 de
1738 3308 1871 3382 duobus
1898 3309 2027 3398 campis

475 3422 579 3492 solvit
605 3422 773 3493 decimam
800 3424 1049 3513 manipularem
1076 3426 1241 3497 ecclesiae
1268 3427 1474 3518 Bochnensi,
1501 3429 1545 3498 de
1570 3429 1676 3499 tertio
1703 3450 1787 3500 vero
1815 3449 1935 3520 campo
1954 3431 2027 3501 sive

474 3543 573 3614 laneo
602 3543 662 3614 dat
687 3545 850 3634 missalia,
879 3545 1010 3616 scilicet
1035 3569 1138 3618 unam
1166 3569 1362 3619 mensuram
1389 3549 1535 3639 siliginis
1553 3555 1590 3620 ct
1608 3551 1753 3622 alteram
1772 3571 1912 3624 avenae.
1939 3552 2026 3622 Item

474 3669 528 3734 est
553 3665 602 3736 ibi
629 3687 734 3736 unum
761 3666 941 3738 macellum
969 3667 1177 3759 carnificum,
1205 3669 1248 3740 dc
1275 3691 1342 3760 quo
1371 3670 1553 3742 solvuntur
1578 3671 1703 3760 viginti
1729 3671 1863 3764 lapides
1882 3674 1966 3763 sepi,
1985 3673 2027 3743 de

474 3785 598 3876 quibus
632 3785 750 3858 decem
787 3787 972 3859 solvuntur
1007 3791 1172 3860 ecclesiae
1209 3797 1243 3861 et
1278 3791 1396 3864 decem
1432 3779 1591 3882 plebano.
1632 3792 1721 3863 Item
1748 3793 1895 3864 ecclesia
1916 3794 2028 3866 babet

473 3908 654 3996 proprium
681 3929 812 3998 agrum,
839 3915 942 3999 prata
969 3915 1005 3981 et
1031 3933 1136 3982 unum
1164 3913 1312 4003 bortum,
1340 3934 1403 4003 pro
1431 3913 1593 4003 praedio,
1620 3920 1657 3984 et
1684 3914 1853 4004 optimum
1879 3915 2025 4004 domum,

472 4027 622 4117 ligneam
658 4033 792 4117 tamen,
820 4050 882 4118 pro
910 4031 1134 4102 habitatione.
1174 4032 1288 4104 Huius
1322 4034 1486 4105 ecclesiae
1513 4038 1629 4106 rector
1656 4039 1709 4108 cst
1735 4033 1956 4107 Grzeczslaus
1983 4037 2024 4107 dc

474 4146 766 4217 Kurozvvank
776 4169 817 4238 y,
845 4150 970 4221 nobilis
1006 4151 1049 4222 de
1085 4152 1186 4222 domo
1223 4153 1457 4224 Rozarum.
1496 4155 1583 4226 Item
1619 4156 1765 4228 ecclesia
1796 4162 1832 4228 et
1857 4158 2024 4247 plebanus

474 4267 581 4338 babet
607 4287 650 4337 ex
677 4289 790 4357 zuppa
817 4269 1013 4342 Bochnensi
1040 4294 1143 4342 unam
1171 4294 1320 4344 marcam
1347 4275 1496 4348 latorum
1522 4297 1723 4366 grossorum
1746 4285 1782 4349 et
1799 4299 1905 4349 unum
1923 4301 2025 4370 quar·

474 4389 544 4459 tale
581 4387 682 4478 salis,
720 4408 807 4478 quae
844 4391 988 4480 singulis
1025 4394 1227 4482 septimanis
1263 4396 1330 4467 sibi
1365 4399 1530 4488 solvitur,
1558 4399 1657 4470 valor
1692 4399 1766 4470 eius
1793 4401 1829 4469 in
1857 4401 2024 4472 communi

448 4510 620 4599 ¹pecunia
652 4565 659 4578 .
687 4563 694 4578 .
722 4533 749 4598 .;
787 4511 845 4600 qui
872 4531 994 4584 consus
1021 4513 1088 4584 fuit
1115 4515 1228 4586 eidem
1256 4518 1422 4589 ecclesiae
1448 4519 1596 4590 donatus
1624 4524 1660 4590 et
1685 4526 1853 4610 perpetuo
1880 4521 2024 4612 inscrip-

471 4638 538 4720 tus,
566 4652 629 4722 per
655 4631 854 4704 Boleslaum
881 4634 1043 4724 pudicum
1070 4635 1191 4708 ducem
1219 4637 1491 4731 Gracoviensem,
1520 4641 1833 4714 Sandomiriensem
1852 4649 1888 4713 et
1905 4641 2022 4716 Lubli-

473 4773 614 4825 nensem
651 4758 687 4824 et
723 4759 919 4826 consortem
955 4757 1028 4828 eius
1066 4757 1313 4852 cunegundim,
1349 4763 1455 4833 filiam
1490 4764 1584 4853 regis
1618 4763 1823 4854 Hungariae
1845 4765 2023 4857 Byelae,

473 4876 536 4946 sub
571 4879 727 4965 tempore
763 4881 798 4947 et
834 4879 1000 4968 regimine
1028 4881 1175 4970 praefati
1203 4884 1355 4954 Boleslai
1382 4885 1487 4975 dacia,
1516 4885 1653 4978 quando
1681 4885 1731 4957 sal
1753 4887 1939 4958 bancatum
1966 4910 2024 4960 scu

473 4996 615 5067 crudum
642 4996 714 5067 illic
740 5005 916 5088 repertum
945 5007 1007 5072 est.
1034 5002 1122 5074 Item
1149 5005 1256 5076 habet
1281 5004 1495 5077 offertorium
1522 5012 1561 5076 et
1580 5007 1772 5078 oblationes
1791 5013 1827 5079 et
1846 5015 2024 5099 quaestum

472 5117 515 5188 de
542 5118 705 5208 ecclesia,
732 5121 868 5192 ratione
906 5143 1051 5211 quorum
1086 5132 1319 5214 proventuum
1346 5133 1487 5198 tenetur
1514 5148 1632 5198 omnes
1659 5127 1828 5218 vicarios,
1857 5130 1917 5220 qui
1945 5138 2024 5202 sunt

472 5257 614 5310 numero
650 5245 741 5331 tres,
770 5243 930 5331 expensis
966 5245 1113 5335 singulis
1147 5248 1247 5318 annis
1283 5269 1489 5339 procurare,
1517 5269 1664 5338 quorum
1690 5249 1758 5320 duo
1786 5256 1868 5322 sunt
1893 5252 2022 5342 vicarii,

419 5400 421 5406 -
473 5360 599 5430 tertius
627 5361 856 5454 praedicator,
884 5365 914 5434 si
941 5365 1107 5455 plebanus
1134 5369 1286 5458 residet,
1314 5370 1367 5440 sin
1394 5371 1517 5460 minus,
1543 5375 1685 5441 tenetur
1702 5371 1776 5442 loco
1795 5371 1849 5442 sui
1867 5379 2023 5463 quartum

473 5481 761 5553 commcndarium
788 5485 912 5577 locare,
940 5488 998 5578 qui
1026 5487 1068 5558 de
1097 5491 1298 5579 quaestibus
1326 5492 1489 5562 ecclesiae
1517 5512 1594 5563 cum
1620 5493 1760 5564 vicariis
1787 5515 1856 5564 non
1875 5514 2021 5566 commu·

472 5600 573 5671 nicat.
612 5601 701 5674 Item
728 5605 771 5675 de
798 5627 938 5699 campo,
965 5611 1024 5699 qui
1050 5611 1141 5707 iacet
1167 5611 1231 5682 sub
1258 5618 1374 5685 monte
1400 5613 1696 5705 Huslroryna,
1723 5616 1830 5687 babet
1857 5615 2021 5687 decimam

469 5721 636 5817 plebanus
663 5726 921 5822 manipularem,
949 5733 1007 5826 qui
1035 5749 1175 5826 campus
1202 5738 1278 5806 erat
1304 5735 1477 5830 quondam
1504 5735 1664 5809 advocati
1681 5737 1905 5812 Bochnensis.
1931 5737 2018 5812 Item
