4550 6600
521 756 593 827 312

511 963 698 1055 lateribus,
721 962 846 1036 Sancto
864 962 969 1037 Petro
988 963 1158 1056 Apostolo
1177 965 1344 1056 dicatam,
1364 988 1452 1057 quae
1471 966 1554 1038 olim
1583 966 1628 1039 ad
1655 970 1974 1057 praesentationem
2000 973 2064 1062 epi-

511 1085 700 1176 scopalem,
736 1106 778 1157 ex
820 1086 1086 1161 commutatione
1116 1086 1219 1159 villae
1245 1069 1382 1159 Zlota
1417 1108 1493 1160 cum
1521 1090 1593 1161 suis
1617 1089 1856 1180 pertinentiis,
1891 1112 1958 1181 pro
1991 1092 2067 1166 villa

512 1205 815 1302 Szkothnyky
842 1228 919 1279 cum
946 1209 1017 1280 suis
1044 1208 1267 1299 pertinentiis
1293 1210 1509 1303 pertinebat,
1541 1210 1603 1281 sed
1632 1211 1753 1301 vigore
1778 1214 1876 1303 regio
1904 1220 2066 1304 occupata

511 1334 584 1420 est,
611 1330 710 1421 quasi
745 1351 810 1421 per
836 1331 1048 1402 occasionem
1083 1329 1284 1404 Beatissimi
1320 1330 1484 1402 Stanislai
1520 1352 1583 1403 rex
1619 1333 1666 1404 ab'
1690 1354 1733 1405 ea
1758 1336 1922 1408 exclusus
1959 1335 2065 1411 luerit

511 1449 616 1523 Guius
643 1472 733 1523 nunc
768 1450 934 1543 plebanus
962 1458 1016 1524 cst
1042 1451 1192 1524 Thomas
1231 1450 1609 1546 Trambczynslry
1634 1454 1679 1525 de
1705 1455 1811 1527 armis
1839 1456 2009 1548 Topor,
2033 1465 2067 1533 et

512 1573 664 1664 pertinet
690 1577 802 1646 totum
830 1574 994 1665 oppidum
1021 1593 1098 1647 cum
1125 1572 1292 1646 suburbio
1319 1594 1442 1647 versus
1468 1572 1763 1648 Zawiclnosth
1789 1578 1834 1649 ad
1861 1580 1938 1650 eius
1968 1600 2064 1669 paro·

511 1698 642 1786 chiam,
678 1696 762 1767 item
797 1695 900 1768 villae
935 1695 1232 1787 Makoschin,
1268 1696 1534 1788 Dwyekozy‚
1570 1697 1882 1791 Sczythnylry,
1918 1706 2063 1792 utraque

511 1818 730 1910 Kamyen,
757 1816 1424 1910 MsczyowetNyeczyczaalias
1443 1817 1788 1910 Opatkonicze.
1815 1821 1936 1894 Habet
1953 1830 2066 1896 autem

516 1940 680 2031 oppidum
706 1938 921 2031 praedictum
955 1938 1250 2010 Sandomiria
1280 1939 1315 2009 in
1343 1939 1491 2020 circuitu
1518 1962 1580 2012 suo
1606 1941 1726 2031 plures
1760 1962 1883 2033 agros,
1920 1965 2067 2036 campos,

457 2141 461 2147 ,
516 2063 638 2134 hortos
665 2066 701 2133 et
719 2060 880 2151 praedia,
907 2060 1093 2151 dequibus
1117 2060 1309 2131 decimatur
1326 2081 1391 2151 pro
1409 2060 1868 2155 cantoriasandomiriensi,
1896 2065 2065 2139 videlicet:

514 2188 594 2277 past
621 2204 724 2275 agros
759 2182 895 2255 Nicolai
925 2181 1137 2273 Opyolka
1163 2186 1200 2253 et
1225 2181 1362 2253 Nicolai
1387 2181 1625 2285 Poludnye
1660 2186 1880 2257 emethonum
1908 2186 1954 2259 de
1980 2188 2065 2280 Ma·

511 2306 726 2396 leschin,
762 2324 883 2376 versus
912 2304 1027 2375 villam
1062 2304 1326 2396 Dwyelrozy,
1362 2306 1446 2377 item
1473 2311 1553 2396 post
1579 2326 1682 2396 agros
1718 2307 1915 2397 praediales
1951 2311 2065 2401 regios

515 2424 619 2499 villae
644 2424 937 2518 Makoschin,
972 2430 1113 2516 praeter
1138 2446 1245 2497 unum
1271 2424 1510 2498 tantummodo
1536 2427 1692 2518 laneum,
1719 2428 1763 2501 de
1789 2450 1859 2519 quo
1886 2430 1983 2503 cedit
2008 2431 2066 2504 de·

501 2534 602 2621 ¹cima
628 2547 838 2621 vicecustodi
874 2546 1165 2635 Sandomiriensi3
1202 2548 1287 2618 item
1313 2552 1393 2638 post
1418 2546 1599 2638 praedium
1633 2548 1849 2640 Lornicz,
1877 2552 1963 2622 item
1989 2560 2068 2643 post

300 2688 305 2693 ’
388 2640 402 2745 ⁵.
514 2670 693 2762 praedium
721 2668 842 2741 altaris
868 2668 1034 2740 ecclesiae
1060 2667 1178 2741 Sancti
1205 2667 1320 2758 Petri,
1347 2668 1431 2739 item
1458 2674 1539 2759 post
1563 2667 1710 2759 praedia
1734 2669 1831 2741 Petri
1857 2678 1896 2742 et
1920 2672 2067 2745 Martini

494 2782 689 2884 =liogan,
716 2792 800 2885 item
827 2794 906 2881 post
932 2790 1076 2881 praedia
1102 2788 1248 2862 alterius
1275 2790 1455 2861 altaristac
1481 2789 1600 2862 Sancti
1626 2786 1743 2882 Petri,
1778 2792 1863 2864 item
1889 2799 1972 2885 post
1997 2795 2064 2867 duo

510 2915 653 3007 praedia
679 2913 801 2985 vocata
824 2910 1016 3002 Struna,
1043 2912 1126 3008 item
1145 2916 1225 3002 post
1249 2932 1352 3002 agros
1378 2911 1599 3001 praediomrn
1627 2912 1720 2983 ultra
1744 2914 1835 2985 viam
1862 2914 1900 2984 in
1927 2915 2064 3008 Dwye·

509 3036 624 3127 kozy
651 3035 914 3123 consistentem,
950 3038 986 3104 et
1013 3033 1074 3123 qui
1100 3034 1194 3105 circa
1228 3034 1356 3105 limites
1390 3033 1493 3105 villae
1524 3033 1789 3126 Rzeczycza
1822 3038 2064 3109 terminantur.

510 3158 597 3229 Item
623 3160 704 3247 post
729 3154 908 3245 praedium
944 3152 1190 3244 (lharalin,
1224 3156 1308 3225 item
1343 3160 1424 3244 post
1454 3154 1634 3245 praedium
1670 3154 1837 3247 Galka,
1874 3157 1960 3228 item
1986 3164 2064 3248 post

511 3284 629 3371 partes
665 3296 827 3368 agrorum
860 3274 1081 3367 Lokassy‚
1115 3276 1201 3348 item
1236 3280 1317 3367 post
1352 3275 1421 3348 dno
1455 3276 1599 3367 praedia
1632 3274 1948 3369 Golambicze‚
1983 3280 2064 3352 itenr
2150 3331 2155 3348 .

511 3407 591 3493 post
617 3419 720 3492 agros
755 3399 994 3489 Zagewka,
1032 3399 1116 3470 item
1151 3403 1232 3489 post
1266 3419 1370 3490 agros
1397 3399 1598 3472 advocatiae
1631 3398 1942 3491 Saudomiriensis,
1963 3389 2061 3474 item

409 3559 410 3562 ¹
510 3529 590 3615 post
616 3543 720 3613 agros
747 3527 783 3593 et
804 3519 954 3612 ‘praedia
979 3525 1103 3593 vocata
1128 3520 1286 3611 Falky,
1320 3521 1356 3592 in
1384 3521 1509 3611 quibus
1536 3521 1726 3593 creduntur
1751 3543 1829 3594 esse
1854 3523 1934 3612 plus
1961 3545 2062 3615 qnam

510 3651 588 3718 octo
624 3645 735 3736 lanei,
770 3645 854 3716 item
891 3649 971 3735 post
1002 3641 1145 3735 praedia
1180 3642 1299 3733 oppidi
1334 3642 1623 3714 Sandomiriensis
1658 3663 1779 3714 versus
1813 3642 2063 3738 Radoszky

510 3767 755 3854 consistentia,
795 3767 879 3838 item
916 3770 997 3857 post
1032 3768 1183 3857 quatuor
1217 3764 1336 3835 laneos
1371 3763 1415 3834 de
1450 3765 1616 3836 suburbio
1652 3763 1945 3856 Sandomiriensi,
1982 3767 2062 3838 item

509 3895 589 3980 post
615 3910 718 3980 agros
745 3909 832 3978 quos
860 3888 1059 3959 emethones
1086 3885 1130 3957 de
1156 3885 1403 3977 Radoszky
1438 3885 1557 3957 colunt
1591 3890 1628 3956 et
1661 3885 1937 3975 protenduntur
1954 3909 2061 3980 usque

510 4009 553 4081 ad
580 4009 707 4080 limites
743 3995 846 4078 villae
872 4007 1201 4097 Rinarczicze,
1235 4007 1318 4078 item
1344 4011 1425 4096 post
1450 4006 1632 4095 praedium
1667 4006 1895 4096 Banczelr,
1932 4009 1969 4078 in
1995 4030 2059 4099 quo

509 4131 736 4202 aestimantur
762 4149 839 4200 esse
866 4129 1017 4219 quinque
1043 4127 1156 4216 lanei3
1183 4127 1267 4199 item
1293 4133 1374 4217 post
1398 4127 1580 4218 praedium
1598 4128 1775 4199 Ambrosii
1801 4127 1887 4198 alias
1914 4129 2057 4201 Brosz·

418 4339 420 4344 ι
508 4273 615 4342 man,
647 4251 682 4322 in
711 4271 778 4342 quo
805 4250 995 4321 creduntur
1025 4269 1101 4322 esse
1133 4254 1282 4340 quatuor
1308 4249 1412 4339 lanei,
1438 4250 1523 4322 item
1552 4255 1634 4340 post
1650 4248 1831 4340 praedium
1856 4249 1881 4321 J
1889 4254 2057 4340 eruszi,

508 4376 545 4446 in
573 4394 639 4464 quo
658 4371 848 4444 creduntur
874 4391 951 4443 esse
978 4371 1045 4442 duo
1072 4371 1183 4460 lanei,
1209 4371 1294 4442 item
1320 4376 1401 4460 post
1427 4391 1531 4462 agros
1558 4371 1594 4440 in
1620 4370 1710 4442 valle
1745 4371 1850 4461 sitos,
1882 4371 2059 4462 usquead

509 4497 637 4571 limites
664 4494 917 4583 Suchorzow,
944 4492 1123 4583 inquibus
1150 4492 1340 4564 creduntur
1356 4513 1434 4564 esse
1453 4513 1520 4584 quo
1539 4492 1652 4582 lanei,
1678 4493 1764 4564 item
1780 4477 1862 4583 pos‘t
1884 4494 2059 4583 praediun

510 4617 613 4690 villae
640 4615 918 4689 Suchorzow
946 4613 982 4684 in
1001 4633 1069 4704 qua
1086 4619 1170 4684 sunt
1195 4635 1319 4686 norem
1337 4615 1437 4685 lanei.
1464 4614 1550 4686 Post
1575 4615 1640 4686 hos
1667 4634 1785 4686 ornnes
1812 4634 1935 4706 agros,
1963 4615 2057 4687 uillas

511 4745 549 4811 et
572 4738 716 4831 praedia
742 4737 845 4809 datur
880 4733 1013 4807 decima
1047 4735 1271 4825 manipularis
1305 4736 1545 4808 tantummodo
1579 4737 1756 4808 cantoriae
1782 4734 2059 4827 Sandomiriensi,

435 4936 440 4945 ,
507 4868 544 4933 et
570 4861 669 4932 valor
703 4859 777 4932 eius
804 4854 1078 4960 aestimaturos
1106 4856 1356 4947 quinquaginta
1382 4860 1536 4946 marcas,
1562 4878 1632 4929 non
1658 4856 1788 4928 ducunt
1813 4877 1892 4929 eam
1918 4858 1955 4928 in
1982 4859 2057 4930 hor·

508 5003 604 5054 reum
632 4981 802 5071 cantoria,
838 4999 949 5071 neque
977 4978 1117 5050 solvunt
1152 4977 1320 5049 decimam
1345 4978 1478 5068 canapi
1515 4977 1711 5050 Proventus
1745 4983 1863 5050 autem
1894 4979 2057 5052 ecclesiae

507 5103 799 5178 Sandomiriensis
823 5101 861 5173 hi
887 5105 984 5174 sunt:
1012 5101 1123 5190 primo
1151 5099 1332 5191 praedium
1358 5099 1520 5172 adiacens
1536 5100 1641 5173 durio
1659 5099 1841 5191 Vislae,
1868 5121 1949 5174 cum
1974 5121 2057 5192 gayo

444 5252 448 5260 ·
507 5231 544 5297 et
569 5231 671 5317 prato
698 5247 786 5314 uno;
821 5225 905 5298 item
940 5241 1046 5314 penes
1081 5219 1297 5313 praedictum
1332 5221 1513 5311 praedium
1550 5221 1642 5313 quod
1676 5219 1879 5314 Kamyen
1914 5223 2056 5294 minor

508 5353 671 5438 vocatur,
698 5352 780 5420 sunt
815 5351 965 5438 quatuor
1000 5341 1178 5416 hortulani
1203 5341 1405 5416 laborantes
1431 5345 1468 5416 in
1481 5344 1615 5416 eodem
1650 5343 1812 5434 praedio,
1846 5349 1884 5416 et
1910 5336 2057 5435 pertinet

509 5467 593 5540 villa
620 5463 784 5572 ‘praefata
810 5468 885 5540 iure
923 5463 1116 5558 parochiali
1144 5462 1188 5536 ad
1215 5464 1397 5538 ecclesiam
1423 5466 1543 5540 Sancti
1568 5465 1675 5538 Petri.
