4550 6600
521 737 598 811 490

517 942 561 1017 de
586 941 681 1034 agris
709 940 810 1013 unius
837 938 1039 1029 molendini,
1066 936 1164 1010 cuius
1190 936 1288 1009 valor
1315 936 1519 1009 aestimatur
1547 936 1592 1009 ad
1618 958 1680 1009 sex
1707 956 1861 1027 marcas,
1890 936 1934 1009 de
1958 938 2052 1013 altera

516 1084 599 1136 vero
635 1061 822 1133 medietate
856 1080 1020 1151 agrorum
1054 1058 1296 1149 tabernarum,
1322 1056 1601 1130 hortulaniarum
1628 1062 1664 1129 et
1690 1057 1899 1147 molendini,
1926 1058 2054 1133 soluitur

516 1184 650 1258 decima
676 1182 713 1253 in
739 1180 868 1254 Nova
894 1179 1004 1270 Slup
1029 1178 1205 1270 ecclesiae,
1233 1180 1330 1251 cuins
1356 1177 1455 1251 valor
1481 1180 1688 1251 aestimatur
1705 1178 1750 1250 ad
1769 1198 1829 1251 sex
1848 1198 1990 1251 mareas.

619 1302 896 1375 Mrnamowsna
921 1300 1085 1390 worse,
1113 1300 1177 1372 sub
1210 1300 1376 1392 parochia
1401 1298 1445 1370 de
1471 1298 1598 1372 Nova
1624 1299 1734 1391 Slup
1762 1300 1837 1389 sita,
1866 1299 1963 1373 euius
1987 1322 2054 1393 pro

516 1424 650 1519 prietes
685 1423 730 1495 ad
756 1422 1007 1495 monasterium
1033 1420 1182 1493 Sanctae
1209 1419 1329 1493 Crucis
1356 1420 1517 1511 pertinet.
1556 1421 1597 1493 In
1625 1442 1695 1513 qua
1720 1426 1802 1493 sunt
1829 1442 1955 1493 novem
1979 1422 2056 1495 lanei

516 1543 760 1634 cmetbonales‚
786 1525 953 1615 tabernae
980 1542 1069 1613 duae
1096 1542 1264 1614 habentes
1292 1562 1403 1632 agros,
1421 1541 1641 1614 hortulaniae
1663 1542 1752 1615 duae
1769 1542 1940 1615 habentes
1958 1563 2057 1634 agros,

518 1666 562 1738 de
589 1648 714 1757 quibus
750 1663 942 1735 decimatur
968 1662 1179 1735 monasterio
1207 1660 1355 1734 Sanctae
1382 1661 1521 1751 Crucis,
1549 1668 1586 1733 et
1613 1663 1711 1735 valor
1738 1662 1893 1735 decimae
1921 1664 2056 1756 quinqua

517 1804 720 1859 marcarum.
746 1784 826 1856 Non
853 1784 969 1856 estin
996 1782 1116 1855 eadem
1144 1782 1227 1855 villa
1252 1783 1443 1875 praedium,
1470 1804 1582 1875 neque
1608 1784 1777 1855 scultetis.

621 1904 913 1995 Basenowrczn,
940 1904 1023 1976 rilla
1049 1906 1114 1976 sub
1140 1904 1306 1995 parochia
1333 1904 1376 1977 de
1402 1904 1527 1977 Nova
1553 1904 1661 1995 Slup
1689 1904 1768 1995 sita,
1795 1904 1895 1976 cuius
1915 1905 2055 1997 proprie

516 2032 572 2100 tas
598 2026 643 2098 ad
668 2026 914 2099 monasterinm
940 2024 1086 2097 Sanctae
1113 2023 1234 2097 Crucis
1249 2025 1424 2117 'pertinet
1450 2025 1491 2097 In
1518 2047 1586 2117 qua
1612 2030 1694 2097 sunt
1720 2030 1854 2117 septem
1873 2025 1965 2097 lanei
1983 2046 2058 2099 eme-

517 2146 692 2238 thonales,
719 2168 789 2218 una
823 2147 971 2219 taberna
996 2146 1129 2217 babens
1156 2167 1278 2237 agros,
1305 2146 1389 2219 item
1415 2146 1634 2219 hortulaniae
1661 2151 1753 2237 tres,
1780 2148 1865 2218 item
1894 2148 2057 2237 praedium

517 2290 624 2341 unum
651 2268 867 2359 coenobiale,
895 2266 938 2338 de
966 2267 1091 2358 quibus
1119 2266 1296 2357 omnibus,
1323 2266 1415 2340 tollit
1440 2267 1606 2339 decimam
1634 2266 1886 2358 manipularem
1913 2271 1950 2339 et
1973 2286 2058 2339 cana-

517 2389 631 2483 palem
666 2389 914 2462 monasterium
948 2387 1096 2461 Sanctae
1132 2386 1274 2480 Crucis,
1309 2393 1345 2461 et
1379 2388 1477 2461 valor
1513 2388 1587 2462 aius
1623 2388 1830 2461 aestimatur
1866 2388 1914 2461 ad
1943 2392 2058 2480 septen

519 2530 664 2584 marcas.

622 2632 812 2721 wracen,
839 2630 923 2702 villa
949 2630 1013 2701 sub
1040 2629 1205 2721 parochia
1232 2630 1275 2701 de
1302 2629 1430 2703 Nova
1455 2630 1565 2721 Slup
1593 2630 1670 2721 sita,
1698 2630 1795 2704 cuius
1813 2630 2008 2722 proprietas
2023 2631 2058 2703 ad

516 2752 766 2826 monasterium
792 2750 940 2823 Sanctae
967 2748 1089 2822 Crucis
1114 2752 1277 2843 pertinet.
1303 2752 1343 2823 In
1372 2772 1441 2843 qua
1468 2756 1548 2823 sunt
1576 2750 1726 2843 quinque
1752 2751 1846 2823 lanei
1875 2752 2057 2824 emethano-

516 2875 577 2965 les,
604 2880 640 2946 et
665 2894 735 2946 una
760 2873 960 2955 hortulanis
985 2872 1118 2944 babens
1146 2882 1260 2964 agree,
1279 2872 1322 2945 dc
1341 2873 1466 2963 quibus
1485 2872 1676 2945 decimatur
1694 2873 1871 2963 manipulo
1891 2876 1928 2945 et
1945 2894 2057 2963 canapo

517 3018 581 3087 pro
609 2994 755 3067 eeclesia
781 2995 817 3065 in
845 2992 1302 3085 Szwyantbamarza,
1331 2998 1368 3065 et
1393 2994 1492 3065 valor
1519 2995 1593 3066 eius
1620 2994 1824 3066 aestimatur
1850 2994 1898 3065 ad
1926 2994 2057 3085 quinque

517 3135 661 3187 marcas.
688 3114 786 3195 item,
804 3134 872 3186 non
900 3117 955 3185 eat
980 3112 1162 3205 praedium
1189 3114 1330 3206 aliquod
1356 3114 1392 3185 in
1420 3114 1540 3187 eadem
1567 3114 1660 3205 uilla,
1689 3114 1749 3189 sed
1768 3120 1823 3187 est
1840 3110 2057 3187 molendinum

518 3234 727 3310 coenobiale.

621 3355 883 3446 Mrnoczrczu,
909 3355 993 3428 villa
1019 3356 1084 3428 snb
1110 3355 1277 3447 parochia
1304 3354 1346 3428 de
1373 3355 1499 3428 Nova
1525 3355 1635 3448 Slup
1663 3357 1739 3448 sita,
1757 3357 1855 3429 cuius
1875 3357 2055 3448 proprietas

519 3478 565 3551 ad
589 3476 837 3550 monasterinm
864 3476 1012 3550 Sanctae
1038 3475 1160 3551 Crucis
1186 3477 1347 3569 pertinet.
1375 3477 1414 3548 In
1443 3499 1512 3570 qua
1538 3482 1619 3550 sunt
1636 3497 1697 3552 sex
1715 3478 1807 3551 lanei
1825 3479 2055 3568 emetbonales,

522 3599 610 3672 duae
636 3599 864 3690 hortulaniae,
890 3599 1060 3673 tabernae
1086 3653 1095 3670 .
1122 3653 1130 3669 .
1158 3653 1165 3670 .
1193 3653 1219 3689 .,
1246 3597 1290 3670 de
1317 3598 1441 3690 quibus
1469 3598 1661 3698 decimatur
1687 3600 1901 3672 monasterio
1930 3598 2057 3672 Sanctae

519 3719 650 3812 Crucis,
677 3726 714 3792 et
740 3721 838 3827 valor
864 3721 938 3793 eius
964 3721 1009 3792 ad
1035 3740 1097 3792 sex
1123 3739 1269 3792 marcas.
1295 3720 1384 3792 Item
1411 3721 1591 3812 praedium
1617 3741 1688 3794 non
1715 3727 1771 3794 est
1788 3709 1827 3793 in
1842 3721 1966 3794 eadem
1982 3721 2057 3792 villa

622 3843 961 3935 Kornzuwrannn,
989 3842 1073 3915 villa
1107 3842 1172 3913 sub
1208 3843 1374 3933 parocbia
1408 3842 1452 3914 de
1487 3841 1698 3936 Antiqua
1724 3843 1834 3935 Slup
1863 3844 1952 3935 sita,
1977 3841 2056 3914 cuius

518 3966 715 4058 proprietas
750 3963 795 4036 ad
822 3964 1072 4036 monasterium
1099 3962 1246 4036 Sanctae
1273 3962 1394 4035 Crucis
1420 3965 1583 4055 pertinet.
1622 3965 1664 4037 In
1691 3985 1760 4057 qua
1786 3971 1870 4038 sunt
1896 3985 1957 4038 εει
1981 3963 2057 4035 lanei

520 4086 773 4177 emetbonales,
797 4088 879 4158 item
907 4088 1092 4177 tabernae,
1118 4071 1203 4158 item
1229 4085 1467 4176 hortulaniae,
1495 4084 1538 4157 de
1566 4085 1690 4176 quibus
1716 4087 1896 4178 perceptio
1923 4085 2056 4158 decimae

519 4207 792 4297 diversificatnr3
829 4228 899 4279 una
934 4209 1024 4279 enim
1061 4227 1142 4298 pars
1170 4207 1273 4280 villae
1300 4207 1414 4278 media
1440 4205 1590 4278 decimat
1617 4207 1783 4279 ecelesiae
1810 4207 1845 4280 in
1873 4206 2056 4279 Bodzan-

519 4331 627 4420 czin,
653 4334 691 4402 et
715 4329 813 4400 valor
840 4329 914 4402 eins
941 4330 985 4401 ad
1011 4334 1084 4401 tres
1111 4349 1245 4400 marcas
1274 4329 1487 4419 aestimatur,
1507 4329 1619 4400 altera
1636 4350 1699 4420 pro
1718 4329 1864 4402 ecclesia
1881 4329 1918 4400 in
1936 4328 2056 4398 Kram-

518 4474 581 4544 pa,
609 4457 645 4539 et
671 4451 770 4524 valor
796 4451 871 4524 eius
898 4451 944 4523 ad
969 4457 1042 4524 tres
1068 4471 1214 4522 mareas.
1241 4451 1328 4524 Item
1348 4455 1402 4522 est
1419 4450 1468 4522 ibi
1486 4449 1667 4541 praedium
1686 4450 1897 4542 coenobiale,
1916 4449 1958 4522 de
1974 4448 2056 4520 tnins

519 4568 614 4666 agris
641 4573 841 4646 decimatur.

1202 4795 1389 4870 Cnrnrczn.

623 4939 718 5012 Villa
752 4939 885 5010 habens
918 4941 953 5008 in
991 4960 1027 5010 se
1055 4939 1287 5029 parochialem
1315 4937 1512 5026 ecclesiam,
1541 4937 1671 5012 Beatac
1708 4936 1837 5028 virgini
1863 4941 1901 5007 et
1927 4931 2055 5025 martyri

519 5061 765 5153 Margarethae
792 5059 949 5151 dicatam,
978 5065 1014 5132 et
1039 5061 1167 5150 partim
1194 5059 1327 5150 lapide,
1354 5060 1482 5149 partim
1509 5059 1619 5130 latere
1646 5058 1849 5130 fabricatam
1877 5068 1982 5148 murb,
2005 5074 2056 5146 per

519 5183 769 5276 Swyeczslaum
803 5165 846 5254 de
873 5181 1304 5273 Swyanszkowicze
1341 5180 1543 5271 haeredem,
1578 5180 1822 5252 cancellarium
1847 5179 2055 5270 Dobrzynen·

520 5327 600 5396 sem,
628 5309 665 5376 et
690 5305 862 5376 Mathiam
890 5303 932 5376 de
959 5303 1079 5374 eadem
1098 5303 1279 5396 Swyecz
1293 5301 1518 5393 slawicze,
1536 5299 1662 5374 fratres
1679 5321 1873 5392 germanos,
1892 5298 2055 5372 canonicos

521 5426 777 5518 Cracovienses,
805 5426 938 5498 nobiles
965 5425 1009 5498 de
1036 5427 1143 5516 armis
1171 5425 1544 5517 Schirokomlya,
1572 5425 1669 5496 euius
1697 5423 1802 5495 etiam
1831 5425 1867 5494 in
1905 5424 2054 5495 hactenns

521 5554 602 5621 sunt
627 5548 850 5620 haeredes...
865 5547 908 5620 de
926 5547 1324 5639 Swyanslrowieze
1350 5545 1523 5620 dictorum
1541 5546 1769 5639 Swyeczslavi
1787 5551 1823 5617 et
1840 5545 1994 5616 Mathiae
2009 5560 2053 5612 aa·

520 5671 721 5742 noniearum
748 5669 1038 5761 Cracoviensium,
1065 5691 1087 5742 a
1114 5669 1239 5761 quibus
1257 5689 1327 5742 una
1344 5668 1466 5741 domus
1485 5668 1694 5742 canonicalis
1711 5667 1867 5744 lateritia
1885 5667 1919 5738 in
1937 5663 2052 5756 postico
