4550 6600
492 786 568 862 508

490 1000 613 1086 expost
648 994 880 1085 Gnezuensis,
916 995 960 1067 de
996 995 1099 1068 domo
1135 994 1458 1068 Odrowansch.
1503 996 1544 1068 In
1581 1018 1649 1088 qua
1684 1003 1766 1069 sunt
1801 1018 1928 1071 novem
1954 998 2043 1071 lanei

490 1100 741 1205 emethoualeS,
778 1117 862 1187 item
888 1117 1036 1187 taberna
1061 1138 1130 1187 uua
1157 1116 1415 1206 tantummodo,
1446 1118 1530 1189 item
1557 1118 1778 1190 hortulaniae
1806 1125 1979 1210 quatuor,
2005 1119 2045 1191 de

490 1238 614 1327 quibus
642 1238 800 1309 omnibus
829 1237 979 1309 solvitur
1006 1244 1043 1309 11
1069 1239 1274 1310 conducitur
1302 1238 1435 1341 decima
1461 1240 1688 1330 manipularis
1716 1246 1751 1311 et
1777 1240 1957 1331 canapalis
1982 1260 2044 1331 pro

419 1457 422 1461 λ
486 1356 689 1448 praebenda
710 1358 910 1431 Keleziensi
936 1359 1199 1450 Schewyenslra.
1243 1360 1331 1431 Item
1359 1365 1413 1431 est
1439 1362 1489 1432 ibi
1524 1362 1704 1451 praedium
1740 1362 1893 1433 militare
1931 1382 2044 1451 uuum,

419 1540 424 1546 .
489 1480 533 1551 de
559 1481 656 1551 cuius
684 1480 779 1570 agris
806 1480 999 1553 decimatur
1023 1481 1192 1553 ecelesiae
1219 1482 1255 1552 in
1282 1482 1556 1574 Ruschkou,
1591 1488 1628 1555 et
1653 1482 1753 1556 valor
1779 1484 1854 1555 eius
1884 1484 2046 1554 aestima-

489 1606 547 1672 tur
574 1601 618 1672 ad
644 1606 717 1673 tres
744 1622 888 1674 mareas.

593 1720 800 1795 szwonn'
821 1744 936 1813 11111,
963 1724 1047 1796 villa
1073 1724 1137 1795 sub
1165 1724 1331 1813 parochia
1358 1723 1400 1797 de
1427 1724 1685 1798 Rusehkow
1711 1726 1799 1816 sita,
1838 1725 1938 1798 euius
1965 1746 2044 1815 pru·
2103 1820 2110 1827 Ι

457 1819 461 1830 ’
488 1844 620 1935 prietes
648 1844 693 1915 ad
720 1845 958 1935 episcopatum
983 1844 1242 1916 Lubuczensem
1269 1846 1432 1935 pertinet.
1458 1846 1498 1917 In
1527 1868 1595 1937 qua
1622 1852 1703 1919 sunt
1731 1853 1809 1919 octo
1836 1848 1932 1917 lanei
1956 1866 2046 1917 eme-

488 1965 656 2054 thouales,
683 1964 767 2035 item
795 1966 883 2036 duae
910 1966 1076 2038 tabernae
1103 1966 1270 2037 habentes
1298 1988 1419 2058 agree,
1447 1968 1530 2038 item
1557 1968 1776 2039 hortulaniae
1803 1974 1957 2058 quatuor
1983 1968 2046 2038 ha-

487 2086 609 2157 bentes
636 2108 749 2177 agree,
777 2088 819 2159 de
847 2089 972 2179 quibus
1000 2088 1160 2159 omnibus
1188 2088 1335 2159 solvitur
1362 2094 1399 2159 et
1425 2089 1630 2161 conducitur
1657 2090 1790 2161 decima
1816 2088 2045 2178 manipularis

414 2196 417 2201 ’
488 2210 523 2277 11
549 2208 733 2299 canapaliS,
760 2208 822 2280 sed
847 2210 967 2299 varie3
1006 2228 1086 2280 nam
1123 2209 1166 2281 de
1194 2210 1302 2301 agris,
1339 2210 1397 2301 qui
1424 2216 1506 2281 sunt
1532 2231 1653 2282 versus
1679 2210 1820 2282 flurium
1848 2208 2045 2281 Msthou

489 2329 533 2400 ad
555 2330 696 2419 plagam
723 2320 1036 2445 septeptrionalem,
1066 2337 1102 2402 et
1121 2332 1210 2403 eitra
1236 2330 1378 2403 fluvium
1396 2351 1517 2405 versus
1542 2324 1858 2423 Byskupieze,
1886 2352 1952 2421 pro
1970 2331 2044 2421 epi-

342 2440 346 2458 '
488 2470 593 2541 scopo
619 2451 836 2524 Lubuczensi
854 2452 997 2644 &eima
1024 2450 1172 2524 soluitur
1200 2452 1435 2544 manipularis,
1463 2453 1615 2525 1111111
1642 2455 1716 2524 eins
1737 2454 1782 2524 ad
1801 2458 1880 2524 octo
1908 2472 2044 2524 marcas

489 2572 711 2664 aestimatur,
748 2573 791 2645 de
818 2573 878 2645 alii
924 2594 1006 2645 vero
1034 2574 1148 2663 agria,
1186 2574 1333 2646 solvitur
1359 2594 1424 2665 pro
1451 2574 1651 2664 praebenda
1678 2573 1919 2666 Kyeleziensi,
1958 2594 2046 2666 quae

489 2696 634 2765 rotatur
660 2673 927 2788 SchewyenskaJ
951 2700 987 2767 et
1005 2695 1104 2767 valor
1126 2695 1200 2767 1111
1221 2694 1265 2765 ad
1283 2700 1362 2768 octo
1382 2714 1517 2767 marcas
1544 2695 1757 2767 aestimatur.
1784 2696 1873 2766 Item
1892 2691 2046 2764 1111111111

489 2836 553 2905 pro
581 2815 728 2886 ecclesia
753 2816 902 2887 solvunt.
1705 2816 1708 2823 ’

603 2920 929 3028 Ruseunowrncz,
964 2938 1049 3010 villa
1084 2939 1147 3028 sub
1175 2938 1341 3029 parochia
1376 2938 1418 3009 de
1445 2938 1701 3011 Rusehkow
1728 2938 1814 3028 sita,
1845 2938 1944 3009 euius
1969 2956 2050 3028 pro-

489 3058 620 3148 prietas
646 3052 700 3129 'ad
726 3060 963 3150 episcopatum
998 3060 1258 3131 Lubuczensem
1294 3061 1455 3151 pertinet.
1503 3060 1544 3130 In
1573 3082 1640 3151 qua
1666 3065 1747 3132 sunt
1775 3060 1927 3151 quinque
1953 3058 2043 3129 lanei

342 3199 348 3203 ·
491 3180 741 3270 emethouales,
776 3182 859 3251 item
895 3202 965 3252 una
991 3182 1137 3253 taberna
1172 3182 1304 3253 habens
1332 3202 1452 3273 agros,
1486 3181 1529 3253 de
1557 3182 1681 3273 quibus
1708 3181 1868 3253 omuibus
1896 3181 2045 3251 solvitur

488 3306 524 3371 et
550 3302 754 3373 conducitur
789 3303 922 3374 decima
948 3303 1174 3394 manipularis
1209 3303 1447 3375 tantummodo
1482 3324 1546 3394 pro
1574 3303 1732 3376 custodia
1757 3302 2042 3393 Oppatbouieusi,

489 3428 524 3492 et
550 3422 650 3494 valor
677 3423 751 3494 eius
779 3425 985 3496 aestimatur
1011 3425 1055 3496 ad
1076 3426 1338 3516 quatuordeeim
1365 3415 1514 3515 marcas}
1546 3445 1609 3516 pro
1637 3425 1771 3496 decima
1796 3446 1882 3497 vero
1911 3424 2043 3513 canapi,

490 3543 594 3615 solvit
621 3533 765 3635 quilibet
792 3552 942 3636 quatuor
968 3547 1139 3636 ligaturas
1167 3547 1290 3637 canapi
1317 3547 1403 3618 alias
1430 3543 1539 3642 tytdy,
1567 3550 1602 3617 et
1624 3567 1728 3618 unam
1756 3553 1918 3638 quartam
1947 3545 2041 3615 ebori

489 3662 629 3738 seminis
656 3668 736 3758 puri
762 3669 893 3759 canapi,
921 3667 963 3739 de
982 3668 1233 3742 consuetudine
1262 3670 1372 3740 veteri
1399 3674 1435 3740 11
1452 3669 1679 3762 praescripta.

1171 3893 1367 3970 Serranus.
1403 3969 1407 3980 ,

593 4031 688 4104 Villa
703 4033 835 4105 habens
862 4033 898 4104 in
917 4054 955 4104 se
972 4033 1205 4124 parochialem
1229 4034 1407 4105 eeclesiam
1436 4033 1603 4125 ligneam,
1631 4015 1758 4105 Sancto
1777 4032 1924 4105 Nicolao
1951 4032 2044 4104 diea-

487 4158 577 4244 tam,
604 4155 701 4226 cuius
737 4156 875 4227 collatio
911 4157 1064 4247 pertinet
1091 4157 1135 4226 ad
1163 4157 1365 4227 canonicum
1392 4155 1656 4247 Kyelezeu'sem,
1694 4157 1752 4246 qui
1780 4155 1909 4226 dieitur
1936 4153 2039 4224 Sche-

487 4275 670 4367 wyensky,
697 4277 794 4349 cuius
819 4277 923 4349 villae
949 4278 1147 4369 proprietas
1173 4279 1327 4368 pertinet
1354 4277 1398 4348 ad
1417 4278 1652 4367 episcopatum
1680 4273 1956 4348 Crotoniensem.
2000 4275 2042 4346 In

491 4418 559 4487 qua
585 4403 666 4468 sunt
702 4397 880 4470 duodecim
916 4398 1008 4470 lanei
1035 4399 1289 4490 emethoualeS,
1324 4399 1408 4470 item
1449 4404 1599 4490 quatuor
1624 4397 1791 4469 tabernae
1819 4397 2043 4495 episcopales,

486 4519 656 4591 babentes
683 4541 796 4613 agros,
822 4519 865 4592 de
885 4521 1009 4612 quibus
1028 4521 1186 4592 omnibus
1200 4520 1361 4593 solvitur
1388 4525 1423 4591 et
1441 4519 1646 4592 conducitur
1663 4519 1797 4591 decima
1815 4517 2042 4610 manipularis

487 4645 524 4712 et
554 4643 741 4733 canapalis,
768 4663 832 4732 pro
859 4643 1063 4713 canonicatu
1090 4647 1126 4713 et
1153 4641 1350 4732 praebenda
1376 4641 1580 4744 Kyelcensi,
1608 4661 1697 4733 quae
1724 4646 1870 4713 vocatur
1905 4639 2040 4731 811111-

300 4752 304 4759 ’
381 4857 386 4864 .
488 4763 669 4854 wyenslra,
697 4769 733 4835 et
759 4764 858 4836 valor
885 4766 959 4835 eius
987 4763 1030 4836 ad
1059 4763 1253 4854 quindecim
1286 4784 1420 4835 mareas
1447 4765 1658 4835 aestimatur.
1702 4763 1792 4833 Item
1820 4761 2041 4832 hortulaniae

488 4885 578 4956 duae
612 4886 781 4957 habentes
817 4907 938 4976 agree,
974 4885 1017 4957 de
1044 4886 1170 4976 quibus
1206 4885 1309 4956 datur
1344 4885 1476 4956 decima
1510 4884 1728 4975 praebendae
1762 4882 1971 4974 Kelezyeusi
2005 4883 2041 4952 iu

486 5004 701 5102 pouitbwoua.
745 5007 833 5078 Item
867 5009 962 5107 inter
995 5007 1171 5098 praelatos
1203 5006 1383 5078 duodecim
1418 5007 1536 5078 laneos
1573 5006 1825 5096 emethouales,
1863 5010 1917 5076 est
1953 5023 2040 5074 unus

488 5129 609 5201 laneus
635 5129 872 5220 duodecimus,
900 5129 997 5200 euius
1025 5130 1100 5219 agri
1128 5130 1210 5201 olim
1238 5134 1337 5200 eraut
1355 5128 1568 5220 plebanales,
1595 5148 1686 5199 nunc
1712 5147 1796 5199 vero
1823 5127 1961 5197 locatus
1988 5129 2041 5195 111
2155 5181 2156 5186 ,

489 5249 688 5342 1111111111,
715 5257 751 5322 11
777 5248 883 5324 solvit
915 5250 1081 5322 decimam
1108 5251 1375 5342 manipularem,
1411 5256 1447 5321 11
1474 5249 1588 5321 omnia
1615 5251 1692 5320 iura
1718 5254 1753 5319 et
1779 5269 1941 5338 censmn,
1978 5267 2039 5336 pro
2155 5277 2156 5334 l

488 5373 688 5462 praebenda
721 5371 943 5464 Kelezyensi,
978 5395 1048 5445 nou
1079 5371 1162 5445 facit
1196 5378 1311 5444 tamen
1348 5373 1483 5463 aliquos
1513 5353 1660 5443 labores.
1703 5369 1792 5442 Item
1828 5367 1977 5442 ecclesia
2003 5373 2037 5438 et
2155 5407 2156 5414 κ

490 5491 656 5582 plebanus
683 5513 752 5564 non
779 5493 911 5565 babent
937 5493 987 5564 ibi
1014 5491 1148 5583 aliquos
1177 5477 1295 5583 agree,
1329 5497 1389 5563 aut
1415 5497 1516 5583 prata
1542 5469 1605 5581 pro
1633 5511 1695 5563 suo
1722 5511 1805 5580 usu,
1832 5487 1979 5578 praedio
2005 5493 2038 5556 et
2154 5487 2156 5532 ³

490 5612 705 5687 necessitate.
748 5614 837 5686 Item
864 5619 919 5686 est
936 5613 985 5685 ibi
1001 5615 1184 5704 praedium
1211 5615 1351 5685 unicum
1373 5613 1574 5705 episcopale.
1593 5614 1732 5703 bonum,
1759 5610 1802 5682 de
1820 5611 1919 5682 euius
1948 5608 2036 5700 agris

492 5733 640 5807 soluitur
665 5736 800 5809 decima
825 5737 1052 5828 manipularis
1078 5756 1142 5828 pro
1161 5737 1307 5810 ecclesia
1334 5741 1370 5807 11
1387 5736 1535 5828 plebano
1563 5713 1598 5807 in
1617 5733 1852 5826 Sebeuna,
1880 5739 1918 5804 11
1944 5730 2037 5804 valor
