<?xml version="1.0" encoding="UTF-8"?>
<!DOCTYPE html PUBLIC "-//W3C//DTD XHTML 1.0 Transitional//EN"
    "http://www.w3.org/TR/xhtml1/DTD/xhtml1-transitional.dtd">
<html xmlns="http://www.w3.org/1999/xhtml" xml:lang="en" lang="en">
 <head>
  <title>
</title>
<meta http-equiv="Content-Type" content="text/html;charset=utf-8" />
  <meta name='ocr-system' content='tesseract 3.04.00' />
  <meta name='ocr-capabilities' content='ocr_page ocr_carea ocr_par ocr_line ocrx_word'/>
</head>
<body>
  <div class='ocr_page' id='page_1' title='image "./operaomnia03paulgoog_0511.png"; bbox 0 0 4550 6600; ppageno 0'>
   <div class='ocr_carea' id='block_1_1' title="bbox 431 942 2145 5802">
    <p class='ocr_par' dir='ltr' id='par_1_1' title="bbox 1091 942 1406 1015">
     <span class='ocr_line' id='line_1_1' title="bbox 1091 942 1406 1015; baseline -0.01 0"><span class='ocrx_word' id='word_1_1' title='bbox 1091 1008 1094 1015; x_wconf 92' lang='lat'>.</span> <span class='ocrx_word' id='word_1_2' title='bbox 1152 942 1406 1015; x_wconf 80' lang='lat' dir='ltr'>Sarnrurrmn.</span> 
     </span>
    </p>

    <p class='ocr_par' dir='ltr' id='par_1_2' title="bbox 503 1064 2063 2265">
     <span class='ocr_line' id='line_1_2' title="bbox 606 1064 2057 1156; baseline -0.001 -16"><span class='ocrx_word' id='word_1_3' title='bbox 606 1066 703 1140; x_wconf 84' lang='lat' dir='ltr'>Villa</span> <span class='ocrx_word' id='word_1_4' title='bbox 728 1066 861 1137; x_wconf 87' lang='lat' dir='ltr'>babens</span> <span class='ocrx_word' id='word_1_5' title='bbox 887 1065 923 1137; x_wconf 88' lang='lat' dir='ltr'>in</span> <span class='ocrx_word' id='word_1_6' title='bbox 951 1085 989 1136; x_wconf 93' lang='lat' dir='ltr'>se</span> <span class='ocrx_word' id='word_1_7' title='bbox 1015 1064 1196 1137; x_wconf 88' lang='lat' dir='ltr'>ecclesiam</span> <span class='ocrx_word' id='word_1_8' title='bbox 1231 1064 1382 1155; x_wconf 83' lang='lat' dir='ltr'>ligneam</span> <span class='ocrx_word' id='word_1_9' title='bbox 1408 1064 1653 1156; x_wconf 82' lang='lat' dir='ltr'>parochialem,</span> <span class='ocrx_word' id='word_1_10' title='bbox 1679 1064 1827 1138; x_wconf 75' lang='lat' dir='ltr'>Sanctae</span> <span class='ocrx_word' id='word_1_11' title='bbox 1859 1066 2057 1139; x_wconf 85' lang='lat' dir='ltr'>Dorotbeae</span> 
     </span>
     <span class='ocr_line' id='line_1_3' title="bbox 503 1186 2058 1282; baseline -0.001 -19"><span class='ocrx_word' id='word_1_12' title='bbox 503 1190 630 1282; x_wconf 82' lang='lat' dir='ltr'>virgini</span> <span class='ocrx_word' id='word_1_13' title='bbox 658 1188 826 1279; x_wconf 88' lang='lat' dir='ltr'>dicatam,</span> <span class='ocrx_word' id='word_1_14' title='bbox 860 1208 924 1279; x_wconf 90' lang='lat' dir='ltr'>por</span> <span class='ocrx_word' id='word_1_15' title='bbox 950 1186 1216 1259; x_wconf 89' lang='lat' dir='ltr'>Sbilutbum</span> <span class='ocrx_word' id='word_1_16' title='bbox 1252 1186 1451 1278; x_wconf 87' lang='lat' dir='ltr'>episcopum</span> <span class='ocrx_word' id='word_1_17' title='bbox 1478 1186 1800 1261; x_wconf 74' lang='lat' dir='ltr'>vladislaviensem&#39;</span> <span class='ocrx_word' id='word_1_18' title='bbox 1816 1188 2000 1261; x_wconf 78' lang='lat' dir='ltr'>fundatam</span> <span class='ocrx_word' id='word_1_19' title='bbox 2024 1194 2058 1261; x_wconf 88' lang='lat' dir='ltr'>et</span> 
     </span>
     <span class='ocr_line' id='line_1_4' title="bbox 504 1290 2058 1403; baseline -0.003 -16"><span class='ocrx_word' id='word_1_20' title='bbox 504 1315 677 1403; x_wconf 89' lang='lat' dir='ltr'>dotatam,</span> <span class='ocrx_word' id='word_1_21' title='bbox 704 1312 802 1383; x_wconf 89' lang='lat' dir='ltr'>cuius</span> <span class='ocrx_word' id='word_1_22' title='bbox 830 1317 998 1403; x_wconf 89' lang='lat' dir='ltr'>patronus</span> <span class='ocrx_word' id='word_1_23' title='bbox 1017 1311 1154 1383; x_wconf 88' lang='lat' dir='ltr'>unicus·</span> <span class='ocrx_word' id='word_1_24' title='bbox 1174 1310 1357 1401; x_wconf 87' lang='lat' dir='ltr'>episcopus</span> <span class='ocrx_word' id='word_1_25' title='bbox 1386 1290 1683 1389; x_wconf 84' lang='lat' dir='ltr'>Vladislaviensis.</span> <span class='ocrx_word' id='word_1_26' title='bbox 1726 1311 1768 1383; x_wconf 90' lang='lat' dir='ltr'>In</span> <span class='ocrx_word' id='word_1_27' title='bbox 1795 1332 1864 1403; x_wconf 88' lang='lat' dir='ltr'>qua</span> <span class='ocrx_word' id='word_1_28' title='bbox 1890 1316 1974 1383; x_wconf 89' lang='lat' dir='ltr'>sunt</span> <span class='ocrx_word' id='word_1_29' title='bbox 1998 1312 2058 1383; x_wconf 86' lang='lat' dir='ltr'>tri-</span> 
     </span>
     <span class='ocr_line' id='line_1_5' title="bbox 503 1429 2061 1528; baseline -0.002 -20"><span class='ocrx_word' id='word_1_30' title='bbox 503 1438 603 1528; x_wconf 85' lang='lat' dir='ltr'>ginta</span> <span class='ocrx_word' id='word_1_31' title='bbox 629 1435 721 1507; x_wconf 92' lang='lat' dir='ltr'>lanei</span> <span class='ocrx_word' id='word_1_32' title='bbox 748 1434 1003 1523; x_wconf 88' lang='lat' dir='ltr'>cmetbonales,</span> <span class='ocrx_word' id='word_1_33' title='bbox 1039 1432 1082 1504; x_wconf 92' lang='lat' dir='ltr'>de</span> <span class='ocrx_word' id='word_1_34' title='bbox 1110 1433 1234 1523; x_wconf 88' lang='lat' dir='ltr'>quibus</span> <span class='ocrx_word' id='word_1_35' title='bbox 1262 1429 1421 1516; x_wconf 84' lang='lat' dir='ltr'>omnibus</span> <span class='ocrx_word' id='word_1_36' title='bbox 1462 1432 1609 1505; x_wconf 84' lang='lat' dir='ltr'>solvitur</span> <span class='ocrx_word' id='word_1_37' title='bbox 1635 1438 1672 1505; x_wconf 88' lang='lat' dir='ltr'>et</span> <span class='ocrx_word' id='word_1_38' title='bbox 1698 1432 1902 1506; x_wconf 79' lang='lat' dir='ltr'><strong>conducitur</strong></span> <span class='ocrx_word' id='word_1_39' title='bbox 1929 1432 2061 1505; x_wconf 86' lang='lat' dir='ltr'>decima</span> 
     </span>
     <span class='ocr_line' id='line_1_6' title="bbox 505 1554 2060 1649; baseline -0.001 -19"><span class='ocrx_word' id='word_1_40' title='bbox 505 1557 732 1649; x_wconf 84' lang='lat' dir='ltr'>manipularis</span> <span class='ocrx_word' id='word_1_41' title='bbox 767 1561 803 1628; x_wconf 90' lang='lat' dir='ltr'>et</span> <span class='ocrx_word' id='word_1_42' title='bbox 830 1556 1007 1647; x_wconf 87' lang='lat' dir='ltr'>canapalis</span> <span class='ocrx_word' id='word_1_43' title='bbox 1042 1576 1106 1646; x_wconf 92' lang='lat' dir='ltr'>pro</span> <span class='ocrx_word' id='word_1_44' title='bbox 1134 1555 1337 1645; x_wconf 86' lang='lat' dir='ltr'>episcopatu</span> <span class='ocrx_word' id='word_1_45' title='bbox 1359 1554 1642 1629; x_wconf 57' lang='lat' dir='ltr'>&#39;Vladislaviensi</span> <span class='ocrx_word' id='word_1_46' title='bbox 1686 1556 1775 1627; x_wconf 91' lang='lat' dir='ltr'>Item</span> <span class='ocrx_word' id='word_1_47' title='bbox 1801 1561 1857 1629; x_wconf 87' lang='lat' dir='ltr'>est</span> <span class='ocrx_word' id='word_1_48' title='bbox 1884 1556 1935 1629; x_wconf 89' lang='lat' dir='ltr'>ibi</span> <span class='ocrx_word' id='word_1_49' title='bbox 1961 1576 2060 1646; x_wconf 87' lang='lat' dir='ltr'>prae-</span> 
     </span>
     <span class='ocr_line' id='line_1_7' title="bbox 505 1677 2061 1770; baseline -0.003 -17"><span class='ocrx_word' id='word_1_50' title='bbox 505 1682 601 1753; x_wconf 91' lang='lat' dir='ltr'>dium</span> <span class='ocrx_word' id='word_1_51' title='bbox 627 1678 833 1770; x_wconf 84' lang='lat' dir='ltr'>episcopale,</span> <span class='ocrx_word' id='word_1_52' title='bbox 860 1677 904 1749; x_wconf 92' lang='lat' dir='ltr'>de</span> <span class='ocrx_word' id='word_1_53' title='bbox 931 1678 1028 1751; x_wconf 87' lang='lat' dir='ltr'>ouius</span> <span class='ocrx_word' id='word_1_54' title='bbox 1054 1677 1148 1767; x_wconf 82' lang='lat' dir='ltr'>agris</span> <span class='ocrx_word' id='word_1_55' title='bbox 1176 1677 1324 1749; x_wconf 87' lang='lat' dir='ltr'>solvitur</span> <span class='ocrx_word' id='word_1_56' title='bbox 1351 1678 1484 1749; x_wconf 86' lang='lat' dir='ltr'>decima</span> <span class='ocrx_word' id='word_1_57' title='bbox 1510 1677 1736 1768; x_wconf 77' lang='lat' dir='ltr'>manipularis</span> <span class='ocrx_word' id='word_1_58' title='bbox 1761 1699 1826 1769; x_wconf 92' lang='lat' dir='ltr'>pro</span> <span class='ocrx_word' id='word_1_59' title='bbox 1842 1678 2061 1752; x_wconf 72' lang='lat' dir='ltr'>ecelesiam</span> 
     </span>
     <span class='ocr_line' id='line_1_8' title="bbox 506 1800 2060 1891; baseline -0.001 -18"><span class='ocrx_word' id='word_1_60' title='bbox 506 1802 773 1875; x_wconf 79' lang='lat' dir='ltr'>Zbiluthlra</span> <span class='ocrx_word' id='word_1_61' title='bbox 800 1800 889 1872; x_wconf 89' lang='lat' dir='ltr'>Item</span> <span class='ocrx_word' id='word_1_62' title='bbox 916 1800 1085 1890; x_wconf 93' lang='lat' dir='ltr'>plebanus</span> <span class='ocrx_word' id='word_1_63' title='bbox 1112 1800 1219 1871; x_wconf 88' lang='lat' dir='ltr'>babet</span> <span class='ocrx_word' id='word_1_64' title='bbox 1245 1800 1407 1891; x_wconf 92' lang='lat' dir='ltr'>proprios</span> <span class='ocrx_word' id='word_1_65' title='bbox 1426 1820 1529 1891; x_wconf 84' lang='lat' dir='ltr'>agros</span> <span class='ocrx_word' id='word_1_66' title='bbox 1557 1805 1593 1873; x_wconf 89' lang='lat' dir='ltr'>et</span> <span class='ocrx_word' id='word_1_67' title='bbox 1620 1804 1731 1890; x_wconf 88' lang='lat' dir='ltr'>prata.</span> <span class='ocrx_word' id='word_1_68' title='bbox 1758 1801 1848 1873; x_wconf 91' lang='lat' dir='ltr'>Item</span> <span class='ocrx_word' id='word_1_69' title='bbox 1875 1801 1912 1873; x_wconf 93' lang='lat' dir='ltr'>in</span> <span class='ocrx_word' id='word_1_70' title='bbox 1941 1800 2060 1873; x_wconf 89' lang='lat' dir='ltr'>eadem</span> 
     </span>
     <span class='ocr_line' id='line_1_9' title="bbox 507 1921 2063 2012; baseline -0.002 -16"><span class='ocrx_word' id='word_1_71' title='bbox 507 1926 591 1997; x_wconf 85' lang='lat' dir='ltr'>villa</span> <span class='ocrx_word' id='word_1_72' title='bbox 618 1929 672 1995; x_wconf 90' lang='lat' dir='ltr'>est</span> <span class='ocrx_word' id='word_1_73' title='bbox 699 1922 866 2012; x_wconf 91' lang='lat' dir='ltr'>scoltetia,</span> <span class='ocrx_word' id='word_1_74' title='bbox 892 1922 1026 1995; x_wconf 89' lang='lat' dir='ltr'>babens</span> <span class='ocrx_word' id='word_1_75' title='bbox 1053 1927 1127 1993; x_wconf 84' lang='lat' dir='ltr'>tres</span> <span class='ocrx_word' id='word_1_76' title='bbox 1154 1921 1273 1994; x_wconf 91' lang='lat' dir='ltr'>laneos</span> <span class='ocrx_word' id='word_1_77' title='bbox 1299 1942 1482 2012; x_wconf 80' lang='lat' dir='ltr'>agrorum3</span> <span class='ocrx_word' id='word_1_78' title='bbox 1510 1922 1593 1995; x_wconf 88' lang='lat' dir='ltr'>item</span> <span class='ocrx_word' id='word_1_79' title='bbox 1621 1923 1741 2001; x_wconf 87' lang='lat' dir='ltr'>eadem</span> <span class='ocrx_word' id='word_1_80' title='bbox 1768 1922 1932 1995; x_wconf 83' lang='lat' dir='ltr'>scoltetia</span> <span class='ocrx_word' id='word_1_81' title='bbox 1958 1921 2063 1995; x_wconf 89' lang='lat' dir='ltr'>babet</span> 
     </span>
     <span class='ocr_line' id='line_1_10' title="bbox 506 2043 2061 2135; baseline -0.002 -17"><span class='ocrx_word' id='word_1_82' title='bbox 506 2055 579 2118; x_wconf 88' lang='lat' dir='ltr'>tres</span> <span class='ocrx_word' id='word_1_83' title='bbox 607 2046 782 2117; x_wconf 51' lang='lat' dir='ltr'>tabernas&gt;</span> <span class='ocrx_word' id='word_1_84' title='bbox 796 2043 965 2116; x_wconf 87' lang='lat' dir='ltr'>habentes</span> <span class='ocrx_word' id='word_1_85' title='bbox 992 2064 1113 2135; x_wconf 77' lang='lat' dir='ltr'>agroS,</span> <span class='ocrx_word' id='word_1_86' title='bbox 1151 2044 1194 2115; x_wconf 90' lang='lat' dir='ltr'>de</span> <span class='ocrx_word' id='word_1_87' title='bbox 1222 2044 1347 2134; x_wconf 89' lang='lat' dir='ltr'>quibus</span> <span class='ocrx_word' id='word_1_88' title='bbox 1375 2043 1533 2116; x_wconf 91' lang='lat' dir='ltr'>omnibus</span> <span class='ocrx_word' id='word_1_89' title='bbox 1560 2044 1708 2117; x_wconf 87' lang='lat' dir='ltr'>solvitur</span> <span class='ocrx_word' id='word_1_90' title='bbox 1744 2044 1878 2117; x_wconf 87' lang='lat' dir='ltr'>decima</span> <span class='ocrx_word' id='word_1_91' title='bbox 1905 2045 2061 2135; x_wconf 88' lang='lat' dir='ltr'>manipu-</span> 
     </span>
     <span class='ocr_line' id='line_1_11' title="bbox 507 2166 1566 2265; baseline -0.005 -24"><span class='ocrx_word' id='word_1_92' title='bbox 507 2169 592 2241; x_wconf 87' lang='lat' dir='ltr'>laris</span> <span class='ocrx_word' id='word_1_93' title='bbox 620 2173 656 2239; x_wconf 91' lang='lat' dir='ltr'>et</span> <span class='ocrx_word' id='word_1_94' title='bbox 683 2166 857 2259; x_wconf 88' lang='lat' dir='ltr'>canapalis</span> <span class='ocrx_word' id='word_1_95' title='bbox 885 2166 1050 2237; x_wconf 86' lang='lat' dir='ltr'>eeclesiae</span> <span class='ocrx_word' id='word_1_96' title='bbox 1076 2166 1113 2237; x_wconf 90' lang='lat' dir='ltr'>in</span> <span class='ocrx_word' id='word_1_97' title='bbox 1140 2166 1484 2239; x_wconf 86' lang='lat' dir='ltr'>Baczkowicze.</span> <span class='ocrx_word' id='word_1_98' title='bbox 1559 2256 1566 2265; x_wconf 24' lang='lat'>=</span> 
     </span>
    </p>

    <p class='ocr_par' dir='ltr' id='par_1_3' title="bbox 431 2276 2064 2504">
     <span class='ocr_line' id='line_1_12' title="bbox 611 2276 2058 2381; baseline -0.001 -19"><span class='ocrx_word' id='word_1_99' title='bbox 611 2290 818 2381; x_wconf 75' lang='lat' dir='ltr'>Sanamem,</span> <span class='ocrx_word' id='word_1_100' title='bbox 859 2276 943 2361; x_wconf 88' lang='lat' dir='ltr'>villa</span> <span class='ocrx_word' id='word_1_101' title='bbox 968 2289 1033 2361; x_wconf 85' lang='lat' dir='ltr'>suh</span> <span class='ocrx_word' id='word_1_102' title='bbox 1060 2288 1227 2379; x_wconf 89' lang='lat' dir='ltr'>parocbia</span> <span class='ocrx_word' id='word_1_103' title='bbox 1254 2287 1296 2359; x_wconf 90' lang='lat' dir='ltr'>de</span> <span class='ocrx_word' id='word_1_104' title='bbox 1323 2288 1578 2361; x_wconf 81' lang='lat' dir='ltr'>Sbilntblra</span> <span class='ocrx_word' id='word_1_105' title='bbox 1603 2288 1690 2379; x_wconf 84' lang='lat' dir='ltr'>sita,</span> <span class='ocrx_word' id='word_1_106' title='bbox 1731 2287 1828 2361; x_wconf 83' lang='lat' dir='ltr'>mim</span> <span class='ocrx_word' id='word_1_107' title='bbox 1859 2288 2058 2379; x_wconf 74' lang='lat' dir='ltr'>proprietas</span> 
     </span>
     <span class='ocr_line' id='line_1_13' title="bbox 431 2409 2064 2504; baseline -0.002 -19"><span class='ocrx_word' id='word_1_108' title='bbox 431 2420 435 2428; x_wconf 85' lang='lat'>&#39;</span> <span class='ocrx_word' id='word_1_109' title='bbox 509 2411 554 2485; x_wconf 90' lang='lat' dir='ltr'>ad</span> <span class='ocrx_word' id='word_1_110' title='bbox 581 2414 818 2504; x_wconf 90' lang='lat' dir='ltr'>episcopatum</span> <span class='ocrx_word' id='word_1_111' title='bbox 844 2410 1156 2483; x_wconf 88' lang='lat' dir='ltr'>Vladislaviensem</span> <span class='ocrx_word' id='word_1_112' title='bbox 1183 2410 1347 2501; x_wconf 88' lang='lat' dir='ltr'>pertinet.</span> <span class='ocrx_word' id='word_1_113' title='bbox 1373 2410 1414 2481; x_wconf 92' lang='lat' dir='ltr'>In</span> <span class='ocrx_word' id='word_1_114' title='bbox 1442 2430 1510 2501; x_wconf 90' lang='lat' dir='ltr'>qua</span> <span class='ocrx_word' id='word_1_115' title='bbox 1537 2416 1619 2483; x_wconf 88' lang='lat' dir='ltr'>sunt</span> <span class='ocrx_word' id='word_1_116' title='bbox 1645 2409 1828 2483; x_wconf 83' lang='lat' dir='ltr'>duodecim</span> <span class='ocrx_word' id='word_1_117' title='bbox 1853 2410 1949 2481; x_wconf 89' lang='lat' dir='ltr'>lanei</span> <span class='ocrx_word' id='word_1_118' title='bbox 1975 2430 2064 2481; x_wconf 88' lang='lat' dir='ltr'>ome-</span> 
     </span>
    </p>

    <p class='ocr_par' dir='ltr' id='par_1_4' title="bbox 481 2531 2145 3114">
     <span class='ocr_line' id='line_1_14' title="bbox 481 2531 2145 2632; baseline -0.002 -26"><span class='ocrx_word' id='word_1_119' title='bbox 481 2534 687 2632; x_wconf 78' lang='lat' dir='ltr'>themelae,</span> <span class='ocrx_word' id='word_1_120' title='bbox 723 2532 767 2605; x_wconf 93' lang='lat' dir='ltr'>de</span> <span class='ocrx_word' id='word_1_121' title='bbox 794 2533 919 2624; x_wconf 89' lang='lat' dir='ltr'>quibus</span> <span class='ocrx_word' id='word_1_122' title='bbox 945 2532 1092 2605; x_wconf 85' lang='lat' dir='ltr'>solvitur</span> <span class='ocrx_word' id='word_1_123' title='bbox 1119 2538 1156 2603; x_wconf 86' lang='lat' dir='ltr'>et</span> <span class='ocrx_word' id='word_1_124' title='bbox 1182 2532 1387 2605; x_wconf 87' lang='lat' dir='ltr'>conducitur</span> <span class='ocrx_word' id='word_1_125' title='bbox 1413 2531 1546 2605; x_wconf 88' lang='lat' dir='ltr'>decima</span> <span class='ocrx_word' id='word_1_126' title='bbox 1572 2532 1799 2623; x_wconf 74' lang='lat' dir='ltr'>manipularis</span> <span class='ocrx_word' id='word_1_127' title='bbox 1825 2538 1862 2603; x_wconf 88' lang='lat' dir='ltr'>et</span> <span class='ocrx_word' id='word_1_128' title='bbox 1889 2532 2063 2622; x_wconf 80' lang='lat' dir='ltr'>cenapolis</span> <span class='ocrx_word' id='word_1_129' title='bbox 2135 2536 2145 2557; x_wconf 76' lang='lat'><strong><em>⁹</em></strong></span> 
     </span>
     <span class='ocr_line' id='line_1_15' title="bbox 509 2653 2064 2747; baseline -0.001 -21"><span class='ocrx_word' id='word_1_130' title='bbox 509 2677 573 2747; x_wconf 91' lang='lat' dir='ltr'>pro</span> <span class='ocrx_word' id='word_1_131' title='bbox 600 2656 801 2746; x_wconf 86' lang='lat' dir='ltr'>episcopatu</span> <span class='ocrx_word' id='word_1_132' title='bbox 827 2654 1107 2744; x_wconf 86' lang='lat' dir='ltr'>Vladislaviensi,</span> <span class='ocrx_word' id='word_1_133' title='bbox 1135 2654 1233 2726; x_wconf 84' lang='lat' dir='ltr'>cuius</span> <span class='ocrx_word' id='word_1_134' title='bbox 1261 2654 1359 2726; x_wconf 85' lang='lat' dir='ltr'>valor</span> <span class='ocrx_word' id='word_1_135' title='bbox 1386 2654 1591 2734; x_wconf 83' lang='lat' dir='ltr'>aestimatur</span> <span class='ocrx_word' id='word_1_136' title='bbox 1618 2653 1663 2725; x_wconf 92' lang='lat' dir='ltr'>ad</span> <span class='ocrx_word' id='word_1_137' title='bbox 1690 2659 1768 2725; x_wconf 87' lang='lat' dir='ltr'>octo</span> <span class='ocrx_word' id='word_1_138' title='bbox 1795 2674 1941 2726; x_wconf 87' lang='lat' dir='ltr'>marcas.</span> <span class='ocrx_word' id='word_1_139' title='bbox 1977 2654 2064 2725; x_wconf 79' lang='lat' dir='ltr'>Item</span> 
     </span>
     <span class='ocr_line' id='line_1_16' title="bbox 511 2774 2065 2865; baseline -0.001 -15"><span class='ocrx_word' id='word_1_140' title='bbox 511 2778 671 2850; x_wconf 84' lang='lat' dir='ltr'>scoltetia</span> <span class='ocrx_word' id='word_1_141' title='bbox 697 2777 800 2849; x_wconf 88' lang='lat' dir='ltr'>villae</span> <span class='ocrx_word' id='word_1_142' title='bbox 827 2775 1082 2849; x_wconf 85' lang='lat' dir='ltr'>Sbiluthha</span> <span class='ocrx_word' id='word_1_143' title='bbox 1117 2776 1224 2849; x_wconf 89' lang='lat' dir='ltr'>babet</span> <span class='ocrx_word' id='word_1_144' title='bbox 1250 2775 1285 2847; x_wconf 93' lang='lat' dir='ltr'>in</span> <span class='ocrx_word' id='word_1_145' title='bbox 1313 2774 1435 2849; x_wconf 88' lang='lat' dir='ltr'>eadem</span> <span class='ocrx_word' id='word_1_146' title='bbox 1462 2774 1547 2849; x_wconf 85' lang='lat' dir='ltr'>villa</span> <span class='ocrx_word' id='word_1_147' title='bbox 1572 2774 1659 2849; x_wconf 87' lang='lat' dir='ltr'>duas</span> <span class='ocrx_word' id='word_1_148' title='bbox 1685 2776 1868 2865; x_wconf 83' lang='lat' dir='ltr'>tabernas,</span> <span class='ocrx_word' id='word_1_149' title='bbox 1896 2775 2065 2849; x_wconf 81' lang='lat' dir='ltr'>babentes</span> 
     </span>
     <span class='ocr_line' id='line_1_17' title="bbox 510 2895 2067 2991; baseline -0.001 -21"><span class='ocrx_word' id='word_1_150' title='bbox 510 2921 623 2991; x_wconf 86' lang='lat' dir='ltr'>agros,</span> <span class='ocrx_word' id='word_1_151' title='bbox 650 2899 845 2991; x_wconf 87' lang='lat' dir='ltr'>dequibus</span> <span class='ocrx_word' id='word_1_152' title='bbox 871 2898 1006 2971; x_wconf 88' lang='lat' dir='ltr'>decima</span> <span class='ocrx_word' id='word_1_153' title='bbox 1031 2898 1258 2988; x_wconf 84' lang='lat' dir='ltr'>manipularis</span> <span class='ocrx_word' id='word_1_154' title='bbox 1286 2897 1471 2971; x_wconf 77' lang='lat' dir='ltr'>sobitum...</span> <span class='ocrx_word' id='word_1_155' title='bbox 1498 2898 1585 2969; x_wconf 83' lang='lat' dir='ltr'>Item</span> <span class='ocrx_word' id='word_1_156' title='bbox 1604 2920 1674 2971; x_wconf 90' lang='lat' dir='ltr'>non</span> <span class='ocrx_word' id='word_1_157' title='bbox 1692 2895 1757 2971; x_wconf 69' lang='lat' dir='ltr'>e‘st&#39;</span> <span class='ocrx_word' id='word_1_158' title='bbox 1773 2899 1809 2970; x_wconf 91' lang='lat' dir='ltr'>in</span> <span class='ocrx_word' id='word_1_159' title='bbox 1836 2897 1964 2971; x_wconf 89' lang='lat' dir='ltr'>eadem.</span> <span class='ocrx_word' id='word_1_160' title='bbox 1985 2898 2067 2970; x_wconf 76' lang='lat' dir='ltr'>uilla</span> 
     </span>
     <span class='ocr_line' id='line_1_18' title="bbox 494 3014 1941 3114; baseline 0 -21"><span class='ocrx_word' id='word_1_161' title='bbox 494 3022 691 3114; x_wconf 74' lang='lat' dir='ltr'>vpraedium</span> <span class='ocrx_word' id='word_1_162' title='bbox 718 3021 924 3113; x_wconf 86' lang='lat' dir='ltr'>episcopale,</span> <span class='ocrx_word' id='word_1_163' title='bbox 950 3042 1021 3093; x_wconf 86' lang='lat' dir='ltr'>non</span> <span class='ocrx_word' id='word_1_164' title='bbox 1048 3027 1102 3093; x_wconf 84' lang='lat' dir='ltr'>est</span> <span class='ocrx_word' id='word_1_165' title='bbox 1128 3020 1373 3111; x_wconf 87' lang='lat' dir='ltr'>molendinum,</span> <span class='ocrx_word' id='word_1_166' title='bbox 1401 3040 1469 3093; x_wconf 90' lang='lat' dir='ltr'>non</span> <span class='ocrx_word' id='word_1_167' title='bbox 1496 3025 1578 3101; x_wconf 87' lang='lat' dir='ltr'>sunt</span> <span class='ocrx_word' id='word_1_168' title='bbox 1603 3020 1831 3093; x_wconf 84' lang='lat' dir='ltr'>hortulaniae</span> <span class='ocrx_word' id='word_1_169' title='bbox 1939 3014 1941 3019; x_wconf 74' lang='grc'><strong>’</strong></span> 
     </span>
    </p>

    <p class='ocr_par' dir='ltr' id='par_1_5' title="bbox 614 3132 1800 3234">
     <span class='ocr_line' id='line_1_19' title="bbox 614 3132 1800 3234; baseline -0.001 -18"><span class='ocrx_word' id='word_1_170' title='bbox 614 3143 732 3216; x_wconf 82' lang='lat' dir='ltr'>Villae</span> <span class='ocrx_word' id='word_1_171' title='bbox 758 3143 985 3234; x_wconf 83' lang='lat' dir='ltr'>parochiales:</span> <span class='ocrx_word' id='word_1_172' title='bbox 1012 3142 1286 3233; x_wconf 89' lang='lat' dir='ltr'>Sbiluthka,</span> <span class='ocrx_word' id='word_1_173' title='bbox 1315 3141 1579 3215; x_wconf 88' lang='lat' dir='ltr'>Sobadkow.</span> <span class='ocrx_word' id='word_1_174' title='bbox 1797 3132 1800 3137; x_wconf 71' lang='grc'><strong>’</strong></span> 
     </span>
    </p>

    <p class='ocr_par' dir='ltr' id='par_1_6' title="bbox 604 3263 1365 3349">
     <span class='ocr_line' id='line_1_20' title="bbox 604 3263 1365 3349; baseline -0.003 -13"><span class='ocrx_word' id='word_1_175' title='bbox 604 3330 628 3349; x_wconf 75' lang='lat'><em>„</em></span> <span class='ocrx_word' id='word_1_176' title='bbox 1213 3263 1365 3338; x_wconf 84' lang='lat' dir='ltr'>Lnoow.</span> 
     </span>
    </p>

    <p class='ocr_par' dir='ltr' id='par_1_7' title="bbox 465 3385 2068 4822">
     <span class='ocr_line' id='line_1_21' title="bbox 615 3385 2066 3488; baseline 0.002 -29"><span class='ocrx_word' id='word_1_177' title='bbox 615 3386 788 3479; x_wconf 88' lang='lat' dir='ltr'>Oppidum</span> <span class='ocrx_word' id='word_1_178' title='bbox 814 3387 947 3460; x_wconf 89' lang='lat' dir='ltr'>habens</span> <span class='ocrx_word' id='word_1_179' title='bbox 964 3385 1002 3458; x_wconf 95' lang='lat' dir='ltr'>in</span> <span class='ocrx_word' id='word_1_180' title='bbox 1019 3406 1057 3460; x_wconf 92' lang='lat' dir='ltr'>se</span> <span class='ocrx_word' id='word_1_181' title='bbox 1074 3386 1254 3460; x_wconf 90' lang='lat' dir='ltr'>ecelesiam</span> <span class='ocrx_word' id='word_1_182' title='bbox 1276 3386 1524 3478; x_wconf 86' lang='lat' dir='ltr'>parochialem,</span> <span class='ocrx_word' id='word_1_183' title='bbox 1551 3407 1615 3478; x_wconf 90' lang='lat' dir='ltr'>pro</span> <span class='ocrx_word' id='word_1_184' title='bbox 1639 3386 1753 3488; x_wconf 88' lang='lat' dir='ltr'>media</span> <span class='ocrx_word' id='word_1_185' title='bbox 1778 3393 1879 3479; x_wconf 84' lang='lat' dir='ltr'>parte</span> <span class='ocrx_word' id='word_1_186' title='bbox 1906 3387 1944 3458; x_wconf 94' lang='lat' dir='ltr'>in</span> <span class='ocrx_word' id='word_1_187' title='bbox 1964 3388 2066 3468; x_wconf 82' lang='lat' dir='ltr'>choro</span> 
     </span>
     <span class='ocr_line' id='line_1_22' title="bbox 511 3508 2065 3607; baseline 0 -25"><span class='ocrx_word' id='word_1_188' title='bbox 511 3514 692 3602; x_wconf 89' lang='lat' dir='ltr'>muratam,</span> <span class='ocrx_word' id='word_1_189' title='bbox 717 3531 782 3601; x_wconf 90' lang='lat' dir='ltr'>pro</span> <span class='ocrx_word' id='word_1_190' title='bbox 809 3510 922 3582; x_wconf 88' lang='lat' dir='ltr'>altera</span> <span class='ocrx_word' id='word_1_191' title='bbox 947 3530 1032 3582; x_wconf 85' lang='lat' dir='ltr'>vero</span> <span class='ocrx_word' id='word_1_192' title='bbox 1059 3508 1246 3582; x_wconf 81' lang='lat' dir='ltr'>medietate</span> <span class='ocrx_word' id='word_1_193' title='bbox 1273 3509 1476 3600; x_wconf 83' lang='lat' dir='ltr'>ligneam..</span> <span class='ocrx_word' id='word_1_194' title='bbox 1496 3564 1531 3580; x_wconf 92' lang='grc'>..</span> <span class='ocrx_word' id='word_1_195' title='bbox 1558 3509 1718 3600; x_wconf 80' lang='lat' dir='ltr'>dimtam,</span> <span class='ocrx_word' id='word_1_196' title='bbox 1745 3510 1842 3582; x_wconf 84' lang='lat' dir='ltr'>cuius</span> <span class='ocrx_word' id='word_1_197' title='bbox 1869 3510 2065 3607; x_wconf 83' lang='lat' dir='ltr'>proprietas</span> 
     </span>
     <span class='ocr_line' id='line_1_23' title="bbox 513 3631 2062 3724; baseline 0.002 -21"><span class='ocrx_word' id='word_1_198' title='bbox 513 3633 557 3704; x_wconf 91' lang='lat' dir='ltr'>ad</span> <span class='ocrx_word' id='word_1_199' title='bbox 585 3633 820 3724; x_wconf 91' lang='lat' dir='ltr'>episcopatum</span> <span class='ocrx_word' id='word_1_200' title='bbox 838 3631 1149 3704; x_wconf 87' lang='lat' dir='ltr'>Vladislariensem</span> <span class='ocrx_word' id='word_1_201' title='bbox 1176 3631 1338 3724; x_wconf 87' lang='lat' dir='ltr'>pertinet,</span> <span class='ocrx_word' id='word_1_202' title='bbox 1364 3633 1461 3704; x_wconf 90' lang='lat' dir='ltr'>ouius</span> <span class='ocrx_word' id='word_1_203' title='bbox 1487 3631 1580 3704; x_wconf 90' lang='lat' dir='ltr'>idem</span> <span class='ocrx_word' id='word_1_204' title='bbox 1607 3632 1789 3724; x_wconf 90' lang='lat' dir='ltr'>episcopus</span> <span class='ocrx_word' id='word_1_205' title='bbox 1808 3631 2062 3706; x_wconf 83' lang='lat' dir='ltr'>Vladislauieu·</span> 
     </span>
     <span class='ocr_line' id='line_1_24' title="bbox 512 3752 2068 3845; baseline 0.001 -20"><span class='ocrx_word' id='word_1_206' title='bbox 512 3756 560 3826; x_wconf 90' lang='lat' dir='ltr'>sis</span> <span class='ocrx_word' id='word_1_207' title='bbox 588 3760 642 3826; x_wconf 90' lang='lat' dir='ltr'>est</span> <span class='ocrx_word' id='word_1_208' title='bbox 668 3758 845 3845; x_wconf 89' lang='lat' dir='ltr'>patronus.</span> <span class='ocrx_word' id='word_1_209' title='bbox 872 3753 939 3826; x_wconf 82' lang='lat' dir='ltr'>Est</span> <span class='ocrx_word' id='word_1_210' title='bbox 970 3757 1084 3825; x_wconf 86' lang='lat' dir='ltr'>autem</span> <span class='ocrx_word' id='word_1_211' title='bbox 1116 3752 1298 3844; x_wconf 88' lang='lat' dir='ltr'>praedicta</span> <span class='ocrx_word' id='word_1_212' title='bbox 1319 3753 1465 3826; x_wconf 89' lang='lat' dir='ltr'>eeclesia</span> <span class='ocrx_word' id='word_1_213' title='bbox 1491 3753 1718 3844; x_wconf 81' lang='lat' dir='ltr'>Lagoviensis</span> <span class='ocrx_word' id='word_1_214' title='bbox 1749 3755 1876 3826; x_wconf 79' lang='lat' dir='ltr'>matrix</span> <span class='ocrx_word' id='word_1_215' title='bbox 1904 3755 2068 3827; x_wconf 86' lang='lat' dir='ltr'>ecclesiae</span> 
     </span>
     <span class='ocr_line' id='line_1_25' title="bbox 511 3874 2064 3980; baseline 0.001 -32"><span class='ocrx_word' id='word_1_216' title='bbox 511 3877 554 3949; x_wconf 92' lang='lat' dir='ltr'>de</span> <span class='ocrx_word' id='word_1_217' title='bbox 580 3874 927 3967; x_wconf 80' lang='lat' dir='ltr'>Baczkowicze,</span> <span class='ocrx_word' id='word_1_218' title='bbox 954 3881 991 3948; x_wconf 85' lang='lat' dir='ltr'>et</span> <span class='ocrx_word' id='word_1_219' title='bbox 1008 3881 1156 3967; x_wconf 88' lang='lat' dir='ltr'>utraque</span> <span class='ocrx_word' id='word_1_220' title='bbox 1175 3896 1237 3968; x_wconf 89' lang='lat' dir='ltr'>per</span> <span class='ocrx_word' id='word_1_221' title='bbox 1256 3897 1362 3950; x_wconf 87' lang='lat' dir='ltr'>unum</span> <span class='ocrx_word' id='word_1_222' title='bbox 1380 3876 1565 3980; x_wconf 86' lang='lat' dir='ltr'>plebanum</span> <span class='ocrx_word' id='word_1_223' title='bbox 1583 3879 1717 3967; x_wconf 86' lang='lat' dir='ltr'>regitur</span> <span class='ocrx_word' id='word_1_224' title='bbox 1735 3881 1771 3949; x_wconf 91' lang='lat' dir='ltr'>et</span> <span class='ocrx_word' id='word_1_225' title='bbox 1788 3876 2064 3968; x_wconf 87' lang='lat' dir='ltr'>administratur,</span> 
     </span>
     <span class='ocr_line' id='line_1_26' title="bbox 515 3997 2065 4091; baseline 0.001 -21"><span class='ocrx_word' id='word_1_226' title='bbox 515 4020 662 4091; x_wconf 87' lang='lat' dir='ltr'>quarum</span> <span class='ocrx_word' id='word_1_227' title='bbox 688 4020 779 4070; x_wconf 89' lang='lat' dir='ltr'>nuno</span> <span class='ocrx_word' id='word_1_228' title='bbox 805 3998 974 4088; x_wconf 89' lang='lat' dir='ltr'>plebanus</span> <span class='ocrx_word' id='word_1_229' title='bbox 992 4004 1083 4070; x_wconf 87' lang='lat' dir='ltr'>est...</span> <span class='ocrx_word' id='word_1_230' title='bbox 1110 3997 1423 4090; x_wconf 88' lang='lat' dir='ltr'>Mikulowsky</span> <span class='ocrx_word' id='word_1_231' title='bbox 1450 3998 1578 4071; x_wconf 87' lang='lat' dir='ltr'>nobilis</span> <span class='ocrx_word' id='word_1_232' title='bbox 1604 3998 1648 4070; x_wconf 90' lang='lat' dir='ltr'>de</span> <span class='ocrx_word' id='word_1_233' title='bbox 1675 3997 1776 4071; x_wconf 89' lang='lat' dir='ltr'>domo</span> <span class='ocrx_word' id='word_1_234' title='bbox 1804 3998 2065 4091; x_wconf 73' lang='lat' dir='ltr'>bladrostb·</span> 
     </span>
     <span class='ocr_line' id='line_1_27' title="bbox 511 4119 2066 4222; baseline 0.001 -30"><span class='ocrx_word' id='word_1_235' title='bbox 511 4123 578 4212; x_wconf 85' lang='lat' dir='ltr'>hy.</span> <span class='ocrx_word' id='word_1_236' title='bbox 620 4121 661 4191; x_wconf 92' lang='lat' dir='ltr'>In</span> <span class='ocrx_word' id='word_1_237' title='bbox 693 4119 815 4192; x_wconf 89' lang='lat' dir='ltr'>eodem</span> <span class='ocrx_word' id='word_1_238' title='bbox 847 4125 963 4191; x_wconf 89' lang='lat' dir='ltr'>autem</span> <span class='ocrx_word' id='word_1_239' title='bbox 995 4119 1122 4211; x_wconf 93' lang='lat' dir='ltr'>oppido</span> <span class='ocrx_word' id='word_1_240' title='bbox 1150 4125 1232 4192; x_wconf 86' lang='lat' dir='ltr'>sunt</span> <span class='ocrx_word' id='word_1_241' title='bbox 1258 4119 1349 4192; x_wconf 88' lang='lat' dir='ltr'>lanei</span> <span class='ocrx_word' id='word_1_242' title='bbox 1376 4119 1637 4212; x_wconf 88' lang='lat' dir='ltr'>oppidanorum,</span> <span class='ocrx_word' id='word_1_243' title='bbox 1664 4120 1708 4192; x_wconf 91' lang='lat' dir='ltr'>de</span> <span class='ocrx_word' id='word_1_244' title='bbox 1743 4121 1868 4212; x_wconf 88' lang='lat' dir='ltr'>quibus</span> <span class='ocrx_word' id='word_1_245' title='bbox 1901 4120 2066 4222; x_wconf 83' lang='lat' dir='ltr'>decimam</span> 
     </span>
     <span class='ocr_line' id='line_1_28' title="bbox 513 4241 2067 4336; baseline 0.002 -23"><span class='ocrx_word' id='word_1_246' title='bbox 513 4242 762 4336; x_wconf 84' lang='lat' dir='ltr'>manipularem</span> <span class='ocrx_word' id='word_1_247' title='bbox 791 4241 932 4314; x_wconf 87' lang='lat' dir='ltr'>solvunt</span> <span class='ocrx_word' id='word_1_248' title='bbox 958 4247 994 4312; x_wconf 93' lang='lat' dir='ltr'>et</span> <span class='ocrx_word' id='word_1_249' title='bbox 1021 4242 1243 4314; x_wconf 88' lang='lat' dir='ltr'>conducunt.</span> <span class='ocrx_word' id='word_1_250' title='bbox 1263 4297 1270 4312; x_wconf 93' lang='lat'><strong>.</strong></span> <span class='ocrx_word' id='word_1_251' title='bbox 1290 4295 1324 4314; x_wconf 91' lang='lat'>..</span> <span class='ocrx_word' id='word_1_252' title='bbox 1351 4242 1439 4314; x_wconf 89' lang='lat' dir='ltr'>Item</span> <span class='ocrx_word' id='word_1_253' title='bbox 1467 4243 1503 4314; x_wconf 91' lang='lat' dir='ltr'>in</span> <span class='ocrx_word' id='word_1_254' title='bbox 1530 4241 1650 4316; x_wconf 89' lang='lat' dir='ltr'>eodem</span> <span class='ocrx_word' id='word_1_255' title='bbox 1678 4243 1805 4335; x_wconf 94' lang='lat' dir='ltr'>oppido</span> <span class='ocrx_word' id='word_1_256' title='bbox 1836 4263 1907 4316; x_wconf 91' lang='lat' dir='ltr'>non</span> <span class='ocrx_word' id='word_1_257' title='bbox 1933 4243 2067 4316; x_wconf 81' lang='lat' dir='ltr'>habitat</span> 
     </span>
     <span class='ocr_line' id='line_1_29' title="bbox 465 4345 2067 4457; baseline 0.002 -23"><span class='ocrx_word' id='word_1_258' title='bbox 465 4386 471 4393; x_wconf 88' lang='lat'><strong>·</strong></span> <span class='ocrx_word' id='word_1_259' title='bbox 514 4364 700 4455; x_wconf 84' lang='lat' dir='ltr'>plebanus,</span> <span class='ocrx_word' id='word_1_260' title='bbox 728 4363 789 4435; x_wconf 91' lang='lat' dir='ltr'>sed</span> <span class='ocrx_word' id='word_1_261' title='bbox 815 4363 850 4434; x_wconf 93' lang='lat' dir='ltr'>in</span> <span class='ocrx_word' id='word_1_262' title='bbox 878 4363 1209 4436; x_wconf 83' lang='lat' dir='ltr'>Baczkouicze</span> <span class='ocrx_word' id='word_1_263' title='bbox 1236 4364 1330 4454; x_wconf 87' lang='lat' dir='ltr'>villa;</span> <span class='ocrx_word' id='word_1_264' title='bbox 1356 4364 1519 4436; x_wconf 87' lang='lat' dir='ltr'>habitant</span> <span class='ocrx_word' id='word_1_265' title='bbox 1544 4345 1661 4436; x_wconf 78' lang='lat' dir='ltr'>tanum</span> <span class='ocrx_word' id='word_1_266' title='bbox 1686 4364 1736 4438; x_wconf 90' lang='lat' dir='ltr'>ibi</span> <span class='ocrx_word' id='word_1_267' title='bbox 1762 4365 1886 4438; x_wconf 85' lang='lat' dir='ltr'>vicarii</span> <span class='ocrx_word' id='word_1_268' title='bbox 1912 4366 1984 4457; x_wconf 92' lang='lat' dir='ltr'>sui,</span> <span class='ocrx_word' id='word_1_269' title='bbox 2011 4365 2067 4456; x_wconf 89' lang='lat' dir='ltr'>qui</span> 
     </span>
     <span class='ocr_line' id='line_1_30' title="bbox 513 4484 2065 4579; baseline 0 -21"><span class='ocrx_word' id='word_1_270' title='bbox 513 4492 637 4558; x_wconf 88' lang='lat' dir='ltr'>curant</span> <span class='ocrx_word' id='word_1_271' title='bbox 663 4484 800 4576; x_wconf 89' lang='lat' dir='ltr'>plebem</span> <span class='ocrx_word' id='word_1_272' title='bbox 826 4485 938 4557; x_wconf 92' lang='lat' dir='ltr'>eidem</span> <span class='ocrx_word' id='word_1_273' title='bbox 965 4485 1153 4576; x_wconf 88' lang='lat' dir='ltr'>parochiae</span> <span class='ocrx_word' id='word_1_274' title='bbox 1179 4485 1389 4576; x_wconf 80' lang='lat' dir='ltr'>Lagoviensi</span> <span class='ocrx_word' id='word_1_275' title='bbox 1415 4487 1613 4559; x_wconf 87' lang='lat' dir='ltr'>subiectum.</span> <span class='ocrx_word' id='word_1_276' title='bbox 1640 4487 1729 4560; x_wconf 89' lang='lat' dir='ltr'>Item</span> <span class='ocrx_word' id='word_1_277' title='bbox 1747 4487 1784 4558; x_wconf 94' lang='lat' dir='ltr'>in</span> <span class='ocrx_word' id='word_1_278' title='bbox 1802 4487 1924 4560; x_wconf 89' lang='lat' dir='ltr'>eodem</span> <span class='ocrx_word' id='word_1_279' title='bbox 1943 4487 2065 4579; x_wconf 93' lang='lat' dir='ltr'>oppido</span> 
     </span>
     <span class='ocr_line' id='line_1_31' title="bbox 468 4606 2066 4701; baseline 0.003 -22"><span class='ocrx_word' id='word_1_280' title='bbox 468 4663 472 4671; x_wconf 65' lang='lat'>,</span> <span class='ocrx_word' id='word_1_281' title='bbox 511 4608 619 4680; x_wconf 86' lang='lat' dir='ltr'>babet</span> <span class='ocrx_word' id='word_1_282' title='bbox 646 4606 814 4698; x_wconf 88' lang='lat' dir='ltr'>plebanus</span> <span class='ocrx_word' id='word_1_283' title='bbox 840 4606 883 4677; x_wconf 92' lang='lat' dir='ltr'>de</span> <span class='ocrx_word' id='word_1_284' title='bbox 910 4606 1074 4697; x_wconf 80' lang='lat' dir='ltr'>Lagow</span> <span class='ocrx_word' id='word_1_285' title='bbox 1100 4613 1234 4700; x_wconf 87' lang='lat' dir='ltr'>septem</span> <span class='ocrx_word' id='word_1_286' title='bbox 1261 4607 1399 4698; x_wconf 85' lang='lat' dir='ltr'>domos,</span> <span class='ocrx_word' id='word_1_287' title='bbox 1425 4607 1462 4680; x_wconf 93' lang='lat' dir='ltr'>in</span> <span class='ocrx_word' id='word_1_288' title='bbox 1489 4608 1610 4680; x_wconf 91' lang='lat' dir='ltr'>eodem</span> <span class='ocrx_word' id='word_1_289' title='bbox 1637 4609 1730 4700; x_wconf 88' lang='lat' dir='ltr'>iure,</span> <span class='ocrx_word' id='word_1_290' title='bbox 1757 4609 1849 4682; x_wconf 88' lang='lat' dir='ltr'>sicut</span> <span class='ocrx_word' id='word_1_291' title='bbox 1874 4615 1912 4682; x_wconf 89' lang='lat' dir='ltr'>et</span> <span class='ocrx_word' id='word_1_292' title='bbox 1939 4609 2066 4701; x_wconf 85' lang='lat' dir='ltr'>episeo-</span> 
     </span>
     <span class='ocr_line' id='line_1_32' title="bbox 512 4719 1861 4822; baseline 0.002 -21"><span class='ocrx_word' id='word_1_293' title='bbox 512 4751 577 4822; x_wconf 90' lang='lat' dir='ltr'>pus</span> <span class='ocrx_word' id='word_1_294' title='bbox 607 4727 906 4820; x_wconf 87' lang='lat' dir='ltr'>Vladislaviensis,</span> <span class='ocrx_word' id='word_1_295' title='bbox 933 4735 970 4800; x_wconf 90' lang='lat' dir='ltr'>et</span> <span class='ocrx_word' id='word_1_296' title='bbox 997 4729 1172 4820; x_wconf 89' lang='lat' dir='ltr'>quaelibet</span> <span class='ocrx_word' id='word_1_297' title='bbox 1198 4729 1320 4802; x_wconf 91' lang='lat' dir='ltr'>domus</span> <span class='ocrx_word' id='word_1_298' title='bbox 1348 4729 1453 4803; x_wconf 86' lang='lat' dir='ltr'>solvit</span> <span class='ocrx_word' id='word_1_299' title='bbox 1479 4751 1543 4822; x_wconf 93' lang='lat' dir='ltr'>pro</span> <span class='ocrx_word' id='word_1_300' title='bbox 1570 4731 1718 4822; x_wconf 90' lang='lat' dir='ltr'>plebano</span> <span class='ocrx_word' id='word_1_301' title='bbox 1737 4785 1853 4802; x_wconf 91' lang='grc'><strong>.....</strong></span> <span class='ocrx_word' id='word_1_302' title='bbox 1857 4719 1861 4724; x_wconf 57' lang='grc'><strong><em>”</em></strong></span> 
     </span>
    </p>

    <p class='ocr_par' dir='ltr' id='par_1_8' title="bbox 511 4850 2115 5568">
     <span class='ocr_line' id='line_1_33' title="bbox 616 4850 2064 4946; baseline 0.001 -24"><span class='ocrx_word' id='word_1_303' title='bbox 616 4850 784 4941; x_wconf 79' lang='lat' dir='ltr'>Pmrrou,</span> <span class='ocrx_word' id='word_1_304' title='bbox 810 4851 896 4922; x_wconf 85' lang='lat' dir='ltr'>villa</span> <span class='ocrx_word' id='word_1_305' title='bbox 924 4851 988 4923; x_wconf 94' lang='lat' dir='ltr'>sub</span> <span class='ocrx_word' id='word_1_306' title='bbox 1015 4851 1183 4942; x_wconf 89' lang='lat' dir='ltr'>parocbia</span> <span class='ocrx_word' id='word_1_307' title='bbox 1210 4852 1254 4923; x_wconf 91' lang='lat' dir='ltr'>de</span> <span class='ocrx_word' id='word_1_308' title='bbox 1278 4851 1442 4943; x_wconf 81' lang='lat' dir='ltr'>Lagow</span> <span class='ocrx_word' id='word_1_309' title='bbox 1470 4853 1548 4944; x_wconf 88' lang='lat' dir='ltr'>sita,</span> <span class='ocrx_word' id='word_1_310' title='bbox 1576 4853 1673 4940; x_wconf 90' lang='lat' dir='ltr'>cuius</span> <span class='ocrx_word' id='word_1_311' title='bbox 1700 4854 1900 4946; x_wconf 87' lang='lat' dir='ltr'>proprietas</span> <span class='ocrx_word' id='word_1_312' title='bbox 1925 4853 1971 4926; x_wconf 89' lang='lat' dir='ltr'>ad</span> <span class='ocrx_word' id='word_1_313' title='bbox 1997 4854 2064 4944; x_wconf 91' lang='lat' dir='ltr'>epi·</span> 
     </span>
     <span class='ocr_line' id='line_1_34' title="bbox 515 4965 2115 5067; baseline -0.001 -19"><span class='ocrx_word' id='word_1_314' title='bbox 515 4978 694 5067; x_wconf 89' lang='lat' dir='ltr'>scopatum</span> <span class='ocrx_word' id='word_1_315' title='bbox 730 4972 1043 5046; x_wconf 74' lang='lat' dir='ltr'>l&#39;ladislaviensem</span> <span class='ocrx_word' id='word_1_316' title='bbox 1080 4973 1242 5064; x_wconf 84' lang='lat' dir='ltr'>pertinet.</span> <span class='ocrx_word' id='word_1_317' title='bbox 1296 4974 1337 5045; x_wconf 91' lang='lat' dir='ltr'>In</span> <span class='ocrx_word' id='word_1_318' title='bbox 1369 4996 1438 5066; x_wconf 88' lang='lat' dir='ltr'>qua</span> <span class='ocrx_word' id='word_1_319' title='bbox 1471 4981 1553 5048; x_wconf 87' lang='lat' dir='ltr'>sunt</span> <span class='ocrx_word' id='word_1_320' title='bbox 1589 4981 1666 5048; x_wconf 87' lang='lat' dir='ltr'>coto</span> <span class='ocrx_word' id='word_1_321' title='bbox 1698 4975 1791 5049; x_wconf 89' lang='lat' dir='ltr'>lanei</span> <span class='ocrx_word' id='word_1_322' title='bbox 1826 4976 2066 5064; x_wconf 86' lang='lat' dir='ltr'>cmetbonales,</span> <span class='ocrx_word' id='word_1_323' title='bbox 2112 4965 2115 4973; x_wconf 69' lang='grc'><em>’</em></span> 
     </span>
     <span class='ocr_line' id='line_1_35' title="bbox 513 5095 2063 5190; baseline 0.001 -22"><span class='ocrx_word' id='word_1_324' title='bbox 513 5097 602 5169; x_wconf 88' lang='lat' dir='ltr'>duae</span> <span class='ocrx_word' id='word_1_325' title='bbox 628 5097 816 5186; x_wconf 86' lang='lat' dir='ltr'>tabernae,</span> <span class='ocrx_word' id='word_1_326' title='bbox 850 5101 924 5168; x_wconf 87' lang='lat' dir='ltr'>tres</span> <span class='ocrx_word' id='word_1_327' title='bbox 950 5095 1171 5169; x_wconf 89' lang='lat' dir='ltr'>hortolaniae</span> <span class='ocrx_word' id='word_1_328' title='bbox 1206 5096 1375 5170; x_wconf 83' lang='lat' dir='ltr'>babentes</span> <span class='ocrx_word' id='word_1_329' title='bbox 1411 5118 1531 5189; x_wconf 84' lang='lat' dir='ltr'>agros,</span> <span class='ocrx_word' id='word_1_330' title='bbox 1554 5098 1649 5170; x_wconf 83' lang='lat' dir='ltr'>item</span> <span class='ocrx_word' id='word_1_331' title='bbox 1685 5099 1865 5189; x_wconf 87' lang='lat' dir='ltr'>praedium</span> <span class='ocrx_word' id='word_1_332' title='bbox 1903 5099 2063 5190; x_wconf 90' lang='lat' dir='ltr'>optimum</span> 
     </span>
     <span class='ocr_line' id='line_1_36' title="bbox 513 5218 2065 5313; baseline 0 -22"><span class='ocrx_word' id='word_1_333' title='bbox 513 5240 590 5293; x_wconf 90' lang='lat' dir='ltr'>oum</span> <span class='ocrx_word' id='word_1_334' title='bbox 617 5218 715 5290; x_wconf 88' lang='lat' dir='ltr'>curia</span> <span class='ocrx_word' id='word_1_335' title='bbox 750 5218 956 5313; x_wconf 90' lang='lat' dir='ltr'>episcopali,</span> <span class='ocrx_word' id='word_1_336' title='bbox 992 5218 1197 5310; x_wconf 84' lang='lat' dir='ltr'>dequibus</span> <span class='ocrx_word' id='word_1_337' title='bbox 1229 5219 1402 5311; x_wconf 91' lang='lat' dir='ltr'>omnibus,</span> <span class='ocrx_word' id='word_1_338' title='bbox 1439 5221 1588 5293; x_wconf 86' lang='lat' dir='ltr'>solvitur</span> <span class='ocrx_word' id='word_1_339' title='bbox 1624 5225 1660 5292; x_wconf 89' lang='lat' dir='ltr'>et</span> <span class='ocrx_word' id='word_1_340' title='bbox 1696 5220 1901 5293; x_wconf 87' lang='lat' dir='ltr'>conducitur</span> <span class='ocrx_word' id='word_1_341' title='bbox 1938 5220 2065 5293; x_wconf 83' lang='lat' dir='ltr'>decima</span> 
     </span>
     <span class='ocr_line' id='line_1_37' title="bbox 511 5339 2064 5433; baseline 0.001 -21"><span class='ocrx_word' id='word_1_342' title='bbox 511 5340 738 5432; x_wconf 88' lang='lat' dir='ltr'>manipularis</span> <span class='ocrx_word' id='word_1_343' title='bbox 776 5346 813 5412; x_wconf 89' lang='lat' dir='ltr'>et</span> <span class='ocrx_word' id='word_1_344' title='bbox 839 5339 1014 5431; x_wconf 85' lang='lat' dir='ltr'>canapalis</span> <span class='ocrx_word' id='word_1_345' title='bbox 1050 5361 1114 5432; x_wconf 94' lang='lat' dir='ltr'>pro</span> <span class='ocrx_word' id='word_1_346' title='bbox 1137 5341 1345 5433; x_wconf 86' lang='lat' dir='ltr'>episcopatu</span> <span class='ocrx_word' id='word_1_347' title='bbox 1380 5341 1669 5433; x_wconf 84' lang='lat' dir='ltr'>Vladislaviensi,</span> <span class='ocrx_word' id='word_1_348' title='bbox 1707 5343 1806 5416; x_wconf 89' lang='lat' dir='ltr'>cuius</span> <span class='ocrx_word' id='word_1_349' title='bbox 1839 5343 1939 5416; x_wconf 86' lang='lat' dir='ltr'>valor</span> <span class='ocrx_word' id='word_1_350' title='bbox 1966 5343 2064 5415; x_wconf 85' lang='lat' dir='ltr'>aeeti-</span> 
     </span>
     <span class='ocr_line' id='line_1_38' title="bbox 512 5463 1752 5568; baseline 0.002 -35"><span class='ocrx_word' id='word_1_351' title='bbox 512 5467 629 5535; x_wconf 90' lang='lat' dir='ltr'>matur</span> <span class='ocrx_word' id='word_1_352' title='bbox 655 5463 701 5534; x_wconf 88' lang='lat' dir='ltr'>ad</span> <span class='ocrx_word' id='word_1_353' title='bbox 728 5468 806 5560; x_wconf 87' lang='lat' dir='ltr'>octo</span> <span class='ocrx_word' id='word_1_354' title='bbox 833 5483 978 5568; x_wconf 82' lang='lat' dir='ltr'>mareas.</span> <span class='ocrx_word' id='word_1_355' title='bbox 1523 5555 1526 5558; x_wconf 15' lang='grc' dir='ltr'>Ι</span> <span class='ocrx_word' id='word_1_356' title='bbox 1747 5477 1752 5484; x_wconf 88' lang='grc'><em>·</em></span> 
     </span>
    </p>

    <p class='ocr_par' dir='ltr' id='par_1_9' title="bbox 501 5580 2064 5802">
     <span class='ocr_line' id='line_1_39' title="bbox 501 5580 2064 5678; baseline 0.001 -24"><span class='ocrx_word' id='word_1_357' title='bbox 501 5661 502 5664; x_wconf 48' lang='grc'>,</span> <span class='ocrx_word' id='word_1_358' title='bbox 618 5580 868 5676; x_wconf 73' lang='lat' dir='ltr'>(insonuere,</span> <span class='ocrx_word' id='word_1_359' title='bbox 888 5586 972 5657; x_wconf 85' lang='lat' dir='ltr'>villa</span> <span class='ocrx_word' id='word_1_360' title='bbox 997 5587 1062 5658; x_wconf 90' lang='lat' dir='ltr'>sub</span> <span class='ocrx_word' id='word_1_361' title='bbox 1089 5586 1257 5678; x_wconf 85' lang='lat' dir='ltr'>parocbia</span> <span class='ocrx_word' id='word_1_362' title='bbox 1282 5585 1326 5658; x_wconf 90' lang='lat' dir='ltr'>de</span> <span class='ocrx_word' id='word_1_363' title='bbox 1353 5585 1518 5677; x_wconf 80' lang='lat' dir='ltr'>Lagou</span> <span class='ocrx_word' id='word_1_364' title='bbox 1545 5585 1631 5677; x_wconf 86' lang='lat' dir='ltr'>sito,</span> <span class='ocrx_word' id='word_1_365' title='bbox 1667 5585 1765 5658; x_wconf 89' lang='lat' dir='ltr'>ouius</span> <span class='ocrx_word' id='word_1_366' title='bbox 1801 5586 1999 5677; x_wconf 87' lang='lat' dir='ltr'>proprietas</span> <span class='ocrx_word' id='word_1_367' title='bbox 2024 5583 2064 5656; x_wconf 87' lang='lat' dir='ltr'>ad</span> 
     </span>
     <span class='ocr_line' id='line_1_40' title="bbox 512 5703 2061 5802; baseline 0.004 -27"><span class='ocrx_word' id='word_1_368' title='bbox 512 5703 825 5783; x_wconf 73' lang='lat' dir='ltr'>vlatislavensem</span> <span class='ocrx_word' id='word_1_369' title='bbox 860 5708 1096 5800; x_wconf 89' lang='lat' dir='ltr'>episcopatum</span> <span class='ocrx_word' id='word_1_370' title='bbox 1123 5707 1285 5801; x_wconf 83' lang='lat' dir='ltr'>pertinet.</span> <span class='ocrx_word' id='word_1_371' title='bbox 1328 5709 1367 5784; x_wconf 92' lang='lat' dir='ltr'>In</span> <span class='ocrx_word' id='word_1_372' title='bbox 1396 5729 1465 5802; x_wconf 83' lang='lat' dir='ltr'>qua</span> <span class='ocrx_word' id='word_1_373' title='bbox 1492 5705 1574 5784; x_wconf 80' lang='lat' dir='ltr'>suot</span> <span class='ocrx_word' id='word_1_374' title='bbox 1609 5728 1669 5782; x_wconf 85' lang='lat' dir='ltr'>sex</span> <span class='ocrx_word' id='word_1_375' title='bbox 1696 5708 1788 5784; x_wconf 81' lang='lat' dir='ltr'>lanei</span> <span class='ocrx_word' id='word_1_376' title='bbox 1826 5707 2061 5798; x_wconf 81' lang='lat' dir='ltr'>emethouales,</span> 
     </span>
    </p>
   </div>
   <div class='ocr_carea' id='block_1_2' title="bbox 0 0 2293 6596">
    <p class='ocr_par' dir='ltr' id='par_1_10' title="bbox 0 0 2293 6596">
     <span class='ocr_line' id='line_1_41' title="bbox 0 0 2293 6596; baseline 0 0"><span class='ocrx_word' id='word_1_377' title='bbox 0 0 2293 6596; x_wconf 95' lang='lat' dir='ltr'> </span> 
     </span>
    </p>
   </div>
  </div>
 </body>
</html>
