4550 6600
1168 943 1345 1019 Zrnnwa

583 1066 677 1138 Villa
703 1066 834 1139 habens
862 1066 1041 1139 ecclesIam
1067 1066 1300 1158 parochialem
1327 1068 1477 1157 ligneam
1503 1067 1540 1138 in
1558 1089 1605 1157 se,
1631 1067 1778 1139 Sanctae
1798 1064 1962 1139 Trinitati
1988 1074 2025 1138 et

481 1186 649 1284 Omnibus
677 1186 813 1259 Sanctis
846 1189 1012 1278 dicatam,
1049 1188 1147 1259 cuius
1168 1189 1423 1279 ¹serenissimus
1449 1188 1615 1259 Poloniae
1641 1210 1704 1259 rex
1740 1195 1796 1259 est
1820 1188 1969 1259 collator
1994 1196 2031 1259 et

482 1310 606 1379 haeres
634 1314 670 1379 et
695 1314 872 1398 patronus.
916 1309 956 1379 In
984 1330 1053 1399 qua
1079 1314 1161 1381 sunt
1186 1309 1312 1399 viginti
1338 1330 1398 1380 sex
1431 1309 1524 1380 lanei
1550 1310 1802 1399 cmetbonaleS,
1837 1309 1882 1380 de
1909 1310 2032 1399 quibus

483 1429 616 1500 decima
643 1429 867 1518 manipularis
894 1435 931 1500 et
957 1429 1133 1519 canapalis
1162 1430 1307 1501 solvitur
1333 1437 1370 1501 et
1396 1429 1601 1501 conducitur
1630 1449 1695 1519 pro
1720 1429 1921 1519 praebenda
1948 1427 2033 1499 Gra-

484 1550 645 1638 noviomi,
674 1571 760 1639 quae
787 1556 933 1621 vocatur
958 1550 1158 1639 Zyrawslra
1185 1551 1283 1621 cuius
1301 1550 1399 1622 valor
1425 1550 1631 1621 aestimatur
1657 1550 1703 1621 ad
1729 1549 1925 1639 quindecim
1943 1569 2033 1619 mar-

484 1690 551 1740 cas.
578 1670 665 1767 Item
694 1674 774 1741 sunt
800 1670 849 1740 ibi
877 1676 1024 1759 quatuor
1053 1671 1220 1742 tabernae
1240 1670 1285 1741 ad
1303 1672 1551 1761 proprietatem
1579 1670 1745 1741 ecclesiae
1771 1669 1815 1740 de
1840 1668 2034 1759 Zyrawa

483 1792 710 1881 pertinentes²
738 1795 775 1860 et
801 1790 888 1861 duae
916 1789 1054 1880 quidem
1071 1791 1213 1863 ‘habent
1237 1812 1359 1881 agroS,
1396 1791 1485 1863 dnae
1511 1811 1594 1863 vero
1622 1811 1690 1861 non
1716 1790 1866 1880 babent,
1902 1796 1941 1861 et
1966 1811 2034 1861 nna

483 1912 615 1981 habens
642 1932 754 2001 agros
783 1911 888 1982 solvit
905 1917 979 1981 tres
997 1932 1143 2001 marcas,
1171 1912 1260 1982 duae
1286 1933 1370 1983 vero
1396 1932 1460 2001 per
1478 1911 1565 1982 duas
1591 1931 1735 2001 marcas,
1761 1911 1868 1981 tertia
1884 1910 2035 1981 mediam

484 2032 669 2103 secundam
696 2052 865 2121 marcam,
892 2030 996 2101 etde
1024 2032 1183 2103 omnibns
1210 2034 1305 2122 agris
1330 2033 1555 2103 tabernarum
1581 2032 1774 2103 decimatur
1804 2032 1972 2103 ecclesiae
2000 2032 2035 2101 in

482 2152 622 2239 ibidem;
649 2152 744 2221 cuius
772 2152 938 2221 ecclesiae
965 2152 1133 2241 plebanus
1160 2153 1346 2224 modernus
1373 2159 1428 2225 est
1453 2152 1619 2242 magister
1641 2151 1817 2223 Martinus
1843 2152 1887 2223 de
1914 2151 1960 2221 W
1967 2173 2036 2243 ye2

483 2272 570 2343 lun.
596 2272 684 2343 Item
712 2272 857 2343 ecclesia
883 2272 1038 2363 praelata
1065 2274 1171 2345 babet
1197 2295 1301 2365 agros
1328 2275 1489 2364 proprios
1516 2273 1645 2345 liberos
1670 2280 1708 2343 et
1733 2279 1851 2363 prata,
1877 2294 1943 2363 pro
1969 2294 2035 2343 suo

484 2393 635 2483 praedio,
662 2414 727 2463 usu
754 2398 790 2463 et
816 2394 1032 2465 necessitate.
1059 2394 1148 2465 Item
1176 2395 1345 2466 habetet
1371 2395 1523 2484 piscinas
1549 2414 1613 2483 pro
1641 2414 1704 2465 sno
1731 2415 1806 2465 usu.
1841 2394 1932 2465 Item
1958 2396 2037 2483 qni·

484 2513 570 2585 libet
596 2514 730 2584 emetha
758 2514 801 2583 de
828 2514 927 2585 laneo
951 2514 1055 2587 solvit
1081 2515 1230 2605 plebano
1258 2516 1294 2585 in
1320 2515 1511 2605 Zyrawa
1536 2515 1674 2585 ratione
1699 2512 1853 2584 mactae
1879 2535 1944 2604 per
1961 2520 2035 2585 tres

485 2654 635 2723 grossos.

588 2754 813 2846 annczow,
840 2755 924 2828 villa
949 2757 1014 2829 sub
1041 2758 1207 2848 parocbia
1232 2758 1276 2829 de
1302 2757 1490 2848 Zyrawa
1515 2757 1602 2845 sita,
1638 2756 1736 2828 cuins
1761 2756 1962 2846 proprietas
1988 2757 2034 2828 ad

486 2876 742 2946 serenissimum
770 2876 935 2947 Poloniae
962 2897 1078 2967 regem
1110 2879 1272 2968 pertinet.
1315 2878 1356 2949 In
1384 2899 1453 2968 qna
1479 2883 1561 2949 sant
1587 2898 1647 2947 sex
1674 2877 1767 2949 lanei
1793 2878 2037 2967 cmetbonales‚

483 2996 526 3066 dc
554 2997 678 3085 quibus
704 2997 852 3067 solvitur
878 3003 915 3067 et
941 2996 1144 3067 conducitur
1171 2997 1303 3067 decima
1329 2997 1555 3087 manipularis
1582 3006 1617 3068 et
1644 2997 1821 3087 canapalis
1842 3018 1913 3087 pro
1931 3019 2035 3087 prae-

482 3116 597 3186 benda
631 3115 871 3205 cracoviensi,
908 3137 996 3206 quae
1031 3122 1177 3188 vocatur
1203 3116 1412 3208 Zyrawska‚
1448 3123 1485 3189 et
1511 3118 1608 3189 valor
1642 3120 1718 3189 eius
1754 3118 1960 3189 aestimatur
1989 3119 2037 3190 ad

485 3241 616 3324 septem
643 3256 785 3308 marcas.
812 3237 900 3308 Item
928 3243 982 3308 est
1008 3237 1057 3308 ibi
1083 3237 1263 3327 praedium
1290 3239 1434 3330 regium,
1461 3238 1505 3310 de
1532 3239 1632 3310 cuius
1659 3238 1819 3311 omnibns
1845 3240 1941 3329 agris
1967 3240 2038 3311 sol-

485 3357 580 3426 vitur
607 3357 738 3427 decima
763 3357 988 3446 manipularis
1015 3358 1163 3447 plebano
1190 3360 1226 3429 in
1260 3358 1470 3449 Zyrawa,
1506 3361 1604 3432 cuius
1631 3361 1731 3433 valor
1756 3361 1962 3431 aestimatur
1992 3361 2037 3431 ad

486 3483 635 3568 quatuor
662 3499 804 3548 marcas.
831 3479 919 3550 Item
946 3484 1027 3550 sunt
1049 3479 1098 3550 ibi
1126 3486 1277 3570 quatuor
1302 3481 1470 3551 tabernae
1487 3486 1523 3551 et
1541 3482 1692 3571 quinque
1719 3482 1949 3570 hortulaniae
1975 3481 2038 3552 sed

486 3619 554 3668 non
582 3599 709 3669 habent
737 3620 849 3690 agron,
877 3600 944 3670 nisi
971 3606 1073 3689 prata
1099 3605 1245 3672 tantum.
1280 3600 1368 3672 Item
1395 3601 1533 3672 ratione
1558 3599 1714 3671 rrmscbnc
1741 3602 1889 3690 quilibet
1914 3601 2038 3672 laneus

486 3719 590 3790 solvit
615 3725 688 3790 tres
715 3729 862 3810 grossos*
884 3721 1050 3792 ecclesiae
1078 3726 1125 3830 et⁸
1140 3723 1289 3812 plebano
1316 3723 1352 3793 in
1379 3722 1408 3791 Z
1417 3743 1577 3812 yrawa.
1871 3813 1874 3820 Ι

589 3839 749 3914 Osraow
776 3843 900 3932 regia,
927 3843 1011 3914 villa
1037 3843 1101 3915 sub
1124 3844 1291 3933 parocbia
1317 3842 1360 3914 de
1386 3841 1747 3933 Zyrawa.sita.1n
1775 3865 1845 3933 qna
1866 3848 1949 3914 sunt
1973 3863 2037 3914 sex

484 3959 575 4032 lanei
603 3962 843 4050 emetbonales‚
871 3963 913 4033 de
942 3964 1066 4052 quibus
1089 3964 1282 4034 decimatur
1308 3964 1484 4053 manipulo
1502 3968 1538 4034 et
1555 3983 1686 4054 canapo
1712 3963 1933 4053 praebendae
1951 3963 2038 4035 Ora·

485 4081 637 4150 coviensi
663 4081 883 4172 Zyranslrey‚
926 4089 961 4152 et
988 4083 1086 4154 valor
1113 4083 1189 4154 eius
1214 4084 1419 4154 aestimatur
1445 4085 1490 4154 ad
1517 4085 1668 4174 quinque
1694 4105 1838 4174 marcas
1865 4085 1955 4156 Item
1981 4091 2036 4156 est

485 4200 534 4270 ibi
560 4201 741 4288 praedium
768 4203 912 4290 regium,
939 4201 982 4272 de
1010 4224 1076 4292 quo
1096 4202 1229 4273 decima
1255 4203 1360 4273 datur
1386 4205 1535 4293 plebano
1562 4206 1597 4276 in
1624 4204 1652 4275 Z
1660 4227 1824 4296 yrawa.
1851 4206 1941 4276 Item
1958 4207 2035 4296 qui-

484 4319 572 4392 libet
599 4321 733 4391 cmetbo
762 4321 804 4392 de
831 4322 931 4393 laneo
959 4323 1095 4394 ratione
1121 4321 1274 4393 ramsolam
1309 4325 1414 4396 solvit
1439 4330 1513 4398 tres
1539 4347 1681 4415 grossos
1707 4327 1873 4398 ecclesiae
1900 4332 1937 4397 et
1961 4327 2035 4416 ple-

485 4440 576 4512 bano
604 4442 639 4510 in
666 4440 864 4532 Zyrawa.
1015 4429 1018 4441 ’

590 4561 749 4634 Osruow
776 4565 888 4635 altera
915 4564 1162 4656 militaris,
1194 4567 1259 4640 sub
1285 4567 1452 4658 parocbia
1478 4567 1644 4640 ecclesiae
1671 4568 1714 4640 de
1739 4567 1933 4661 Zyrawa
1958 4569 2035 4659 sita,

485 4683 582 4754 cuius
609 4683 732 4756 haeres
760 4685 951 4757 Stanislaus
977 4686 1271 4778 Wantrobka
1297 4690 1340 4761 de
1367 4691 1469 4762 domo
1497 4689 1597 4762 Oxa.
1623 4692 1665 4761 In
1684 4713 1753 4781 qna
1779 4696 1860 4762 sunt
1886 4696 2034 4780 quatuor

483 4805 574 4876 lanei
601 4807 853 4898 emethonales,
888 4807 931 4878 de
959 4809 1083 4898 quibus
1111 4811 1259 4882 solvitur
1286 4817 1323 4882 et
1349 4811 1553 4882 conducitur
1588 4812 1722 4886 decima
1747 4812 1973 4902 manipularis
1999 4818 2035 4883 et

484 4927 659 5016 canapalis
694 4949 757 5018 pro
785 4930 982 5018 praebenda
1008 4930 1248 5022 Cracovieusi‚
1285 4954 1373 5023 qnae
1400 4938 1547 5004 vocatur
1572 4933 1778 5023 Zyrawska‚
1812 4933 1912 5004 cuius
1938 4933 2034 5006 valor

484 5050 688 5120 aestimatur
715 5049 759 5120 ad
786 5055 859 5121 tres
886 5073 1027 5123 marcae.
1069 5053 1157 5125 Item
1185 5059 1239 5124 est
1265 5054 1315 5124 ibi
1341 5054 1520 5143 praedium
1547 5077 1653 5124 unum
1679 5055 1840 5144 militare,
1866 5055 1912 5125 de
1938 5055 2033 5126 cuius

485 5171 578 5259 agris
613 5172 760 5242 solvitur
795 5172 927 5244 decima
962 5174 1127 5245 ecclesiae
1154 5176 1190 5244 in
1217 5174 1426 5266 Zyrawa,
1462 5180 1498 5246 et
1523 5176 1621 5247 valor
1655 5177 1730 5248 eins
1756 5177 1964 5248 aestimatur
1989 5175 2033 5246 ad

482 5298 555 5361 tres
582 5281 725 5364 marcas.
751 5294 837 5364 Item
866 5287 1011 5384 quilibet
1038 5297 1173 5367 curetho
1192 5296 1235 5366 de
1252 5297 1352 5368 laneo
1380 5296 1485 5368 solvit
1505 5299 1642 5368 ratione
1668 5295 1820 5368 mmoboc
1846 5303 1920 5368 tres
1936 5317 2032 5388 gros·

485 5430 541 5480 sos
568 5409 732 5485 ecclesiae
759 5415 795 5485 in
822 5414 1019 5506 Zyrawa.

464 5615 466 5624 Ι
587 5530 809 5624 JouuowKA‚
837 5537 919 5606 villa
946 5537 1010 5608 sub
1037 5538 1204 5626 parochia
1230 5538 1274 5610 de
1300 5540 1328 5609 Z
1337 5561 1491 5631 yrawa
1517 5540 1605 5631 sita,
1642 5540 1739 5612 cuius
1766 5540 1963 5631 proprietas
1989 5538 2032 5612 ad

350 5681 355 5691 ¹
483 5651 738 5723 serenissimum
765 5655 930 5728 Poloniae
956 5679 1083 5747 regern
1109 5660 1272 5748 pertinet.
1315 5659 1451 5752 Inque
1487 5668 1567 5734 sunt
1602 5662 1906 5754 vigintiquatuor
1940 5646 2031 5736 lanei
