4550 6600
490 732 564 805 316

391 988 394 996 a
487 935 827 1024 Strochczicze,
854 934 937 1012 item
963 932 1448 1024 Jaudrzyszkowicze,
1475 932 1559 1006 item
1587 931 1832 1023 Milczany,
1850 933 1935 1005 item
1952 932 2034 1005 Fal·

487 1058 542 1147 ky
568 1043 719 1147 insimul,
745 1055 806 1128 sed
833 1056 937 1127 etiam
964 1054 1117 1147 praedia,
1144 1055 1229 1127 item
1256 1052 1587 1146 Suchorzecze.
1795 1069 1798 1073 ·

1138 1173 1393 1249 Sauconzncz.
1557 1148 1569 1170 ’

591 1297 686 1371 Villa
711 1299 845 1373 habens
872 1298 1052 1371 ecclesiam
1078 1276 1223 1389 antiquo
1248 1315 1354 1389 opere
1372 1302 1546 1369 maroam
1572 1297 1610 1369 in
1633 1301 1760 1387 monle,
1787 1296 1941 1369 dicatam
1957 1293 2037 1369 San

490 1424 572 1523 ctae
594 1420 768 1510 Trinitati,
795 1425 833 1491 et
858 1419 1095 1510 per‘Paulnm
1122 1419 1284 1493 comitem
1310 1418 1354 1491 de
1380 1418 1684 1491 Samborzecz
1710 1418 1928 1507 fabricatam,
1944 1418 2038 1489 cuius

488 1561 579 1613 nuric
605 1540 772 1639 plebanus
799 1540 926 1631 Simon,
954 1546 991 1613 ct
1017 1540 1114 1612 cuius
1140 1539 1311 1613 haeredes
1337 1539 1538 1612 Varsius
1564 1545 1602 1610 et
1626 1538 1806 1611 lohannes
1831 1538 1970 1611 nobiles
1996 1537 2036 1610 de
2151 1635 2152 1642 Ν

364 1676 366 1688 “
418 1652 421 1661 ’
488 1662 594 1735 armis
621 1660 762 1760 Baua.
789 1660 829 1733 In
857 1683 926 1753 qua
952 1662 1120 1753 plebanus
1146 1662 1255 1734 habet
1276 1661 1393 1733 dotem
1411 1667 1449 1733 et
1466 1662 1598 1733 curiam
1615 1660 1812 1751 specialem,
1829 1680 1909 1742 enm
1926 1680 2039 1749 pcme

487 1783 550 1853 riis
576 1787 613 1854 et
638 1782 767 1875 hortis,
796 1788 832 1855 et
856 1784 963 1855 habet
995 1804 1107 1873 agros.
1124 1782 1319 1874 praediales
1345 1782 1487 1876 liberos,
1512 1787 1549 1855 et
1574 1803 1681 1855 unum
1706 1802 1834 1874 gayum
1862 1764 2040 1872 proprium
2151 1801 2152 1804 ‘

489 1908 526 1975 et
550 1903 717 1994 liberum;
753 1905 837 1977 item
871 1910 974 1995 prata
1009 1905 1101 1977 circa
1137 1904 1229 1977 viam
1264 1904 1378 1976 eundo
1409 1902 1768 1995 Sandomiriam,
1794 1903 1839 1975 ad
1865 1903 2041 1975 sinistram
2151 1929 2152 1934 ¹

488 2030 634 2115 partem,
661 2046 748 2116 quae
774 2030 943 2100 uocantur
968 2024 1128 2117 Kyerz,
1155 2027 1240 2098 item
1265 2025 1373 2099 habet
1397 2044 1502 2099 unam
1528 2026 1710 2099 tabernam
1737 2025 1774 2095 in
1800 2024 1925 2097 eadem
1949 2023 2041 2113 uilla,

488 2156 577 2237 quae
604 2147 710 2219 etiam
737 2152 881 2221 vocatur
906 2146 1067 2239 Kycrz,
1095 2148 1138 2219 de
1165 2168 1235 2239 qua
1260 2169 1325 2238 pro
1352 2168 1457 2221 censu
1482 2147 1632 2220 solvitur
1657 2167 1728 2219 uua
1744 2166 1865 2218 marca
1881 2152 1920 2226 et
1936 2144 2042 2217 habet

489 2288 612 2357 agros3
647 2270 730 2341 item
764 2270 873 2341 habet
902 2269 1134 2341 lacumrinter
1160 2289 1265 2361 agros
1290 2268 1453 2343 villarum
1478 2268 1649 2341 Zlotha
1673 2274 1710 2340 et
1735 2267 2041 2359 Zayezyerze,

489 2389 587 2471 cuius
622 2388 690 2465 laci
726 2390 945 2480 episcopatus
982 2372 1221 2463 cracoviensis
1255 2390 1364 2463 habet
1397 2395 1553 2481 partem,
1586 2396 1625 2461 ct
1656 2388 1808 2479 insignia
1841 2394 1926 2459 sunt
1951 2387 2042 2459 iuter

487 2507 599 2581 lacum
626 2508 855 2601 episcopalem
882 2517 918 2583 ct
944 2511 1093 2603 plebani,
1119 2512 1248 2584 limites
1274 2511 1436 2588 videlicet
1454 2532 1517 2583 seu
1534 2511 1676 2602 scopuli,
1693 2511 1855 2583 villarum
1873 2509 2041 2580 Zlotha

489 2634 526 2701 et
551 2628 711 2721 Szycz,
737 2636 774 2703 ct
807 2632 981 2703 habentur
1016 2639 1090 2725 tres
1115 2633 1240 2705 literne
1265 2639 1427 2724 patentes
1453 2652 1558 2723 super
1583 2632 1677 2705 dicto
1702 2632 1799 2721 lacu,
1824 2632 1912 2703 item
1936 2630 2041 2729 habet

487 2730 722 2823 hortulaniam
748 2752 936 2843 propriam,
963 2758 999 2825 et
1024 2754 1202 2845 propriam
1218 2754 1424 2845 piscinulam
1440 2754 1477 2825 in
1495 2753 1616 2827 eadem
1632 2753 1736 2843 rilla3
1761 2744 1847 2825 item
1865 2753 1903 2823 in
1920 2751 2038 2822 eadem

489 2870 573 2943 uilla
599 2877 654 2943 est
680 2873 861 2963 praedium
887 2874 1025 2947 unicum
1051 2875 1203 2947 militare
1229 2875 1417 2967 optimum,
1443 2876 1528 2947 item
1554 2874 1699 2946 suntin
1724 2873 1845 2947 eadem
1872 2872 1957 2945 uilla
1981 2892 2040 2943 sex

488 2991 581 3063 lanei
616 2994 868 3085 cmethonales,
904 2995 988 3067 item
1022 2995 1171 3067 taberna
1204 3016 1274 3067 una
1308 2996 1441 3069 habeus
1467 3016 1590 3086 agros,
1616 2998 1701 3068 item
1726 2994 1947 3067 homnlaniae
1972 3013 2040 3063 non

490 3118 581 3203 sunt,
607 3112 650 3185 de
678 3114 803 3204 quibus
830 3115 990 3187 omnibns
1017 3115 1165 3189 solvitur
1191 3123 1229 3191 et
1254 3114 1459 3189 conducitur
1484 3116 1618 3189 decima
1642 3116 1870 3207 manipularis
1887 3121 1925 3187 et
1940 3134 2040 3185 cana·

487 3233 577 3324 palis
603 3255 668 3326 pro
694 3236 840 3308 ecclesia
866 3240 903 3308 et
928 3236 1076 3328 plebano
1103 3237 1140 3310 in
1166 3236 1475 3328 Samiorum,
1501 3242 1538 3310 ct
1563 3238 1662 3311 valor
1678 3239 1754 3311 eius
1771 3238 1978 3310 aestimatur
1992 3234 2037 3307 ad

489 3355 683 3446 quindecim
719 3378 872 3448 marcas,
898 3360 982 3431 item
1017 3365 1071 3432 est
1096 3360 1147 3432 ibi
1172 3360 1354 3451 praedium
1379 3360 1519 3432 unicum
1545 3359 1715 3450 militare,
1740 3359 1785 3432 de
1811 3359 1912 3444 cuius
1937 3358 2039 3456 agris,

486 3477 634 3552 solvitur
660 3478 793 3552 decima
818 3480 1044 3571 manipularis
1070 3481 1236 3554 ecclesiae
1262 3482 1299 3554 iu
1325 3480 1666 3552 Szamborzcca
1899 3473 1903 3479 ’

469 3605 473 3612 “
594 3596 786 3690 Szuwczn,
821 3600 905 3673 uilla
941 3601 1010 3692 sub,
1041 3603 1209 3692 parochia
1242 3602 1409 3675 eeclesiae
1441 3602 1486 3674 de
1512 3587 1791 3699 Skothnyky
1819 3602 1908 3692 sita,
1933 3622 2049 3698 prope,

488 3717 648 3811 fluvium,
675 3722 734 3813 qui
770 3721 898 3794 dicitur
932 3721 977 3794 W
984 3724 1341 3815 yechczyouka,
1366 3724 1465 3796 cuius
1494 3724 1691 3814 proprietas
1717 3723 1762 3794 ad
1788 3724 2039 3796 monasterium

454 3839 802 3935 ‘Koprzywuicensc
837 3845 999 3935 pertinet.
1038 3845 1079 3916 In
1115 3866 1185 3936 qna
1219 3851 1302 3918 suut
1336 3851 1486 3937 quatuor
1521 3845 1613 3916 lanei
1639 3845 1876 3918 cmetluonales
1902 3849 1940 3916 ct
1964 3850 2040 3916 tres

440 3941 448 3956 ’
489 3962 708 4036 hortulaniae
735 3965 904 4038 habentes
929 3986 1042 4056 agros,
1069 3967 1113 4038 dc
1141 3967 1266 4058 quibus
1291 3967 1454 4040 omuibus
1479 3965 1627 4040 soluitur
1652 3972 1691 4039 et
1715 3967 1924 4039 conducitur
1947 3966 2041 4037 deci·

309 4139 313 4148 .
392 4127 397 4140 ·
489 4103 548 4154 ma
573 4083 798 4173 manipularis
834 4091 870 4158 ct
906 4087 1081 4178 cauapalis
1107 4108 1173 4177 pro
1199 4087 1346 4160 cocleam
1371 4088 1408 4158 in
1433 4086 1752 4178 Samborzecz,
1778 4094 1816 4159 et
1841 4088 1940 4160 valor
1966 4087 2042 4160 eius

357 4185 367 4202 ’
490 4204 696 4276 aestimatur
732 4204 778 4276 ad
813 4206 964 4298 quinque
998 4227 1154 4299 marcss3
1189 4211 1273 4282 ilem
1308 4209 1345 4280 in
1379 4209 1499 4282 eadem
1534 4215 1590 4282 est
1625 4210 1806 4300 praedium
1832 4208 2043 4298 menobiaie,

361 4311 368 4326 ’
489 4325 708 4398 aestimatum
735 4325 779 4398 ad
807 4333 957 4418 quatuor
982 4329 1112 4421 laneos,
1139 4330 1184 4402 de
1209 4331 1306 4404 cuius
1330 4331 1425 4420 agiis
1441 4331 1610 4404 decimam
1627 4331 1878 4423 manipularem
1894 4329 2045 4422 percipit

489 4448 737 4520 monasterium
774 4447 1101 4542 Goprzywnicense3
1127 4453 1212 4524 item
1237 4475 1308 4526 nou
1335 4457 1417 4524 suut
1442 4453 1480 4524 iu
1506 4452 1627 4524 eadem
1652 4453 1738 4525 uilla
1761 4453 1940 4527 tabernae.
1982 4447 1986 4456 '

593 4568 857 4662 Zarnzunnza,
883 4571 967 4644 uilla
996 4574 1061 4646 sub
1087 4575 1255 4664 parochia
1280 4573 1324 4646 de
1349 4573 1652 4648 Samborzccz
1679 4575 1766 4664 sita,
1793 4574 1891 4646 cuins
1916 4574 2042 4644 haeres

488 4689 651 4762 Nicolaus
679 4690 913 4800 Tresahka
935 4694 979 4766 de
1006 4695 1108 4769 domo
1136 4695 1476 4770 (irrisionumln
1502 4715 1572 4787 qna
1597 4699 1819 4770 suntnorem
1837 4696 1931 4767 lanei
1949 4715 2041 4766 cnm·

488 4811 665 4904 thonalcs‚
692 4814 775 4886 item
807 4817 902 4907 agri,
929 4817 989 4908 qui
1015 4823 1186 4890 vocantur
1212 4815 1495 4909 Gandkowy,
1521 4817 1581 4908 qui
1606 4838 1672 4908 pro
1697 4817 1843 4907 praedio
1869 4817 2041 4906 coluntur,

487 4937 523 5002 et
550 4934 608 5025 qui
644 4934 726 5008 olim
761 4942 863 5010 erant
897 4938 1150 5030 cmethonalcs,
1176 4939 1220 5012 dc
1246 4940 1372 5030 quibus
1407 4939 1566 5013 omuibus
1601 4938 1749 5010 solvitur
1774 4943 1812 5009 et
1837 4937 2042 5010 conducitur

487 5053 623 5126 decima
648 5057 884 5148 manipularis
922 5065 959 5130 et
985 5061 1162 5150 canapalis
1196 5082 1261 5151 pro
1296 5061 1443 5138 ecclesia
1466 5061 1504 5132 in
1531 5058 1853 5149 Samboraecz,
1878 5066 1917 5131 et
1942 5059 2044 5131 vuor-

487 5176 562 5248 cius
589 5176 635 5248 ad
661 5177 842 5250 duodecim
868 5199 1002 5252 marcos
1028 5182 1246 5254 aestimatur.
1272 5182 1360 5256 Item
1386 5187 1442 5254 est
1458 5182 1509 5252 ibi
1525 5180 1706 5272 praedium
1723 5181 1862 5252 unicum
1880 5180 2041 5268 militare,

487 5295 531 5370 de
557 5299 654 5370 ouius
681 5300 776 5390 agris
802 5301 955 5392 antiquis
981 5303 1228 5394 praedialibus,
1254 5305 1409 5394 exceptis
1434 5303 1539 5394 agris,
1566 5303 1626 5393 qni
1643 5307 1812 5376 vocantur
1830 5299 2041 5374 (laudiso-
2097 5316 2103 5326 ·

487 5437 557 5508 we,
583 5419 732 5494 solvitur
757 5421 892 5494 decima
917 5423 1144 5515 manipularis
1170 5425 1336 5497 ecclcsiae
1354 5426 1399 5496 <in
1425 5425 1632 5524 Bouowo.
1970 5433 1974 5440 '

590 5541 740 5634 Zuuow,
767 5544 850 5616 villa
876 5545 941 5618 sub
959 5545 1187 5638 parochiade
1203 5545 1506 5620 Samborzecz
1532 5547 1611 5636 sita,
1629 5545 1727 5618 cuius
1744 5544 1914 5620 haeredes
1931 5541 2041 5615 Var-

338 5719 341 5724 .
488 5658 585 5732 sius
612 5668 648 5734 ct
674 5662 858 5760 lohannes,
884 5666 927 5738 de
954 5668 1060 5740 umis
1086 5667 1228 5741 Rana
1265 5668 1308 5740 In
1334 5689 1411 5760 qna,
1428 5673 1484 5740 est
1507 5667 1647 5740 unicum
1673 5665 1852 5758 praedium
1877 5659 2055 5756 militare,¹
