4550 6600
499 671 574 803 111

491 958 557 1027 pro
584 938 836 1007 altercantem
872 931 1050 1021 Bogdal
1086 950 1164 1001 cum
1189 929 1367 1000 tratribus.
1399 929 1441 998 ln
1469 950 1537 1018 qua
1564 935 1645 998 sunt
1678 929 1772 998 lanei
1807 929 2039 1019 cmethonales,

493 1058 537 1128 de
565 1056 688 1146 quibus
715 1053 862 1125 solvitur
890 1052 1023 1122 decima
1049 1051 1239 1141 pecunialis
1266 1069 1330 1139 pro
1357 1050 1518 1138 episcopo
1546 1048 1788 1138 cracoviensi,
1825 1050 1868 1119 de
1895 1050 2040 1139 quolibet

494 1178 595 1248 laneo
622 1195 685 1265 per
704 1228 817 1244 .....
844 1173 931 1243 Item
959 1173 1097 1243 solvunt
1123 1171 1270 1262 plebano
1297 1193 1364 1264 11]),
1392 1169 1434 1240 de
1462 1170 1617 1260 quolibet
1644 1171 1744 1240 laneo
1772 1192 1862 1260 per.
1882 1226 1888 1239 .
1908 1171 2041 1241 ..11111
2154 1218 2156 1221 ι

492 1296 673 1389 praedium
709 1316 815 1367 unum
851 1300 906 1365 cst
933 1294 1000 1383 ibi,
1035 1292 1173 1382 dequo
1201 1292 1333 1362 decima
1367 1290 1472 1361 datur
1508 1292 1656 1381 plebano
1690 1292 1726 1361 in
1752 1292 1941 1380 Zlotha3
1968 1294 2043 1363 item

491 1418 600 1491 habet
626 1417 794 1507 plebanus
821 1414 981 1505 proprios
1008 1435 1112 1503 agros
1139 1400 1175 1484 et
1201 1418 1313 1502 prata,
1341 1434 1404 1502 pro
1432 1433 1495 1483 suo
1522 1434 1587 1484 usu
1614 1418 1650 1483 et
1676 1413 1895 1505 necessitate.

1123 1534 1415 1604 Zurenznvnvn.

597 1657 692 1729 Villa
716 1658 849 1729 habeus
876 1656 1056 1727 ecclesiam
1083 1654 1317 1744 parochialem
1349 1655 1499 1744 ligneam
1526 1655 1562 1725 in
1589 1677 1644 1744 so,
1671 1656 1769 1725 cuius
1796 1654 1965 1726 haeredes
1992 1654 2046 1725 Ja-

495 1781 600 1852 cobus
628 1785 664 1850 11
696 1778 845 1849 Zakliha
880 1774 1300 1867 Myedzigorzsczy
1335 1776 1378 1846 de
1408 1774 1514 1880 ⁴donm
1550 1776 1868 1883 Bippennium.
1904 1777 1945 1847 ln
1983 1798 2044 1867 qua

495 1904 577 1975 sunt
602 1901 694 1972 lanei
722 1898 957 1999 cmethonales
960 1952 1126 1967 .......

1026 2018 1241 2088 Porcnunun
1269 2037 1525 2089 miscendum.-

548 2178 549 2183 ,
599 2143 693 2215 Villa
728 2143 860 2214 habens
896 2142 931 2212 iu
968 2160 1005 2213 se
1038 2140 1218 2211 ecclesiam
1253 2139 1486 2245 parochialem
1522 2140 1690 2229 ligneam,
1727 2140 1854 2211 Sancto
1892 2139 2050 2246 Andreae

496 2264 665 2356 Apostolo
694 2265 859 2353 dicatam,
888 2263 984 2333 cuius
1012 2260 1207 2351 proprietas
1227 2260 1271 2331 ad
1290 2260 1487 2351 episcopum
1515 2259 1777 2331 cracoviensem
1805 2260 1968 2351 pertinet,
1996 2262 2052 2350 qui
2153 2252 2156 2261 ’

496 2391 552 2457 est
578 2386 670 2457 illius
697 2385 862 2456 ecclesiae
889 2384 1011 2455 unicus
1039 2382 1187 2454 collator
1214 2388 1251 2453 ct
1276 2388 1455 2471 patronus.
1473 2381 1522 2451 'In
1551 2404 1619 2472 qua
1646 2389 1728 2453 suut
1755 2383 1936 2453 duodecim
1963 2382 2053 2451 lanei

418 2532 420 2543 ·
498 2506 751 2595 cmethonales,
787 2506 982 2595 dequibus
1018 2508 1152 2575 et'uno
1169 2577 1172 2594 ,
1189 2503 1391 2592 scoltetiali,
1428 2504 1577 2574 solvitur
1612 2510 1648 2574 ct
1683 2505 1888 2576 conducitur
1923 2507 2054 2579 decima

497 2628 724 2718 manipularis
751 2632 788 2697 11
814 2626 989 2716 cenapolis
1016 2646 1080 2717 pro
1108 2625 1270 2715 episcopo
1298 2623 1536 2714 cracoviensi,
1572 2631 1609 2695 et
1635 2625 1733 2696 valor
1761 2627 1837 2697 eins
1865 2628 1910 2698 ad
1937 2628 2054 2699 decern

498 2768 641 2821 marcas.
677 2748 764 2819 Item
792 2748 957 2819 scoltetus
985 2748 1090 2819 habet
1116 2746 1166 2817 ibi
1193 2753 1266 2817 tres
1293 2746 1430 2842 laneos,
1457 2752 1493 2816 ct
1520 2747 1561 2816 de
1590 2746 1724 2818 duobus
1751 2748 1918 2818 decimam
1946 2750 2054 2821 mani-

500 2870 658 2960 pularem
685 2867 789 2941 solvit
815 2868 979 2939 ecclesiae
1008 2875 1043 2938 ct
1069 2868 1217 2956 plebano
1245 2867 1281 2936 in
1308 2867 1584 2957 Porambka,
1612 2868 1654 2939 de
1673 2870 1779 2939 tertio
1807 2876 1922 2939 autem
1950 2871 2054 2941 solvit

454 2974 594 3060 ''illam
620 2990 836 3079 episcopatui
871 2986 1110 3077 cracoviensi,
1139 2993 1175 3058 ct
1201 2988 1301 3058 valor
1327 2988 1497 3078 decimae,
1525 3009 1612 3077 quae
1640 2989 1731 3059 cedit
1757 2990 1924 3079 plebano,
1952 2992 2056 3061 aesti-

498 3114 613 3181 matur
640 3110 685 3180 ad
712 3109 798 3180 duas
824 3128 978 3196 marcas3
1005 3109 1088 3178 item
1114 3108 1235 3179 laneus
1264 3108 1410 3198 quilibet
1437 3107 1540 3179 solvit
1563 3130 1664 3179 unam
1685 3132 1881 3181 merrsuram
1909 3111 2055 3201 siliginis
2154 3192 2156 3199 Ι

500 3236 538 3302 11
563 3251 667 3302 unam
694 3250 823 3302 avenae
851 3250 914 3320 pro
942 3230 1088 3301 ecclesia
1114 3249 1177 3320 pro
1215 3250 1360 3314 liceatne,
1405 3231 1487 3301 item
1515 3231 1660 3302 ccclesia
1686 3232 1793 3304 habet
1820 3233 1869 3305 ibi
1896 3236 2056 3325 proprios
2154 3286 2156 3291 ·

501 3373 605 3441 agros
632 3357 668 3423 et
694 3359 807 3442 prata,
834 3373 897 3442 pro
926 3372 988 3423 suo
1016 3351 1159 3441 praedio
1186 3358 1223 3421 et
1249 3352 1464 3423 necessitate.
1580 3353 1584 3359 ’

604 3472 707 3544 Lvsn
730 3463 853 3563 bonu,
881 3471 964 3544 villa
991 3474 1054 3545 sub
1081 3473 1248 3563 parocbia
1275 3463 1317 3544 de
1340 3473 1599 3545 Porambka
1625 3475 1707 3566 sita,
1736 3476 1833 3548 cuius
1861 3480 2056 3568 proprietas

503 3593 547 3668 ad
575 3595 813 3685 episcopatum
850 3595 1001 3684 pertinet
1035 3592 1309 3697 cracoviensem.
1349 3595 1390 3665 In
1418 3617 1486 3685 qua
1522 3601 1602 3666 sunt
1637 3597 1755 3667 decem
1791 3603 1826 3668 11
1853 3605 1931 3670 1111
1967 3600 2055 3670 lanei

502 3699 753 3805 cmethonales,
781 3715 864 3786 item
884 3715 951 3787 duo
971 3715 1200 3805 scoltetialeS,
1228 3715 1271 3790 de
1299 3717 1423 3806 quibus
1451 3718 1609 3788 omuibus
1636 3719 1782 3789 solvitur
1801 3725 1836 3790 et
1854 3721 2055 3792 conducitur

501 3836 635 3908 decima
671 3837 895 3926 manipularis
932 3843 968 3908 et
995 3837 1171 3926 canapalis
1207 3857 1271 3926 pro
1307 3837 1510 3927 episcopatu
1547 3836 1786 3930 cracoviensi,
1826 3842 1924 3912 cuius
1961 3842 2056 3913 valor

435 3944 438 3954 ⁸
503 3958 707 4029 aestimatur
733 3957 778 4028 ad
803 3957 927 4047 viginti
962 3978 1118 4046 marcas;
1156 3957 1301 4047 quilibet
1336 3958 1456 4029 laneus
1483 3979 1587 4028 unam
1615 3960 1763 4050 siliginis
1799 3983 1998 4034 mensuram
2023 3970 2058 4035 et

503 4099 607 4150 unam
635 4097 782 4166 avenae,
810 4098 873 4167 pro
901 4098 1059 4146 1111111.
1133 4133 1140 4147 .
1160 4133 1193 4147 ..
1765 4143 1772 4152 ,

607 4198 722 4286 Donv,
759 4197 841 4268 villa
877 4197 940 4268 sub
976 4198 1142 4286 parochia
1169 4199 1211 4269 de
1238 4183 1501 4295 Porambka
1536 4203 1621 4291 sita,
1657 4205 1754 4276 cuius
1790 4208 1989 4299 proprietas
2014 4208 2056 4279 ad

503 4321 739 4410 episcopatum
767 4315 1029 4390 cracoviensem
1056 4321 1225 4409 pertinet,
1252 4322 1289 4391 in
1317 4343 1385 4411 qua
1412 4329 1493 4394 sunt
1520 4330 1596 4395 octo
1624 4324 1716 4396 lanei
1742 4327 1987 4419 cmethonales,
2015 4331 2055 4401 de

503 4440 628 4531 quibus
657 4437 807 4539 solvitur
834 4442 869 4508 11
896 4438 1100 4509 conducitur
1126 4440 1259 4511 decima
1286 4443 1512 4532 manipularis
1539 4451 1575 4516 11
1602 4447 1778 4536 canapalis
1805 4430 1880 4537 pro*
1897 4451 2056 4540 episcopo

503 4558 743 4647 cracoviensi,
771 4564 808 4629 et
834 4557 933 4629 valor
959 4559 1033 4628 eius
1061 4562 1266 4632 aestimatur
1292 4562 1336 4633 ad
1363 4585 1424 4634 sex
1452 4584 1604 4654 marcas,
1632 4567 1715 4637 item
1743 4574 1797 4638 est
1823 4569 1873 4640 ibi
1898 4571 2056 4641 scoltetia

503 4680 635 4752 habens
663 4678 749 4750 duos
776 4679 895 4750 laneos
922 4684 957 4750 11
983 4700 1086 4751 unam
1113 4682 1295 4753 tabernam
1322 4684 1506 4775 habentem
1534 4707 1653 4777 agros,
1687 4667 1729 4759 de
1757 4690 1883 4778 quibus
1910 4692 2057 4763 decimat

504 4801 670 4874 ecclesiae
697 4801 733 4871 in
760 4799 1007 4891 Porambka,
1035 4803 1130 4874 cuius
1158 4803 1257 4875 valor
1283 4805 1328 4876 ad
1355 4805 1442 4877 duas
1469 4828 1613 4878 marcas.
1649 4808 1737 4880 Item
1765 4811 1913 4901 quilibet
1938 4813 2054 4884 laneus

503 4943 568 5012 pro
604 4917 774 5011 moechae,
814 4923 919 4995 solvit
963 4943 1066 4995 unam
1102 4945 1299 4997 mensuram
1334 4927 1482 5018 siliginis
1516 4935 1552 5000 11
1586 4949 1689 5001 unam
1726 4953 1865 5023 avenae,
1893 4935 2057 5007 ecclesiae

506 5041 543 5111 in
569 5039 838 5114 Porambka.

609 5160 828 5253 11111111,Α
848 5165 930 5236 villa
957 5168 1021 5239 sub
1048 5168 1214 5258 parochia
1240 5169 1284 5240 de
1311 5167 1570 5242 Porambka
1597 5173 1674 5244 sita.
1701 5174 1742 5244 In
1766 5195 1834 5264 qua
1852 5183 1935 5248 sunt
1962 5178 2056 5249 sede·

488 5272 572 5353 ¹cim
598 5281 689 5355 lanei
717 5285 967 5379 cmethonales,
995 5289 1037 5360 de
1065 5263 1190 5380 quibus
1217 5290 1350 5362 decima
1384 5293 1609 5382 manipularis
1637 5301 1672 5365 et
1700 5296 1876 5384 canapalis
1912 5298 2056 5370 solvitur

506 5407 542 5474 et
568 5404 770 5477 conducitur
795 5429 859 5497 pro
886 5409 1088 5500 episcopatu
1114 5410 1353 5504 cracoviensi,
1381 5415 1477 5485 cuius
1504 5415 1602 5486 valor
1628 5417 1830 5488 aestimatur
1857 5419 1902 5489 ad
1930 5420 2055 5493 duode-

507 5525 575 5595 cim
601 5547 745 5598 marcas.
772 5528 861 5600 Item
888 5535 941 5602 est
966 5533 1002 5602 in
1030 5532 1152 5604 eadem
1179 5533 1263 5605 villa
1281 5535 1457 5626 scultetus
1484 5536 1617 5608 babens
1645 5538 1731 5609 duos
1758 5537 1878 5611 laneos
1904 5562 1968 5630 pro
1995 5562 2055 5612 sua
2141 5589 2145 5592 -

508 5645 667 5719 scoltetia
691 5648 837 5741 liberos,
874 5657 910 5724 et
936 5673 1040 5725 unam
1066 5654 1247 5727 tabernam
1281 5657 1467 5730 habentem
1502 5679 1625 5749 agros,
1661 5659 1856 5751 dequibus
1892 5662 2052 5733 decimam
