4550 6600
512 770 582 842 112

507 977 669 1066 61111666,
696 975 738 1047 (16
765 996 911 1067 quorum
938 976 1089 1050 omnium
1117 977 1211 1068 agris
1239 976 1387 1050 solvitur
1412 983 1449 1050 61
1475 977 1680 1052 conducitur
1705 976 1840 1050 decima
1862 974 2058 1068 manipula-

506 1103 556 1173 ris
583 1106 620 1171 61
646 1100 819 1190 canapalis
846 1121 910 1190 pro
937 1100 1082 1171 ecclesia
1108 1100 1144 1171 in
1170 1101 1554 1191 Dzekanowicze‚
1581 1107 1618 1172 et
1644 1101 1742 1172 valor
1760 1102 1835 1171 eius
1852 1101 2058 1171 aestimatur

508 1222 552 1292 ad
578 1226 652 1301 tres
678 1240 820 1291 marcas:
846 1221 983 1291 ratione
1010 1220 1276 1293 columbationis
1303 1221 1408 1293 solvit
1435 1221 1581 1311 quilibet
1598 1221 1641 1293 (16
1663 1220 1765 1293 laneo
1791 1241 1896 1292 unam
1921 1240 2059 1291 mensu-

507 1362 582 1413 ram
611 1340 802 1413 confertam
831 1361 970 1413 avenae.

613 1461 802 1553 Smnuow,
829 1462 912 1533 villa
939 1462 1002 1534 sub
1031 1463 1197 1552 parochia
1223 1462 1266 1533 de
1292 1462 1690 1553 Dzyekanowicze
1729 1464 1815 1553 sita,
1851 1462 2059 1534 66166166-

507 1581 778 1654 redesJacobns
805 1582 1115 1674 Zlotniczsky
1143 1583 1185 1654 de
1204 1584 1310 1654 armis
1337 1582 1543 1673 Szyarza
1569 1589 1606 1655 61
1631 1583 1796 1655 Nicolaus
1823 1582 2060 1673 Topolslry
2172 1623 2174 1627 -

441 1768 446 1777 .
508 1704 551 1798 de
578 1703 683 1774 armis
710 1700 811 1773 Oua.
845 1702 887 1773 16
915 1724 984 1793 qua
1014 1710 1095 1774 6661
1121 1703 1289 1774 tredecim
1315 1703 1408 1774 lanei
1434 1704 1677 1793 cmetbonales‚
1704 1705 1788 1775 item
1814 1725 1885 1774 una
1910 1704 2061 1774 taberna

509 1825 641 1897 habens
669 1844 780 1914 agree,
808 1823 850 1894 de
879 1824 1003 1913 quibus
1031 1825 1189 1895 omnibus
1218 1824 1365 1895 solvitur
1390 1830 1427 1896 61
1445 1824 1649 1895 conducitur
1675 1824 1808 1896 decima
1832 1824 2062 1913 manipularis

397 1935 402 1943 ’
510 1950 546 2016 61
573 1945 747 2035 cauapalis
774 1944 939 2015 ecclesiae
967 1945 1002 2013 in
1029 1944 1446 2035 Dzyekanowicze,
1484 1951 1521 2016 et
1546 1945 1645 2016 valor
1671 1946 1747 2016 eius
1783 1946 1989 2016 aestimatur
2016 1942 2062 2013 ad

510 2066 628 2138 (16666
654 2084 800 2153 marcas
826 2065 962 2136 ratione
990 2064 1255 2138 columbatiouis
1282 2065 1387 2137 solvit
1422 2065 1569 2156 quilibet
1594 2066 1638 2137 de
1664 2066 1764 2137 16666
1791 2086 1896 2136 6666
1922 2085 2063 2136 mensu·
2171 2040 2174 2113 ἶ

509 2208 585 2259 ram
612 2206 742 2257 avenae
770 2184 970 2258 confertam.
1216 2270 1220 2277 ¹
1577 2256 1587 2271 ,

614 2308 915 2397 Brauuowrczu,
949 2306 1033 2379 uilla
1060 2306 1124 2379 sub
1151 2308 1318 2396 parochia
1335 2308 1499 2379 ecclesiae
1526 2308 1569 2379 (16
1586 2307 1953 2379 Dzekanouicze
1984 2306 2063 2396 sita,
2172 2402 2174 2405 Α

511 2429 608 2503 66166
634 2426 801 2499 haeredes
828 2428 929 2499 multi
956 2417 1125 2517 occupant
1150 2428 1269 2499 laneos
1296 2428 1539 2519 66611666166,
1567 2435 1604 2500 61
1630 2429 1696 2500 6611
1722 2428 1800 2500 illos
1826 2434 1939 2518 arant,
1966 2427 2064 2498 6116

512 2540 631 2621 66166
650 2548 733 2621 villa
751 2553 832 2619 6661
849 2548 939 2620 16661
956 2570 1088 2639 novem,
1107 2549 1192 2620 1166
1210 2548 1430 2620 hortulaniae
1447 2556 1520 2620 tres
1538 2550 1706 2621 babentes
1734 2570 1847 2640 agros3
1874 2550 1918 2620 de
1937 2549 2065 2639 quibus
2114 2627 2123 2646 ⁸
2172 2538 2174 2631 ξ

512 2672 670 2743 omuibus
697 2669 845 2741 solvitur
871 2677 907 2742 61
934 2670 1137 2742 conducitur
1164 2669 1298 2741 decima
1323 2670 1550 2760 manipularis
1577 2674 1615 2741 et
1632 2670 1806 2760 canapalis
1832 2670 1999 2741 ecclesiae
2029 2670 2065 2739 in
2172 2688 2174 2697 ·

511 2791 928 2883 Dzyekanowicze‚
965 2796 1001 2863 et
1027 2791 1126 2862 valor
1162 2790 1236 2861 eius
1272 2791 1478 2862 aestimatur
1503 2791 1548 2863 ad
1575 2790 1662 2862 (1666
1697 2812 1840 2861 marcas.
1883 2790 2066 2861 Haeredes

513 2912 676 2984 Nicolaus
703 2912 936 3002 Antiquus
972 2917 1008 2981 61
1034 2911 1199 2982 Nicolaus
1227 2909 1426 3001 Grziwa,
1463 2910 1656 2983 Stanislaus
1682 2911 1855 3002 Kregel
1891 2910 2066 2982 dedomo
2172 2912 2174 2969 ἔ

513 3032 792 3124 Streparum,
827 3033 897 3103 tria
932 3032 1076 3122 praedia
1111 3052 1248 3121 eornm,
1284 3037 1321 3103 et
1352 3031 1394 3104 de
1422 3033 1583 3131 omnibus
1617 3032 1789 3105 decimant
1824 3032 1992 3103 ecclesiae
2029 3032 2066 3101 in

513 3154 888 3225 Dzekanowicze.
914 3152 994 3225 Non
1021 3152 1170 3223 solvitur
1196 3152 1423 3244 columbatio,
1454 3154 1523 3225 nisi
1548 3174 1612 3243 per
1637 3153 1841 3225 hortulanus
1866 3172 1931 3243 per
1957 3173 2066 3224 unum
2172 3154 2174 3251 j

513 3294 682 3365 grossum,
710 3294 822 3364 neque
848 3293 952 3370 oasep.

618 3395 838 3486 Kuuczrczu,
878 3395 961 3466 villa
988 3396 1052 3467 sub
1078 3395 1247 3486 parochia
1273 3395 1438 3468 ecclesiae
1466 3395 1510 3467 (16
1537 3394 1673 3469 Gdow
1699 3397 1786 3486 6116,
1813 3395 1910 3467 cuius
1937 3397 2063 3466 haeres

516 3515 680 3587 Nicolaus
707 3509 1026 3608 Ozasslawsky
1059 3515 1101 3588 de
1129 3517 1235 3588 armis
1254 3571 1368 3587 .....
1420 3516 1461 3587 In
1495 3537 1562 3607 qua
1589 3521 1670 3588 6661
1703 3517 1828 3606 viginti
1854 3517 1947 3588 16661
1976 3537 2067 3587 666-

514 3637 692 3728 thonales,
728 3637 923 3728 dequibus
959 3637 1106 3710 solvitur
1142 3638 1276 3710 decima
1309 3638 1537 3727 manipularis
1564 3643 1600 3708 et
1626 3638 1801 3727 canapalis
1837 3638 2003 3709 ecclesiae
2031 3639 2066 3707 in
2172 3701 2174 3744 Ε

514 3758 890 3850 1166166661666,
918 3760 1014 3831 cuius
1042 3759 1141 3832 valor
1169 3760 1373 3831 aestimatur
1391 3759 1436 3830 ad
1454 3765 1585 3849 septem
1612 3759 1668 3831 uel
1695 3765 1775 3830 octo
1802 3779 1948 3829 marcas.
1976 3759 2065 3829 Item
2172 3761 2174 3796 ³

515 3885 570 3952 est
596 3881 645 3952 ibi
671 3881 851 3970 praedium
885 3881 1053 3970 militare,
1090 3881 1132 3952 de
1162 3902 1229 3971 quo
1257 3881 1404 3952 soluitur
1439 3879 1572 3952 decima
1606 3879 1772 3950 ecclesiae
1797 3879 1833 3949 iu
1871 3879 2066 3971 Lazany.
2172 3985 2174 3988 Δ

516 4001 604 4072 Item
632 4001 760 4072 estibi
786 4021 980 4091 areauna,
1017 4021 1078 4072 666
1105 4002 1257 4089 166666;
1292 4000 1383 4090 quod
1409 4006 1505 4071 tenet
1540 3999 1713 4091 czaslaw,
1749 3999 1887 4090 dequo
1915 3999 2065 4071 solvitur
2172 3999 2174 4024 ¹

519 4119 652 4191 decima
686 4120 849 4191 ecclesiae
876 4125 913 4191 61
938 4119 1084 4210 plebano
1120 4119 1157 4192 in
1193 4118 1346 4209 Gdow,
1381 4124 1418 4190 et
1443 4120 1541 4192 valor
1577 4121 1651 4193 eius
1687 4120 1891 4192 aestimatur
1918 4119 1964 4191 ad
1991 4127 2064 4191 tres
2172 4211 2174 4214 Α

517 4239 679 4312 fertones.

619 4359 825 4451 1666666,
852 4359 936 4431 villa
954 4362 1018 4433 sub
1036 4361 1203 4452 parochia
1229 4360 1272 4432 de
1298 4360 1651 4435 Proschowicze
1679 4362 1755 4453 6116,
1783 4362 1880 4434 cuius
1897 4362 2066 4434 haeredes
2172 4355 2174 4406 ³

515 4481 694 4556 lohannes
721 4487 757 4553 et
782 4481 1019 4554 Bernardinus
1046 4483 1088 4554 de
1116 4483 1222 4554 armis
1249 4482 1426 4555 Szarza
1470 4485 1512 4555 In
1539 4506 1607 4574 qua
1633 4490 1767 4574 septem
1792 4480 1886 4554 lanei
1912 4485 2065 4555 cmetbo-
2172 4525 2174 4579 3

516 4605 624 4693 males,
650 4604 734 4674 item
754 4603 841 4674 duae
859 4602 1079 4674 hortulaniae
1106 4605 1273 4676 babentes
1300 4609 1412 4695 agros,
1439 4606 1522 4675 item
1545 4611 1693 4695 quatuor
1718 4604 1865 4694 praedia
1890 4605 2063 4704 militaria,

515 4726 558 4798 de
585 4725 710 4816 quibus
746 4723 904 4797 omnibus
941 4725 1087 4796 solvitur
1114 4730 1150 4796 61
1177 4726 1382 4797 conducitur
1408 4726 1542 4797 decima
1576 4726 1802 4816 manipularis
1828 4730 1865 4796 61
1891 4726 2063 4816 canapalis

515 4867 579 4937 pro
606 4845 751 4918 ecclesia
776 4845 813 4916 in
839 4844 1254 4937 Dzyekanowicze,
1282 4852 1319 4918 61
1345 4847 1444 4919 valor
1461 4847 1536 4918 eius
1558 4846 1761 4917 aestimatur
1778 4847 1824 4916 ad
1841 4845 1960 4918 decem
1979 4851 2064 4936 6616,

515 4961 699 5058 aliquando
727 4966 772 5038 ad
798 4967 923 5057 viginti
950 4987 1094 5039 marcas.

618 5088 973 5178 Dzraunuowrczs,
1007 5087 1090 5159 villa
1117 5089 1181 5159 sub
1208 5089 1374 5178 parocbia
1400 5088 1565 5159 ecclesiae
1591 5087 1634 5158 de
1660 5086 2064 5178 Dzyaloschycze‚

515 5209 612 5282 euius
638 5209 761 5281 haeres
788 5209 946 5280 Barbara
973 5207 1215 5282 Gizowska
1249 5209 1292 5279 de
1319 5210 1425 5280 armis
1452 5207 1774 5279 Odrowansch.
1817 5207 1858 5278 In
1886 5228 1954 5298 qua
1986 5212 2064 5278 sumt

515 5328 693 5400 duodecim
720 5330 811 5402 lanei
838 5329 1091 5419 66611666166,
1118 5330 1162 5400 (16
1190 5351 1337 5420 quorum
1363 5336 1441 5401 octo
1468 5329 1614 5400 solvitur
1639 5334 1676 5400 et
1702 5327 1908 5399 conducitur
1934 5329 2064 5399 decima

428 5509 432 5518 .
514 5450 739 5537 manipularis
767 5455 802 5541 et
828 5450 1003 5540 canapalis
1029 5471 1094 5539 pro
1122 5451 1267 5522 ecclesia
1293 5457 1329 5520 61
1346 5451 1493 5540 plebano
1521 5451 1557 5520 in
1584 5449 2004 5539 Dzyekanowicze,
2030 5452 2064 5518 61

516 5569 613 5638 valor
640 5570 713 5640 eius
740 5573 941 5642 aestimatur
969 5570 1013 5639 ad
1041 5576 1137 5660 octo,
1175 5571 1218 5642 de
1244 5571 1393 5642 residuis
1418 5591 1502 5642 vero
1528 5571 1638 5641 laneis
1666 5569 1814 5641 solvitur
1840 5569 1976 5640 (166166
2001 5589 2061 5659 pro

514 5687 707 5783 parochiali
725 5691 878 5781 ccclesia,
896 5711 985 5781 quae
1005 5697 1150 5764 vocatur
1166 5689 1340 5782 Gorzycze
1358 5713 1465 5781 prope
1478 5691 1774 5793 Sandomiriam
1791 5689 2062 5780 villamregiam
