4550 6600
1189 1056 1397 1130 Suasszow.

617 1180 713 1251 Villa
747 1180 879 1251 habens
915 1178 1094 1251 ecclesiam
1131 1180 1383 1269 parochialem,
1422 1179 1538 1269 lapide
1573 1179 1652 1251 albo
1687 1200 1749 1269 per
1775 1180 1986 1253 Dorotheam
2016 1181 2062 1253 de

516 1304 757 1392 Tharnow,
784 1301 943 1373 relictam
962 1300 1108 1373 Martini
1127 1300 1171 1371 de
1197 1301 1431 1375 Luhnicze
1457 1301 1602 1394 palatini
1620 1301 1855 1375 Lanciciensis
1880 1307 2062 1393 muratam,

514 1431 550 1497 et
575 1425 681 1497 Sanct
699 1478 866 1493 .......
894 1422 1042 1495 dicatam
1070 1423 1106 1493 in
1134 1443 1181 1513 se,
1209 1423 1306 1494 cuius
1332 1425 1455 1495 haeres
1481 1422 1603 1495 unicus
1631 1428 1667 1493 et
1693 1427 1860 1515 patronus
1885 1422 2064 1495 lohannes

513 1543 861 1637 Rythwyenshy
897 1543 1071 1633 palatinus
1099 1541 1338 1617 Gracoviensis
1372 1544 1545 1616 dedomo
1580 1543 1882 1635 accipitrum.
1927 1546 1970 1615 ln
1995 1568 2065 1639 qua

514 1671 596 1739 sunt
621 1665 713 1737 lanei
740 1664 986 1753 cmethonaleS,
1013 1665 1094 1737 item
1121 1666 1303 1755 praedium
1330 1666 1491 1756 militare,
1517 1666 1600 1737 item
1627 1667 1803 1757 tabernae,
1830 1668 1918 1737 item
1943 1668 2066 1741 hortu-

512 1788 633 1877 laniae,
661 1786 744 1857 item
771 1784 1022 1875 molendinum,
1053 1784 1102 1857 de'
1125 1786 1249 1877 quihus
1276 1787 1435 1859 omnibus
1462 1787 1609 1858 solvitur
1635 1794 1672 1860 et
1699 1787 1901 1859 conducitur
1932 1788 2066 1859 decima

513 1906 738 1997 manipularis
765 1909 801 1977 et
828 1905 1004 1995 canapalis
1040 1926 1103 1997 pro
1131 1906 1277 1977 ecclesia
1311 1907 1347 1977 in
1374 1906 1625 1999 Stasszow,
1666 1914 1702 1982 et
1729 1909 1827 1981 valor
1855 1910 2066 1981 111111111-

512 2033 628 2100 matur
655 2026 699 2098 ad
726 2024 844 2097 decem
871 2046 1013 2097 marcas.
1040 2026 1127 2097 Item
1155 2028 1324 2117 plebanus
1343 2028 1416 2099 eius
1434 2028 1612 2101 lohannes
1639 2029 1998 2123 Sozapyeczsky
2023 2030 2066 2101 de

514 2149 614 2221 domo
641 2148 819 2220 Leliwa.
846 2146 895 2218 Et
920 2140 1027 2218 habet
1054 2148 1200 2219 ecclesia
1225 2170 1289 2239 pro
1316 2150 1459 2239 praedio
1487 2172 1551 2221 suo
1578 2150 1665 2222 duos
1691 2151 1819 2241 laneos,
1847 2151 1968 2223 domui
1987 2173 2066 2223 con·

511 2272 644 2363 tiguos,
681 2292 786 2344 unum
813 2274 952 2361 pratum
979 2270 1071 2339 inter
1098 2289 1201 2361 agros
1236 2266 1445 2361 praediales'
1458 2277 1494 2343 at
1520 2273 1748 2363 cmethonum,
1775 2294 1898 2345 versus
1926 2273 2064 2363 Ryth-

512 2392 678 2487 wyani,
705 2397 741 2463 et
759 2391 886 2462 ibidem
905 2391 998 2461 circa
1016 2396 1165 2483 pratum,
1184 2397 1344 2483 stagnum
1362 2394 1520 2483 liberum
1538 2394 1620 2465 item
1638 2395 1743 2466 habet
1760 2395 1904 2466 tertium
1928 2395 2067 2465 laneum

512 2520 592 2605 post
617 2513 758 2585 fluvium
786 2510 980 2603 Ouarna,
1006 2534 1126 2585 versus
1154 2514 1186 2584 R
1194 2515 1435 2609 ythwyani
1461 2536 1567 2607 penes
1594 2514 1682 2586 alios
1709 2515 1828 2589 lancos
1846 2516 2067 2587 emethonum

512 2634 658 2722 finalem
685 2633 768 2704 item
786 2633 893 2705 habet
910 2634 1060 2725 hortum,
1087 2655 1194 2725 penes
1221 2636 1351 2707 dictum
1377 2637 1518 2710 fluvium
1545 2643 1696 2727 aparte3
1722 2639 1805 2709 item
1834 2638 1944 2709 hahet
1961 2658 2064 2709 uuam

509 2756 690 2827 tabernam
716 2752 861 2845 ibidem,
901 2754 1087 2827 habentem
1115 2776 1237 2847 agros,
1278 2778 1366 2847 quae
1399 2758 1504 2830 solvit
1539 2780 1603 2849 pro
1632 2779 1738 2833 censu
1772 2758 1922 2849 plebano
1959 2780 2062 2832 uuam

392 2910 398 2921 ·
440 2936 444 2943 .
511 2896 670 2947 marcam.

611 2996 762 3085 Doann,
798 2995 881 3069 villa
908 2997 971 3069 sub
998 2998 1165 3095 parochia
1192 2999 1357 3073 ecclesiae
1384 3001 1427 3071 de
1455 2994 1657 3073 Sta'szow
1693 3002 1771 3074 sita.
1818 3002 1860 3073 In
1887 3024 1958 3093 qua
1985 3011 2064 3079 suut

509 3112 601 3190 lanei
628 3117 869 3207 emethonales,
896 3118 981 3188 item
1008 3119 1193 3210 tabernae,
1219 3121 1302 3207 item
1329 3122 1559 3211 hortulaniae‚
1585 3123 1668 3193 item
1695 3123 1889 3213 praedium,
1917 3124 1961 3196 de
1989 3126 2061 3215 qui·

510 3240 575 3315 hus
604 3238 749 3312 solvitur
776 3243 812 3310 et
839 3238 1042 3314 conducitur
1078 3240 1211 3315 decima
1237 3243 1463 3334 manipularis
1490 3249 1527 3315 et
1553 3244 1731 3348 canapalts
1762 3266 1827 3338 pro
1855 3246 2061 3319 ecclesiain

458 3379 460 3384 ·
511 3362 752 3450 Stasszow,
779 3365 816 3430 et
842 3359 941 3431 valor
968 3361 1042 3431 eius
1071 3364 1278 3435 aestimatur
1305 3364 1349 3435 ad
1378 3365 1528 3461 quinque
1554 3386 1698 3437 marcas.

613 3481 859 3572 Rrrrrwrnur,
886 3481 969 3552 villa
985 3481 1083 3554 iuxta
1101 3483 1242 3556 fluvium
1269 3483 1490 3578 Czyarna,
1518 3487 1578 3578 qui
1603 3487 1737 3561 medius
1756 3488 1922 3562 decurrit.
1940 3489 2061 3562 Alber-

509 3609 566 3675 tus
593 3601 980 3696 Jastrzambyecz
1008 3603 1051 3676 de
1077 3603 1331 3698 Luhnicze,
1359 3609 1508 3700 primurn
1534 3608 1794 3702 Poznaniensis,
1823 3611 1951 3684 deinde
1982 3611 2060 3685 Gra·

510 3724 680 3798 coviensis
703 3723 898 3832 episcopus,
926 3725 971 3796 ad
997 3730 1188 3800 extremum
1208 3725 1420 3802 Gneznensis
1448 3731 1738 3823 archiepiscopus,
1765 3733 1850 3806 villa
1877 3736 1957 3827 ipsa
1974 3735 2061 3826 apud

510 3845 666 3918 dominos
694 3844 736 3918 de
763 3843 1029 3938 Skothniky
1055 3850 1321 3943 pronepotibus
1349 3857 1516 3943 coempta,
1543 3857 1698 3926 castrum
1724 3854 1842 3926 nobile
1860 3863 2060 3949 sumptuoso

510 3985 614 4056 opere
640 3967 801 4038 muravit.
828 3965 869 4037 In
896 3989 965 4058 qua
991 3975 1072 4064 sunt
1100 3975 1176 4042 octo
1203 3971 1296 4042 lanei
1323 3973 1567 4064 cmethonale's,
1593 3975 1678 4046 item
1704 3977 1875 4050 tahemae
1894 3984 1978 4052 *tres
2003 3979 2061 4050 ha·

508 4088 630 4158 hentes
658 4105 779 4176 agros,
815 4087 900 4158 item
927 4089 1077 4180 quinque
1105 4076 1323 4164 hortulaniae
1350 4093 1520 4166 habentes
1547 4114 1670 4187 agros,
1707 4083 1746 4168 'in
1772 4103 1875 4189 parte
1903 4101 2061 4173 orientali

508 4226 630 4284 versus
657 4205 998 4278 Sandomiriam
1027 4211 1122 4299 sitos,
1149 4211 1192 4282 de
1220 4212 1344 4303 quihus
1371 4215 1528 4286 omnihus
1556 4207 1704 4288 solvitur
1722 4224 1759 4289 et
1777 4219 1985 4292 conducitur
2007 4222 2060 4293 de

511 4327 599 4398 eima
633 4326 858 4419 manipularis
894 4349 957 4418 pro
985 4330 1130 4400 ecclesia
1166 4333 1356 4420 parochiali
1392 4335 1428 4406 in
1463 4335 1750 4430 Skothniky,
1788 4346 1824 4411 et
1852 4341 1955 4413 valor
1991 4344 2059 4414 eius

509 4448 714 4520 aestimatur
733 4447 777 4518 ad
796 4468 856 4520 sex
871 4469 1019 4546 marcas.
1047 4449 1153 4524 Cuius
1171 4453 1295 4525 haeres
1313 4452 1491 4526 lohannes
1518 4457 1867 4554 Rythwyensky
1896 4463 2060 4536 dammis

508 4569 862 4642 dastrzambczi.
888 4570 976 4642 Item
1002 4571 1181 4659 praedium
1209 4574 1258 4645 ibi
1282 4575 1420 4646 unicum
1446 4577 1606 4650 militare.
1633 4581 1723 4652 Item
1741 4583 1828 4674 agri,
1856 4604 1981 4656 versus
2008 4607 2060 4658 oc·

508 4688 677 4760 cidentem
704 4694 784 4778 post
801 4689 942 4762 fluvium
969 4689 1182 4782 Czyarna
1208 4695 1276 4784 siti,
1303 4695 1346 4765 de
1369 4697 1494 4787 quihus
1512 4700 1659 4774 solvitur
1678 4681 1812 4775 decima
1837 4707 2061 4799 manipularis

508 4808 708 4884 ecclesiae
698 4831 734 4880 m
762 4809 1005 4904 Stasanor,
1034 4819 1070 4885 et
1096 4815 1195 4886 valor
1221 4816 1294 4887 eius
1322 4838 1380 4890 aes
1381 4812 1526 4891 limatur
1553 4823 1597 4893 ad
1623 4829 1698 4894 tres
1725 4845 1870 4898 marcas

611 4927 859 5022 Sanonzroza,
900 4935 963 5005 sub
992 4935 1158 5024 parochia
1193 4937 1358 5010 ccclesiae
1395 4939 1437 5011 de
1464 4940 1647 5046 Buszho
1675 4945 1761 5035 sita,
1802 4947 1902 5019 cuius
1940 4949 2057 5025 haeres

507 5037 684 5126 lohannes
712 5049 1009 5144 Sluszowslry
1036 5055 1078 5126 de
1106 5057 1211 5128 armis
1238 5057 1431 5149 Lyodza.
1466 5061 1506 5132 In
1535 5085 1603 5154 qua
1629 5071 1712 5136 sunt
1696 5066 1831 5138 tlanei
1860 5072 2057 5144 emethoua-

506 5173 567 5262 les,
594 5171 966 5261 itemt,aberna't1tem
993 5174 1223 5267 hortulaniae,
1251 5178 1438 5270 dequibus
1466 5183 1676 5258 solvitutre
1703 5189 1910 5263 conducitur
1929 5193 2057 5266 decima

507 5290 792 5383 manipulariset
818 5293 992 5382 canapalis
1019 5315 1082 5387 pro
1102 5297 1283 5368 ecclesia
1272 5321 1308 5369 m
1336 5299 1536 5394 Buszho,
1564 5313 1601 5378 et
1585 5308 1727 5380 tvalor
1753 5311 1830 5382 eius
1854 5315 2057 5388 aestimatur

507 5413 576 5486 ad.
596 5468 603 5483 ,
707 5429 849 5481 marcas.
876 5413 965 5484 Item
991 5421 1045 5486 est
1029 5417 1121 5487 tibi
1148 5418 1341 5506 praedium
1353 5443 1458 5492 unum
1485 5426 1575 5497 milit
1559 5432 1647 5517 tare,
1675 5428 1718 5499 de
1746 5431 1846 5505 cuius
1875 5437 1974 5526 agris
2001 5438 2055 5508 de-

508 5535 654 5654 rimatur
680 5529 881 5604 ecclesiae
871 5553 908 5602 m
935 5532 983 5603 St
968 5538 1185 5626 t,asszow
1212 5543 1249 5610 et
1274 5541 1374 5611 valor
1400 5543 1474 5613 eius
1501 5547 1590 5618 adt
1574 5552 1648 5620 tres
1675 5569 1812 5626 marcas
1840 5558 2054 5632 aestimatur

610 5651 723 5725 Villae
749 5648 972 5741 parochiales:
1000 5653 1049 5725 St
1033 5659 1251 5745 tasszow,
1276 5656 1447 5749 Dobra,
1474 5661 1760 5763 Rythwyani
