4550 6600
497 756 609 832 ..516

375 1026 380 1033 .
524 962 621 1039 nulla
646 965 701 1032 est
726 959 777 1031 ibi
801 957 957 1029 tabmna.
1000 955 1090 1027 Item
1116 958 1172 1026 est
1198 952 1248 1026 ibi
1275 972 1381 1025 unum
1407 950 1592 1044 praedium
1616 951 1781 1043 militare,
1809 950 1906 1045 quod
1929 949 2060 1028 decimat

398 1113 403 1135 ι
453 1054 466 1069 ‘
527 1082 675 1175 mono
700 1080 738 1151 sn
764 1078 973 1169 assiqua
999 1076 1179 1148 aaron.

1192 1194 1430 1267 Wuazacczn.

440 1421 444 1430 ι
630 1324 726 1397 Villa
750 1321 883 1413 lrabans
909 1322 947 1392 in
974 1340 1011 1401 aa
1038 1317 1272 1409 parochialem
1299 1318 1480 1389 ecclesiam
1506 1318 1667 1409 ligneam,
1697 1317 1824 1391 Sancto
1851 1315 2000 1408 Aegidio
2023 1319 2064 1393 di·

527 1451 652 1536 catam,
677 1444 774 1516 cuius
800 1442 998 1535 proprietas
1021 1438 1332 1511 admonastarium
1358 1438 1637 1511 Wanchocuense
1664 1438 1828 1529 pertinet.
1854 1438 1898 1509 In
1917 1459 1985 1529 qua
2001 1450 2066 1513 sunt

382 1636 392 1645 .
526 1568 676 1659 triginta
700 1585 790 1637 unus
817 1584 895 1635 cunr
920 1561 1036 1659 medio
1060 1560 1153 1633 lanai
1181 1560 1433 1651 cmethonales,
1461 1560 1505 1633 de
1532 1562 1657 1651 quibus
1684 1560 1833 1632 solvitur
1860 1564 1899 1631 ct
1926 1560 2083 1633 conduci-v

526 1696 587 1759 tur
612 1686 745 1759 decima
770 1682 996 1781 manipularis
1022 1687 1061 1753 et
1086 1682 1262 1771 canapalis
1289 1700 1353 1771 pro
1380 1682 1594 1753 monasterio
1622 1680 1905 1769 Wanchoczensi,
1932 1686 1968 1751 et
1985 1680 2067 1755 valor

527 1811 603 1883 ains
628 1807 833 1880 aestimator
860 1804 906 1876 ad
923 1857 1037 1874 .....
1064 1802 1152 1873 Item
1179 1807 1233 1873 est
1259 1802 1309 1873 ibi
1328 1802 1497 1893 scoltetia,
1525 1802 1658 1873 habens
1684 1800 1772 1873 duos
1795 1802 1917 1872 laneos
1946 1802 2006 1872 snb
2029 1824 2066 1892 sc,

487 2012 491 2021 ‚
528 1930 573 2003 da
599 1928 725 2021 quibus
751 1926 899 1999 solvitur
926 1924 1060 1997 decima
1085 1923 1252 1995 ccclesiae
1280 1923 1316 1993 in
1343 1923 1615 1995 Wirzbicza.
1641 1923 1731 1995 itanu
1750 1944 1818 1995 non
1837 1927 1896 1993 est
1918 1922 1968 1994 ibi
1983 1942 2067 2013 prae

529 2051 634 2141 dium,
660 2069 730 2122 non
756 2052 838 2121 sunt
863 2044 1092 2119 hortulaniae.
1118 2045 1206 2116 Item
1229 2050 1317 2125 ¹sunt
1343 2046 1510 2117 tabernac
1537 2045 1703 2135 triginta,
1729 2065 1799 2117 non
1825 2043 1997 2117 habentes
2018 2046 2068 2117 uli·

530 2192 619 2265 quos
644 2189 757 2261 agros.
785 2226 790 2240 ,
1496 2234 1499 2241 .

632 2292 850 2381 Rznczuow,
878 2287 962 2362 uilla
988 2288 1053 2359 sub
1079 2288 1246 2377 parochia
1273 2287 1317 2359 de
1343 2286 1627 2380 Wyrzbycza
1653 2288 1731 2378 sita,
1758 2288 1857 2361 caina
1888 2287 2067 2379 proprietas

529 2414 575 2488 ad
600 2412 849 2487 monasterium
875 2406 1157 2482 Wanchoczense
1184 2410 1346 2501 pertinet.
1381 2410 1422 2481 ln
1450 2415 1626 2501 quaeunt
1652 2410 1851 2501 qmndecim
1877 2409 1970 2481 lanei
1994 2431 2067 2483 cne-

528 2535 697 2624 thonales,
723 2534 807 2605 item
833 2552 903 2603 una
929 2532 1076 2606 taberna
1093 2552 1163 2603 nou
1181 2531 1313 2603 habens
1340 2550 1452 2623 agros,
1480 2532 1562 2605 item
1581 2552 1648 2603 non
1669 2538 1751 2603 sunt
1777 2532 1827 2603 ibi
1855 2530 2069 2621 hortulaniaa

529 2656 573 2729 de
600 2655 726 2747 quium
752 2642 899 2727 solvitur
935 2652 1069 2723 decima
1094 2652 1321 2741 manipularis
1348 2658 1385 2724 et
1411 2652 1586 2743 canapalia
1613 2652 1779 2725 ccclesiae
1807 2658 1845 2725 et
1873 2653 2016 2744 plebano
2040 2654 2067 2725 in

528 2776 820 2869 Wyrzbicza,
847 2781 885 2847 ct
911 2774 1009 2846 valor
1035 2774 1110 2846 cius
1137 2760 1343 2845 aestimatur
1370 2774 1414 2845 ad
1433 2828 1440 2845 .
1514 2830 1548 2845 ..
1640 2784 1644 2795 '

631 2897 743 2969 Runa
760 2895 915 2986 Mamm
942 2895 1026 2967 villa
1043 2896 1109 2967 snb
1126 2894 1293 2985 parochia
1315 2895 1482 2967 ecclcsiae
1509 2895 1563 2967 de'
1578 2894 1855 2986 Wyrzbicua
1884 2896 1962 2985 sita,
1987 2896 2066 2968 cuius

528 3018 727 3094 haeredes...
746 3018 881 3090 nobiles
899 3016 943 3090 de
960 3016 1062 3089 domo
1079 3016 1320 3107 Wazikow,
1348 3018 1439 3089 intar
1455 3024 1573 3089 tamen
1592 3022 1748 3096 caeteros
1765 3015 1948 3089 lohannes
1974 3017 2067 3089 Rud-

529 3142 613 3233 sluy
639 3140 806 3212 maiorem
840 3138 935 3210 illius
961 3143 1096 3229 partem
1122 3138 1237 3210 habet.
1281 3138 1332 3209 ln.
1350 3158 1419 3230 qua
1445 3146 1526 3211 sunt
1554 3139 1659 3211 'etiam
1685 3139 1844 3211 nonnulli
1875 3140 1968 3211 lanai
1993 3160 2065 3211 cna·

527 3260 703 3351 thonales,
743 3259 940 3352 dequibus
975 3259 1123 3332 soluitur
1159 3259 1292 3332 decima
1318 3260 1545 3352 manipularis
1580 3280 1644 3352 pro
1672 3259 1841 3334 decanatu
1878 3258 2066 3352 Kyelciensi.

528 3382 615 3456 Post
641 3402 759 3478 omnes
787 3385 903 3456 autom
930 3381 1215 3456 eiusdemvillae
1242 3382 1394 3472 nobiles,
1431 3383 1598 3472 quisunt
1625 3382 1768 3472 viginti,
1795 3387 1832 3455 ct
1859 3403 1980 3456 eornm
2004 3403 2065 3454 ara-

528 3510 637 3592 turas,
664 3503 812 3575 solvitur
838 3501 971 3574 decima
997 3501 1144 3592 plebano
1171 3503 1208 3576 in
1236 3499 1512 3576 Wirzbicza.

633 3623 904 3714 Damnaown,
943 3623 1028 3696 villa
1053 3624 1118 3696 sub
1144 3625 1311 3715 parochia
1337 3623 1673 3697 da.Wirzbicza
1709 3625 1796 3716 sita,
1837 3627 1939 3700 cuius
1964 3627 2066 3728 luteres

466 3738 471 3748 ’
527 3745 740 3828 Warsius
766 3745 893 3818 nobilis
920 3745 964 3818 dc
991 3745 1262 3819 domoJRawa.
1290 3746 1330 3818 In
1358 3767 1426 3837 qua
1445 3747 1645 3820 sunt-lanei
1672 3747 1923 3840 cmctlronales,
1950 3749 1990 3821 de
2006 3749 2065 3840 qni·

527 3869 591 3941 bus
618 3868 766 3940 solvitur
792 3873 830 3940 et
855 3866 1060 3940 conducitur
1086 3867 1222 3940 decima
1248 3868 1474 3959 manipularis
1488 3875 1537 3940 ct
1564 3869 1744 3959 canapalis·
1766 3869 1984 3962 episcopatui
2000 3868 2066 3944 (ira-

527 3989 690 4079 couiensi,
716 3994 754 4060 et
778 3989 877 4060 valor
902 3989 977 4060 cius
1003 3989 1209 4085 aestimatur
1228 4043 1342 4060 .....
1381 3990 1481 4062 Item·
1498 3994 1552 4072 cst
1578 3990 1627 4062 ibi
1653 3991 1834 4080 praedium
1862 4013 1971 4072 unum
1993 3991 2065 4062 nili-

527 4090 614 4200 tare,
640 4110 684 4181 de
711 4110 809 4181 cuius
837 4110 932 4200 agris
959 4110 1109 4182 solvitur
1134 4110 1269 4184 decima
1295 4111 1522 4202 manipularis
1549 4111 1714 4184 ecclesiae
1742 4113 1778 4184 in
1797 4111 1843 4184 W
1850 4091 2065 4204 yrzbiaua

631 4229 905 4321 Znnnnssnczn,
932 4231 1015 4302 villa
1042 4219 1107 4303 'sub
1129 4233 1296 4322 parochia
1323 4232 1366 4304 de
1393 4231 1558 4324 Wyrzb
1571 4233 1670 4306 icza
1697 4233 1774 4324 sita,
1802 4235 1903 4306 cuius
1930 4233 2081 4326 proprio

526 4358 582 4424 tas
608 4352 653 4423 ad
679 4352 928 4424 monasterium
954 4351 1234 4428 Wanclroczensc
1261 4354 1425 4444 pertinet.
1452 4354 1493 4424 In
1504 4375 1581 4448 pua
1600 4360 1683 4426 sunt
1701 4361 1851 4446 quatuor
1878 4357 1972 4430 lanei
1992 4377 2065 4428 cna

526 4464 705 4564 thanaim,
740 4474 824 4545 mem
851 4473 940 4545 duae
966 4474 1131 4546 taliernae
1159 4475 1326 4546 habentes
1354 4485 1476 4568 agros,
1512 4476 1596 4548 itam
1623 4475 1815 4566 praedium.
1830 4478 2000 4567 militare,
2030 4478 2063 4548 de

462 4628 465 4637 ¹
527 4595 653 4686 ombus
680 4576 838 4668 omnibns
866 4595 1013 4668 solvitur
1039 4602 1075 4666 ct
1100 4596 1305 4696 conducitur
1331 4596 1465 4670 decima
1492 4575 1719 4690 manipularis
1745 4603 1781 4672 at
1808 4601 1984 4691 canapnlis
2002 4619 2064 4698 Ιξιο-

525 4717 680 4789 nastcmo
707 4715 990 4807 Wanchoczensi,
1018 4723 1054 4788 ct
1079 4717 1179 4812 valor
1206 4718 1280 4790 eius
1307 4720 1512 4793 aestimatur
1540 4719 1584 4790 ad
1603 4773 1610 4790 .
1627 4773 1637 4798 ,.
1656 4773 1664 4790 .
1685 4773 1720 4790 ,.

491 4845 494 4850 ’
629 4837 845 4930 husonum,
881 4838 966 4916 villa
991 4837 1056 4910 sub
1084 4839 1250 4930 parochia
1277 4839 1320 4912 de
1350 4839 1619 4942 lilirzbicua
1645 4841 1741 4932 sita,
1763 4842 1861 4916 cuius
1889 4843 2063 4936 proprietas

526 4960 571 5032 ad
597 4961 846 5050 monasterinm
872 4960 1155 5034 Wanchoczense
1181 4962 1342 5052 pertinet
1368 4963 1410 5034 In
1438 4983 1507 5054 qua
1533 4969 1615 5037 aunt
1640 4965 1732 5036 lanei
1760 4966 2007 5062 auctionales,
2030 4964 2062 5036 da

527 5081 652 5172 ombus
687 5060 899 5153 solvitur-et
925 5082 1130 5154 conducitur
1166 5077 1315 5166 decima,
1335 5084 1560 5174 manipularis
1596 5091 1633 5156 at
1660 5083 1835 5177 canapalis
1872 5109 1939 5178 pro
1964 5105 2062 5161 mont·

527 5202 634 5274 sterio
662 5201 944 5298 Wanchoczcnsi.
970 5202 1059 5275 Item
1081 5203 1267 5295 praedium
1294 5224 1362 5277 non
1391 5211 1455 5278 est.
1785 5186 1789 5194 ¹
1981 5221 1983 5224 ’

571 5386 574 5390 s
630 5323 866 5416 Pomonzam,
893 5325 978 5398 villa
1004 5327 1068 5397 sub
1095 5325 1261 5416 parochia
1287 5327 1330 5399 de
1357 5304 1618 5400 Wirzbicza
1646 5331 1730 5420 sita,
1757 5331 1856 5404 cuius
1883 5333 2060 5424 proprietas

527 5445 572 5516 ad
598 5447 846 5520 monasterium
874 5447 1154 5520 Wanchoczensc
1182 5450 1343 5541 pertinet.
1370 5450 1411 5522 In
1439 5472 1508 5542 qua
1536 5451 1617 5524 sunt
1642 5453 1736 5524 lanei
1763 5454 2007 5542 cmetlronalas,
2028 5449 2061 5522 da

527 5566 652 5654 quibus
688 5569 835 5641 solvitur
862 5575 899 5641 ct
925 5570 1130 5643 conducitur
1166 5571 1300 5644 decima
1334 5573 1562 5664 manipularis
1593 5581 1634 5648 et
1660 5575 1840 5665 canapalia
1872 5597 1936 5667 pro
1952 5567 2059 5650 ‘mona-

527 5687 634 5763 sterio
661 5688 697 5760 in
724 5688 1086 5784 Wanchocaslco,
1112 5699 1150 5766 ct
1176 5693 1277 5767 vallor·
1301 5695 1381 5778 cius
1404 5697 1611 5770 aestimatur
1638 5695 1682 5770 ad
1701 5751 1817 5768 .....
