4550 6600
500 734 578 807 370

491 943 589 1015 ¹Item
615 940 665 1013 ihi
692 958 809 1009 omnes
847 934 1047 1007 emethones
1081 932 1222 1005 solvunt
1246 928 1415 1043 decimam
1441 929 1673 1021 pecuniolam,
1708 928 1855 1021 qnilihet
1885 928 1930 1000 de
1953 928 2046 1001 laneo

503 1084 609 1136 unum
636 1061 805 1133 fertonem
839 1056 1029 1131 communis
1063 1054 1248 1146 pecuniae,
1284 1056 1321 1123 et
1346 1051 1530 1145 episeopus
1559 1051 1800 1125 cracoviensis
1826 1052 1955 1123 asserit
1979 1070 2049 1123 aum

500 1185 547 1259 ad
572 1205 610 1256 se
636 1182 823 1275 pertinere,
851 1184 886 1251 et
912 1178 1081 1269 plebanus
1109 1176 1153 1249 de
1180 1174 1407 1248 Ramizow
1433 1174 1602 1248 similiter.

1127 1420 1434 1494 Garannonrnsz.

607 1549 701 1621 Villa
728 1549 764 1619 in
792 1545 898 1619 cruda
925 1544 1043 1617 radiae
1069 1544 1209 1617 noviter
1234 1543 1366 1633 locata,
1403 1541 1502 1615 cuins
1527 1542 1652 1615 haeres
1678 1540 1858 1616 lohannes
1886 1541 1989 1613 Felix
2014 1542 2054 1614 de

504 1674 737 1745 Tharnow.
763 1669 804 1741 ln
832 1688 900 1759 qua
926 1672 1007 1739 sunt
1034 1666 1126 1739 lanei
1145 1718 1312 1735 .......
1357 1663 1399 1735 In
1425 1662 1555 1753 eadem,
1596 1663 1742 1735 ecclesia
1767 1668 1822 1736 est
1847 1664 2055 1753 parochialis

502 1796 626 1885 lignea,
641 1791 781 1881 ,Sancto
809 1788 984 1861 Stanislao
1012 1787 1168 1879 pontifici
1195 1786 1318 1875 dicata,
1345 1791 1383 1855 et
1399 1784 1538 1857 noviter
1563 1783 1707 1857 fundata
1732 1791 1770 1857 et
1795 1783 1930 1875 dotata,
1958 1804 2056 1875 quam

505 1916 640 1989 obtinet
667 1934 757 1987 nnnc
784 1912 948 1985 Nicolaus
976 1910 1019 1983 (19
1046 1908 1260 1998 Lanezky
1287 1906 1419 1997 primus
1445 1906 1520 1979 eius
1546 1906 1715 1997 plebanus
1716 1960 1833 1977 .....

969 2174 1267 2277 Praepositum
1299 2170 1602 2254 Wislloianaia.

610 2397 839 2471 Wisliciensis
865 2396 1087 2488 praepositus
1122 2394 1231 2469 habet
1257 2395 1301 2468 de
1327 2395 1403 2467 iure
1431 2394 1583 2467 officium
1610 2394 1823 2466 visitationis
1849 2395 1888 2465 in
1917 2414 2059 2485 praepo

507 2524 618 2597 situra
645 2520 875 2610 Wislieiensi,
902 2520 938 2595 ln
964 2518 1123 2591 omnibus
1150 2517 1325 2609 parochiis
1360 2534 1422 2589 seu
1448 2517 1619 2607 plebaniis
1654 2516 1767 2589 eidem
1796 2517 2059 2607 praepositurae

507 2644 719 2717 Wisliciensi
746 2642 920 2732 subiectis,
948 2648 983 2713 91
1010 2640 1160 2713 officium
1186 2639 1422 2713 archidiaconi
1448 2645 1588 2711 exercet
1613 2639 1650 2710 in
1676 2659 1753 2729 eas,
1780 2638 1959 2711 visitando
1985 2638 2058 2709 illas

506 2768 606 2839 annis
633 2765 792 2857 singnis,
829 2769 865 2837 et
890 2764 1170 2855 procurationem
1196 2761 1241 2834 ab
1268 2761 1318 2833 eis
1346 2761 1525 2851 exigendo.
1569 2761 1723 2850 Quarum
1748 2761 1892 2833 nomina
1918 2759 2058 2833 interius

445 2958 449 2965 .
507 2890 722 2963 subiciamus.

746 3150 888 3229 Sancti
923 3148 1134 3229 laurentii
1167 3153 1291 3227 extra
1325 3166 1471 3227 muros
1503 3146 1817 3229 Wlalieiansas.

612 3372 652 3442 In
680 3369 845 3444 suburbio
873 3369 1073 3442 Visliciensi
1100 3391 1223 3442 versus
1249 3355 1461 3462 aquilonem,
1488 3374 1543 3445 est
1567 3370 1714 3443 eeclesia
1739 3371 1855 3462 lignea
1882 3371 2061 3462 parochia-

508 3495 552 3565 lis
580 3493 707 3566 Sancto
726 3491 914 3564 Laurentio
937 3491 1085 3584 martyri
1112 3491 1237 3584 dicata,
1265 3493 1362 3565 cuius
1388 3493 1556 3583 plebanus
1574 3492 1777 3583 Stanislans,
1803 3494 1904 3568 cuius
1923 3493 2060 3584 patroni

509 3621 545 3688 et
564 3615 749 3690 collatores
768 3613 947 3687 Johannes
974 3611 1261 3687 czarnoezki
1288 3615 1331 3686 da
1349 3614 1701 3706 Nyeprowiaze,
1728 3614 1925 3690 Stanislans
1953 3617 2060 3708 1139-

508 3737 771 3830 prowszlry,
798 3731 975 3810 Johannes
1003 3736 1349 3828 Nyeprowszhy
1384 3735 1427 3820 de
1454 3737 1556 3809 domo
1583 3741 1620 3810 et
1644 3735 1775 3810 familia
1792 3791 1908 3828 .....
1937 3737 2060 3810 Petrus

507 3859 909 3952 Myodzigorszky
937 3859 980 3933 de
1007 3857 1109 3932 domo
1136 3857 1456 3949 Kopaschina,
1496 3858 1594 3932 cuins
1620 3864 1810 3949 proventus
1847 3864 1933 3932 sunt
1958 3859 2062 3932 infra·

509 3981 641 4071 scripti,
667 3985 703 4052 et
729 3979 832 4054 villae
859 3981 1077 4071 parochiales
1105 3980 1356 4071 infrascriptae.
1400 3979 1532 4070 Primo,
1559 3981 1728 4071 plebanus
1755 3981 1870 4054 dietae
1896 3981 2062 4054 ecelesiae

508 4103 617 4174 habet
643 4121 706 4191 pro
726 4121 790 4174 sua
808 4100 890 4174 dote
908 4103 1058 4174 medium
1084 4103 1232 4194 laneum,
1259 4102 1296 4174 in
1323 4101 1489 4176 suburbio
1516 4103 1608 4176 inter
1626 4102 1746 4176 civiles
1772 4123 1886 4193 agros,
1912 4103 2061 4176 liberum

511 4242 532 4293 a
559 4242 664 4293 censu
690 4227 727 4292 et
753 4221 913 4312 tributiS,
950 4243 1049 4314 quem
1077 4224 1220 4314 proprio
1255 4228 1375 4294 aratro
1403 4229 1440 4295 et
1465 4223 1584 4295 labore
1611 4223 1708 4314 colit,
1749 4243 1813 4313 pro
1840 4245 1903 4294 suo
1931 4245 1999 4296 usu
2023 4230 2058 4296 et

509 4344 673 4432 utilitate
700 4342 806 4416 solvit
833 4347 950 4416 tamen
976 4365 1039 4434 pro
1068 4345 1272 4436 episcopatu
1297 4344 1519 4418 cracoviensi
1549 4344 1593 4416 de
1619 4345 1679 4417 illo
1706 4343 1874 4418 decimam
1900 4347 2061 4436 pecnnia

509 4465 577 4538 lem
605 4485 711 4538 unum
737 4464 915 4536 fertonem.
959 4465 1048 4536 Item
1074 4466 1181 4538 habet
1208 4468 1243 4538 in
1271 4467 1391 4540 eodem
1418 4466 1585 4540 suburbio
1612 4466 1811 4540 Visliciensi
1837 4488 1959 4540 aream
1984 4489 2061 4559 pro·

508 4587 620 4678 priam
647 4586 802 4678 liberam,
830 4607 905 4658 oum
933 4587 1036 4658 horto
1065 4591 1100 4658 et
1127 4587 1238 4678 domo,
1266 4588 1359 4660 inter
1374 4589 1604 4681 ‚suburbanos
1631 4588 1786 4660 eiusdem
1812 4589 1943 4679 oppidi.

614 4708 843 4798 Gomnnrnr,
870 4707 953 4780 villa
980 4708 1044 4780 suh
1072 4710 1238 4799 parochia
1265 4709 1428 4782 eeclesiae
1450 4708 1494 4782 (19
1512 4708 1639 4782 Sancto
1657 4709 1847 4784 Laurentio
1867 4712 1949 4802 sita,
1967 4712 2060 4784 onius
2118 4719 2128 4734 '

509 4831 708 4924 proprietas
735 4830 781 4904 ad
807 4829 1078 4903 illustrissimum
1106 4831 1272 4904 Poloniae
1298 4852 1415 4922 regem
1441 4832 1601 4922 pertinet.
1628 4833 1668 4902 In
1687 4853 1755 4922 qna
1771 4837 1853 4904 sunt
1869 4833 2060 4924 quindecim

507 4953 599 5026 lanei
626 4953 876 5044 emetlronaleS,
904 4953 988 5025 item
1024 4953 1205 5043 praedium
1237 4953 1281 5026 de
1308 4952 1441 5026 duobus
1469 4954 1579 5025 laneis
1606 4953 1808 5026 advocatiae
1835 4953 2058 5044 Visliciensis,

508 5074 551 5147 de
579 5074 702 5165 quibus
730 5074 887 5146 omnibus
915 5074 1062 5146 solvitur
1089 5075 1222 5146 decima
1248 5075 1484 5168 manipularis,
1501 5081 1539 5147 et
1556 5095 1618 5166 per
1637 5081 1786 5165 quatuor
1803 5075 1944 5165 ierngas
1961 5095 2059 5148 oana-

506 5197 597 5288 palis
623 5196 659 5268 in
683 5191 900 5292 prodituram,
927 5217 991 5287 pro
1018 5197 1219 5287 praebenda
1246 5195 1281 5268 in
1309 5196 1472 5272 Ghotel
1499 5196 1719 5287 Militari,
1746 5217 1814 5270 non
1841 5203 1959 5270 mmen
1986 5199 2057 5271 uni·

507 5317 674 5409 formiter,
703 5318 764 5390 scd
791 5318 968 5410 perceptio
995 5319 1069 5392 eius
1097 5318 1368 5410 diversificatum
1386 5341 1466 5393 nam
1484 5319 1528 5392 de
1545 5319 1640 5411 agris
1658 5319 1735 5392 91119
1753 5339 1874 5392 versus
1892 5320 2058 5410 Buszlro,

507 5439 656 5529 percipit
691 5439 787 5512 illam
815 5441 907 5513 omni
935 5461 1025 5514 amm
1052 5441 1252 5532 praehenda
1278 5441 1322 5514 de
1349 5440 1517 5516 Chotel
1543 5441 1771 5532 Militari,
1797 5446 1834 5512 et
1860 5441 1960 5514 valor
1985 5444 2055 5514 eius

509 5559 713 5632 aestimatur
748 5562 791 5636 ad
830 5562 1025 5654 quindecim
1061 5585 1213 5655 mareas,
1241 5563 1285 5636 (19
1311 5565 1405 5655 agris
1442 5585 1525 5638 vero
1552 5565 1630 5638 sitis
1657 5583 1778 5636 versus
1805 5561 2057 5652 Visliciam,

507 5676 633 5768 recipit
669 5679 764 5751 illam
800 5685 955 5758 cantoria
983 5685 1229 5776 Wislieieusis,
1255 5690 1292 5758 et
1327 5685 1424 5758 valor
1458 5685 1533 5758 eius
1568 5686 1771 5762 aestimatur
1796 5684 1842 5756 ad
1867 5685 2059 5775 quindecim
