4550 6600
1735 756 1783 831 ta

242 980 315 1037 cnm
340 957 453 1036 medio
480 957 731 1053 amethcnoles,
758 958 801 1036 de
828 960 952 1055 quibus
979 959 1126 1037 solvitur
1152 966 1189 1035 et
1204 959 1409 1035 conducitur
1434 959 1568 1035 decima
1591 962 1783 1052 manipula-

241 1087 288 1157 ris
318 1089 353 1157 et
378 1084 553 1177 canapalm
587 1104 651 1175 pro
686 1085 885 1177 praebenda
911 1083 1148 1175 Gracoviensi,
1180 1092 1270 1175 quac
1296 1084 1423 1155 dicitur
1452 1083 1659 1176 Zyrawsha,
1686 1082 1784 1155 cuius
1816 1103 1819 1115 ·

240 1204 335 1277 valor
360 1204 564 1277 aestimatur
599 1206 644 1277 ad
670 1205 787 1278 decem
812 1226 957 1278 marcas.
996 1206 1084 1277 Item
1119 1209 1174 1278 est
1199 1204 1250 1277 ibi
1283 1204 1463 1297 praedium
1497 1196 1664 1294 militare,
1698 1203 1783 1275 item

239 1324 455 1398 hortulaniae
482 1330 574 1416 tres,
601 1326 770 1399 habentes
796 1347 912 1417 agros,
938 1326 1023 1398 item
1048 1326 1197 1399 taberna
1221 1345 1305 1417 uua,
1331 1325 1464 1397 habens
1490 1307 1610 1415 agros,
1638 1323 1682 1395 de
1708 1324 1784 1414 qui-

238 1446 301 1518 hus
327 1446 485 1519 omnibus
511 1446 659 1519 solvitur
684 1452 721 1518 et
737 1446 942 1519 conducitur
960 1445 1092 1517 decima
1117 1445 1343 1535 manipularis
1370 1450 1408 1517 et
1425 1444 1601 1535 canapalis
1618 1443 1783 1516 ecclesiae

233 1566 273 1637 'in
297 1564 721 1657 Wroczimowicze,
749 1572 785 1639 et
802 1566 901 1639 valor
924 1566 1128 1638 aestimatur
1154 1566 1229 1637 eius
1255 1565 1301 1637 ad
1319 1570 1397 1637 octo
1423 1565 1479 1637 vel
1497 1564 1614 1637 decem
1640 1575 1783 1636 marcas

337 1684 495 1777 Sonczs,
512 1687 597 1759 villa
610 1686 900 1778 subparochiade
913 1685 1151 1758 Pelcznicza
1167 1686 1249 1775 sita,
1267 1685 1364 1757 cuius
1373 1685 1498 1757 haeres
1515 1668 1782 1777 Pothoczshy,

237 1799 367 1897 inqua
391 1811 472 1878 sunt
497 1807 588 1878 lanei
622 1806 868 1897 cmethonales,
904 1806 987 1877 item
1016 1805 1197 1897 praedium
1230 1805 1400 1895 militare,
1440 1804 1483 1875 de
1517 1805 1642 1895 quihus
1675 1808 1783 1879 omni-

236 1927 298 1999 bus
334 1926 484 1999 solvitur
518 1932 555 1998 et
589 1926 792 2001 conducitur
827 1926 960 1998 decima
1002 1924 1227 2015 manipularis
1262 1930 1300 1997 et
1334 1923 1509 2015 canapalis
1544 1926 1710 1998 ecclcsiae
1744 1914 1782 1998 in

237 2045 648 2138 Wroczimowicza,
675 2048 773 2119 ouius
792 2046 890 2119 valor
918 2046 1124 2118 aestimatur
1150 2045 1196 2117 ad
1213 2045 1349 2118 sanuel
1367 2050 1446 2118 octo
1472 2065 1618 2119 marcas.

335 2164 592 2258 Mnczrnuow,
617 2166 701 2239 villa
719 2167 783 2239 sub
806 2166 973 2258 parochia
990 2165 1033 2237 de
1050 2185 1194 2256 parva
1219 2164 1401 2237 Xansch
1427 2168 1514 2256 sita,
1540 2166 1638 2238 cuius
1655 2167 1780 2261 haeres

237 2340 392 2377 .......
418 2287 454 2357 in
474 2307 542 2378 qua
568 2292 649 2359 suut
665 2287 791 2377 viginti
809 2292 968 2379 quatuor
993 2286 1085 2357 lanei
1111 2285 1359 2375 cmethonales3
1385 2285 1470 2363 item
1487 2287 1667 2377 praedium
1693 2287 1783 2359 mili-

235 2412 323 2497 tsre,
359 2406 404 2478 de
431 2408 556 2497 quihus
582 2407 740 2479 omnibns
767 2407 914 2479 solvitur
940 2406 1073 2479 decima
1097 2406 1325 2497 manipularis
1350 2411 1388 2477 et
1414 2407 1591 2498 canapalis
1617 2406 1782 2479 acclesiae
1887 2417 1890 2426 “

242 2526 276 2597 in
303 2524 719 2617 Wroczimowicze,
745 2527 842 2599 cuins
868 2526 967 2599 valor
992 2526 1195 2597 aestimatur
1220 2525 1265 2597 ad
1290 2526 1435 2617 triginta
1458 2546 1602 2600 marcas.

335 2629 647 2737 Sznrunrourczu,
674 2646 759 2719 silla
786 2647 850 2719 sub
876 2646 1043 2737 parochia
1068 2646 1112 2737 de
1138 2644 1544 2719 Wrocnimowicze
1570 2647 1657 2739 sita,
1684 2648 1782 2720 cuius

234 2767 431 2857 proprietas
466 2766 510 2837 ad
536 2767 723 2859 capitulum
741 2766 970 2839 Gramriense
995 2766 1164 2857 pertinet,
1199 2766 1235 2837 in
1262 2786 1331 2857 qua
1361 2771 1444 2839 sunt
1470 2771 1547 2839 octo
1573 2768 1665 2840 lanei
1692 2788 1782 2840 ame-

234 2886 406 2979 thonules,
441 2886 525 2959 item
559 2908 629 2959 nna
662 2888 827 2979 taberna,
861 2906 969 2959 unum
1002 2886 1254 2977 molendinum,
1290 2891 1441 2977 quatuor
1475 2886 1712 2978 hortulaniae,
1744 2893 1781 2959 et

235 3008 348 3079 omnia
375 3007 507 3103 habent
519 3028 654 3099 agros,
682 3006 725 3079 de
743 3007 867 3099 quibus
886 3007 1078 3079 decimatur
1104 3005 1271 3078 ecclesiae
1297 3005 1445 3079 Sanctae
1462 3006 1598 3079 Mariae
1624 3009 1661 3081 in
1678 3005 1781 3081 Gra-

236 3127 381 3219 covia,
408 3131 444 3199 et
469 3127 567 3201 valor
592 3128 666 3200 eius
693 3127 738 3199 ad
765 3128 882 3199 decem
908 3146 1043 3199 marcas
1070 3127 1283 3198 aestimatur.
1325 3127 1415 3199 Item
1446 3132 1502 3199 est
1526 3127 1577 3200 rbi
1602 3128 1782 3219 praedium

170 3313 179 3319 .
234 3246 439 3340 capitulare,
464 3247 508 3321 de
526 3268 594 3341 quo
611 3268 681 3321 non
698 3247 804 3322 soluit
821 3247 924 3320 alicui
950 3246 1133 3338 decimum,
1161 3246 1224 3320 sed
1241 3267 1318 3320 mm
1334 3268 1399 3340 pro
1416 3267 1456 3321 se
1472 3248 1566 3322 tollit
1583 3248 1780 3342 capitulum

718 3367 720 3373 ’
823 3368 1138 3441 Rsczsuswrczn.

333 3488 447 3581 Villa,
474 3489 606 3562 habens
631 3489 668 3561 in
687 3509 724 3563 se
750 3489 930 3562 ecclesiam
956 3489 1190 3580 parochialem
1214 3489 1373 3580 ligneam,
1400 3488 1526 3565 Sancto
1552 3489 1659 3563 Petro
1685 3489 1781 3581 Apo-

235 3609 321 3684 stolo
347 3609 518 3702 dicatam,
553 3611 590 3681 in
617 3631 685 3702 qua
720 3615 802 3682 sunt
836 3610 928 3682 lanei
964 3610 1215 3702 emethonales,
1249 3611 1335 3682 item
1365 3611 1551 3702 tahemae,
1586 3611 1782 3701 dequibus

235 3731 391 3804 omuibus
427 3730 575 3804 solvitur
601 3736 637 3803 et
663 3731 866 3803 conducitur
897 3731 1030 3803 decima
1055 3722 1347 3821 manipulariset
1372 3731 1548 3822 canapalis
1575 3751 1640 3820 pro
1666 3784 1781 3802 .....
1793 3818 1798 3828 ἱ

107 3853 111 3862 ’
234 3849 318 3950 Item
345 3857 401 3924 est
418 3852 469 3924 ibi
494 3851 692 3943 praedium3
719 3853 802 3924 item
829 3851 991 3942 ecclesia,
1018 3852 1146 3924 eteius
1172 3851 1340 3941 plebanus
1365 3851 1473 3924 habet
1497 3851 1547 3923 ibi
1564 3869 1668 3941 agros
1694 3851 1781 3961 libe-

234 3991 290 4043 ros
316 3977 353 4044 et
380 3976 483 4063 prata
508 3993 572 4063 pro
599 3993 662 4045 sno
687 3993 754 4044 usu
780 3976 816 4044 et
841 3972 1058 4044 necessitate.

333 4091 640 4183 anrmrnzrczn,
675 4093 759 4164 villa
791 4093 856 4165 snb
890 4092 1057 4184 parochia
1091 4091 1134 4164 de
1168 4092 1521 4184 Raczslawycze
1561 4092 1647 4182 sita,
1682 4091 1780 4163 cuius
1813 4169 1820 4186 ,

237 4211 406 4284 haeredes
422 4213 587 4286 Nicolans
614 4219 650 4285 et
666 4196 844 4286 Johaunes
871 4213 913 4285 de
931 4213 1037 4284 armis
1063 4211 1339 4304 Salmonu'm,
1366 4218 1403 4284 et
1419 4211 1545 4284 Petrus
1571 4217 1608 4284 et
1623 4211 1784 4287 Andreas

235 4331 276 4403 de
301 4333 656 4425 Dziewyantlye
687 4333 730 4406 de
756 4334 862 4405 armis
889 4331 1219 4423 Odrpwansch,
1254 4333 1379 4423 inqua
1404 4338 1486 4404 sunt
1512 4332 1663 4423 quinque
1689 4331 1782 4403 lanai
1838 4426 1842 4432 Ι

235 4453 479 4544 cmethonales,
516 4454 600 4525 item
626 4453 812 4545 tabernae,
847 4454 931 4525 item
957 4452 1194 4542 hortulaniae,
1224 4451 1268 4524 de
1295 4453 1421 4543 quibus
1447 4453 1607 4526 omnibus
1634 4451 1783 4524 solvitur

234 4575 269 4644 et
292 4573 498 4646 conducitur
525 4572 657 4645 decima
681 4573 908 4664 manipularis
934 4594 998 4664 pro
1025 4571 1225 4664 praebenda
1250 4571 1491 4664 Oracovicnsi,
1522 4592 1610 4664 quae
1636 4576 1782 4644 vocatur

233 4690 438 4784 Zyrawsha,
465 4699 501 4765 et
526 4693 625 4766 valor
652 4693 726 4766 eius
753 4694 958 4766 aestimatur
984 4693 1028 4764 nd
1055 4693 1206 4785 quinque
1231 4713 1375 4766 marcas.
1413 4694 1503 4764 Item
1528 4697 1610 4764 sunt
1635 4692 1683 4764 ibi
1711 4691 1780 4765 duo

233 4813 375 4902 praedia
399 4813 581 4905 militaria,
609 4814 652 4900 de
671 4834 815 4906 quorum
833 4835 916 4906 uno,
944 4813 1037 4905 quod
1058 4819 1113 4886 est
1130 4813 1229 4886 Petri
1251 4814 1295 4886 de
1311 4813 1650 4905 Dzewyantlye,
1676 4811 1781 4884 datur

234 4931 365 5005 decima
382 4934 609 5026 manipularis
627 4935 792 5007 eeclesiae
810 4941 847 5006 et
863 4934 1012 5026 plebano
1038 4935 1074 5006 in
1092 4934 1463 5025 Raczslauycze,
1489 4933 1533 5005 de
1550 4933 1662 5005 altero
1688 4953 1781 5025 vero,

234 5055 322 5144 quod
341 5060 398 5127 est
415 5053 586 5128 Johanuis
603 5054 927 5156 hlikulowyoz,
954 5055 1147 5128 decimatur
1162 5055 1345 5127 altaristae
1362 5055 1399 5126 in
1416 5053 1780 5148 Proschowicze.

333 5173 540 5265 brunnon,
575 5175 659 5248 villa
694 5175 758 5248 sub
793 5175 958 5267 parochia
993 5174 1036 5246 de
1065 5174 1422 5264 Raczslawycze
1452 5173 1540 5263 sita,
1575 5174 1673 5245 cuins
1699 5193 1780 5264 pro-

233 5291 364 5382 prietas
391 5293 436 5366 ad
462 5295 709 5367 monasterimn
736 5295 997 5386 Zwierzynense
1032 5295 1204 5384 pertinet,
1238 5295 1275 5364 in
1302 5314 1371 5384 qua
1396 5299 1479 5366 sunt
1506 5292 1601 5364 lanei
1627 5294 1780 5366 ometho·

234 5412 336 5486 nales.
376 5413 465 5487 ltem
488 5467 586 5486 .....
612 5413 802 5508 Morslry
829 5415 916 5488 duos
942 5414 1075 5505 laneos,
1102 5433 1206 5486 unam
1231 5415 1429 5504 tabernam,
1455 5414 1640 5486 habentem
1661 5395 1780 5506 agros,

234 5537 268 5604 et
293 5555 398 5606 unam
433 5535 677 5608 hortulaniam.
715 5531 803 5607 Item
838 5532 1085 5626 Woyschih
1120 5553 1226 5604 unum
1251 5535 1407 5625 laneum,
1443 5534 1527 5606 item
1561 5553 1669 5626 nepos
1704 5536 1779 5608 eius

234 5669 338 5730 unum
363 5653 502 5730 laneum
527 5656 664 5730 ratione
690 5655 880 5730 scoltetiae.
1495 5672 1497 5676 ·
