4550 6600
516 752 589 833 388
703 812 710 819 -

515 966 601 1038 duos
628 965 756 1053 laneos,
784 962 913 1035 ibidem
939 960 1026 1035 sitos
1053 966 1135 1035 aute
1155 959 1309 1052 valvam,
1336 964 1432 1032 retro
1459 960 1643 1033 ecclesiam
1669 965 1770 1033 extra
1795 980 1933 1052 muron,
1960 978 2062 1052 penes

512 1088 623 1178 viam,
660 1106 747 1178 quae
774 1084 870 1158 ducit
896 1085 932 1157 in
959 1082 1213 1175 Oppathou
1248 1083 1284 1155 in
1310 1104 1416 1155 manu
1442 1083 1566 1156 dextra
1591 1089 1693 1175 parte
1718 1085 1762 1155 ah
1788 1105 1875 1176 una,
1913 1088 1951 1155 et
1976 1084 2064 1155 Inter

512 1208 649 1281 laneum
676 1208 764 1299 agri
787 1206 953 1279 Stanislai
989 1205 1239 1279 Oltharzik
1274 1211 1310 1277 et
1336 1206 1516 1298 praedium
1549 1205 1722 1278 Matthiae
1756 1204 1935 1279 Wroua.
1978 1205 2063 1277 Item

511 1330 619 1403 habet
644 1330 785 1405 hortum
812 1335 893 1401 ante
920 1329 1064 1401 eandem
1091 1328 1228 1402 valvam
1254 1329 1291 1400 in
1318 1328 1462 1401 sinistra
1488 1349 1608 1420 manu,
1634 1349 1741 1420 penes
1766 1328 1908 1401 hortum
1934 1326 2064 1399 Iohan-

511 1452 567 1523 nis
593 1450 894 1555 Gayelyatkm
918 1451 1007 1523 Item
1032 1451 1149 1524 hahet
1167 1454 1305 1543 pratum
1332 1450 1368 1521 in
1394 1450 1486 1523 valle
1514 1452 1629 1543 situm,
1656 1451 1750 1522 dicta
1775 1449 2064 1541 Wschyczim

504 1579 549 1644 et
576 1575 669 1645 intra
697 1573 861 1665 rivulum,
899 1573 991 1665 qnod
1018 1578 1157 1665 pratum
1183 1579 1328 1646 vocatur
1353 1572 1661 1664 Dobrowoda,
1696 1593 1802 1663 penes
1829 1578 1935 1663 prata
1960 1572 2063 1661 regia

512 1690 723 1786 protendens
751 1716 788 1768 se
815 1716 925 1787 usqne
953 1696 997 1769 ad
1016 1701 1155 1787 pratum
1181 1695 1279 1767 Petri
1305 1694 1563 1786 Zydoweoz.
1590 1695 1680 1766 Item
1697 1695 1804 1767 hahet
1821 1715 1946 1767 aruum
1965 1693 2064 1764 coad-

473 1864 475 1869 -
510 1816 627 1888 iacens
655 1815 747 1889 dicto
774 1822 876 1907 prato
912 1822 948 1889 et
974 1816 1106 1908 riuulo,
1146 1838 1253 1908 penes
1279 1816 1390 1908 uiam,
1430 1836 1517 1908 quae
1545 1816 1641 1888 ducit
1667 1816 1710 1890 de
1745 1814 1994 1907 Schydlow
2029 1815 2063 1884 in

373 2010 376 2018 ,
509 1935 731 2027 Zyznowa
756 1937 924 2031 Wolya.
950 1938 1039 2010 Item
1058 1938 1093 2009 in
1112 1938 1233 2011 eadem
1259 1937 1482 2028 Zyznowa
1508 1937 1668 2030 Wolya
1693 1938 1800 2009 hahet
1825 1936 1913 2008 duos
1941 1936 2061 2007 laneos

413 2090 415 2096 ’
511 2080 691 2150 agrorum,
731 2060 767 2131 in
795 2065 944 2151 quatuor
971 2064 1088 2151 partes
1116 2060 1264 2151 divisos,
1305 2080 1382 2133 cum
1408 2061 1521 2151 pratis
1548 2065 1583 2131 et
1609 2059 1855 2132 excrescentiis
1891 2058 2062 2129 dictorum

510 2179 699 2253 laneorum.
725 2180 814 2253 Item
841 2182 877 2252 in
904 2181 987 2253 villa
1014 2178 1198 2274 Gaczky
1225 2182 1333 2254 hahet
1358 2182 1509 2253 medium
1535 2182 1683 2272 laneum,
1709 2182 1745 2252 in
1773 2201 1839 2275 quo
1867 2179 1969 2251 sedet
1987 2176 2062 2249 Sta·

510 2302 641 2375 nislaus
668 2303 972 2393 Samarszlik,
1008 2324 1114 2395 penes
1141 2322 1265 2394 agrum
1290 2304 1508 2395 Rakowa‚
1544 2304 1682 2395 dequo
1709 2303 1858 2375 soluitur
1895 2302 2061 2373 ecclesiae

510 2444 642 2495 census.
669 2424 756 2497 Item
783 2426 819 2497 in
847 2424 1012 2498 suburbio
1040 2424 1248 2497 Sidloviensi
1274 2426 1382 2498 hahet
1408 2446 1514 2497 uuum
1540 2426 1692 2516 laneum,
1719 2426 1755 2497 in
1782 2446 1850 2515 quo
1877 2423 1979 2495 sedet
2003 2422 2061 2493 Jo-

509 2545 641 2619 hannes
671 2544 903 2639 Goszdek,
931 2548 1037 2619 situm
1055 2548 1149 2619 inter
1167 2568 1271 2639 agros
1298 2547 1577 2620 Skoczkowa
1602 2546 1639 2619 et
1665 2546 1918 2637 Margarethae
1945 2545 2060 2617 Stal-

507 2668 753 2759 machowa‚
781 2668 823 2741 do
851 2690 918 2761 quo
946 2670 1128 2742 solvuntur
1155 2676 1233 2742 octo
1261 2671 1369 2742 scotti-
1392 2690 1457 2761 pro
1483 2668 1573 2743 festo
1600 2668 1802 2743 Nativitatis
1829 2667 1974 2759 Christi,
2000 2668 2060 2739 tri-

507 2788 606 2879 ginta
633 2810 707 2882 ora,
734 2790 803 2863 duo
830 2790 932 2881 casei,
960 2790 1028 2863 duo
1054 2772 1160 2883 gallis
1175 2796 1212 2865 et
1238 2796 1378 2863 tenetur
1404 2790 1597 2863 conducere
1623 2797 1700 2863 octo
1728 2812 1850 2862 currus
1875 2789 1972 2863 foeni
1997 2810 2059 2879 pro

428 2942 432 2957 ·
508 2910 674 3003 plebano,
711 2918 747 2983 et
773 2911 924 3003 praelati
951 2914 1152 2985 emethones
1179 2913 1215 2985 in
1243 2911 1429 3005 Gaczky
1463 2918 1501 2984 et
1526 2914 1702 3003 suburbio,
1726 2914 1770 2985 ah
1797 2915 1892 2985 omni
1919 2912 2058 2999 tributo,

508 3033 685 3123 seruitute,
712 3033 869 3124 datione,
896 3033 1016 3105 lehore
1044 3034 1229 3125 suffragio,
1255 3040 1336 3112 sunt
1362 3034 1475 3106 liberi.
1519 3036 1606 3106 ltem
1634 3035 1739 3106 habet
1764 3013 1934 3106 decimam
1961 3052 2058 3123 prae·

508 3150 634 3231 dialem
653 3153 688 3224 iu
706 3153 790 3225 villa
808 3150 993 3245 Gaczlry
1020 3160 1100 3245 post
1118 3176 1222 3246 agros
1240 3156 1364 3245 regios.
1398 3155 1487 3227 Item
1505 3156 1540 3227 in
1559 3156 1642 3228 villa
1659 3155 1751 3226 Kon
1761 3176 1914 3246 ycczm
1925 3154 2057 3241 osthp

507 3272 613 3364 regia,
641 3278 721 3346 ante
748 3273 1042 3366 Vislicziam‚
1070 3276 1176 3349 hahet
1202 3277 1370 3350 decimam
1388 3277 1638 3368 manipularem
1665 3280 1745 3368 post
1771 3297 1875 3368 agros
1901 3274 2057 3368 praedia-

506 3393 558 3464 les
585 3394 709 3485 regios,
736 3416 825 3486 quae
853 3395 1005 3469 decimae
1032 3398 1263 3470 aestimantur
1280 3399 1325 3472 ad
1344 3405 1494 3491 quatuor
1518 3420 1663 3470 marcas.
1690 3399 1777 3470 Item
1795 3399 1904 3470 hahet
1921 3399 2056 3468 tertiam

506 3519 642 3605 partem
669 3516 857 3589 molendini
883 3515 1051 3590 lullonum
1078 3519 1113 3590 in
1142 3517 1331 3612 Sidlou,
1358 3520 1402 3594 de
1429 3541 1497 3612 quo
1524 3520 1706 3594 solvuntur
1724 3520 1813 3592 duae
1831 3539 1970 3592 marcae
1995 3539 2054 3609 pro

507 3655 622 3710 censu.
741 3663 744 3666 ·

887 3901 1034 3988 Altero
1068 3907 1107 3986 in
1141 3907 1328 3988 ecclesia
1361 3905 1685 3988 Schidlovionai.

608 4119 695 4192 Item
723 4127 777 4194 est
804 4124 839 4194 in
866 4124 1012 4196 ecclesia
1038 4123 1290 4202 Schidloviensi
1316 4127 1438 4220 altare,
1479 4129 1708 4201 inhonorem
1727 4183 1869 4199 ......
1897 4127 2050 4216 dicatum,

503 4247 540 4312 et
566 4241 640 4314 eius
666 4241 830 4317 introitus
857 4251 991 4338 tenucs;
1018 4265 1086 4320 non
1114 4250 1206 4320 enim
1234 4249 1329 4322 aliud
1355 4251 1472 4342 habet,
1498 4252 1566 4324 nisi
1585 4305 1699 4322 .....

564 4371 565 4376 ’
606 4361 720 4437 Villae
747 4367 972 4457 parochiales:
999 4368 1234 4444 Schidlow
1261 4371 1484 4464 oppidum...

581 4591 584 4597 .
1179 4492 1386 4567 caninam.

602 4604 697 4682 Villa
732 4607 864 4684 habens
900 4611 1081 4686 eeclesiam
1120 4615 1355 4705 parochialem
1390 4616 1541 4707 ligneam
1576 4617 1613 4687 in
1640 4637 1696 4707 ae,
1732 4617 1892 4690 omnihus
1919 4616 2046 4690 Sanctis

398 4741 400 4746 ’
501 4725 659 4821 dicatam,
686 4731 783 4804 cuius
809 4732 933 4808 haeres
960 4733 1119 4808 Andreas
1154 4736 1183 4808 P
1195 4737 1587 4829 yandzicaowsky
1622 4738 1666 4811 de
1693 4739 2045 4812 armisDamhno.

499 4847 540 4920 In
568 4871 636 4941 qua
662 4857 743 4925 suut
768 4875 892 4950 novem
918 4856 1010 4930 lanei
1037 4859 1291 4952 emethonaleS‚
1327 4865 1400 4932 tres
1416 4860 1594 4932 'tabernae
1621 4859 1790 4933 hahentes
1817 4881 1939 4952 agros,
1965 4862 2045 4932 duae

361 5039 363 5044 ,
499 4969 716 5046 hortulaniae
743 4975 911 5051 habentes
939 4999 1052 5072 agros,
1079 4980 1122 5054 de
1150 4982 1275 5073 quihus
1302 4982 1461 5056 omnihus
1488 4982 1637 5054 solvitur
1664 4989 1700 5055 et
1727 4982 1934 5056 conducitur
1961 4982 2045 5054 deci-

498 5111 556 5163 ma
582 5095 806 5188 manipularis
825 5105 861 5170 et
879 5102 1056 5192 canapalis
1079 5123 1143 5193 pro
1161 5104 1361 5194 praebenda
1379 5103 1608 5196 cracoviensi,
1636 5126 1725 5197 quae
1743 5110 1889 5178 vocatur
1906 5104 2044 5195 Ghmye-
2146 5146 2147 5205 3

497 5211 643 5308 liczska,
671 5223 707 5290 et
734 5219 831 5292 valor
857 5221 932 5294 eius
958 5223 1163 5296 aestimatur
1195 5225 1240 5297 ad
1267 5225 1384 5299 decem
1411 5247 1554 5298 marcas.
1599 5227 1687 5297 Item
1714 5231 1768 5298 est
1793 5227 1843 5298 ibi
1869 5227 2043 5318 praediun

461 5371 467 5377 -
496 5355 603 5406 unum
628 5339 796 5434 militare,
833 5341 876 5415 de
904 5363 971 5435 quo
999 5343 1193 5418 dchmatur
1220 5347 1386 5420 ecclesiae
1421 5349 1457 5420 in
1487 5346 1748 5440 Olrmyelik,
1782 5352 1818 5420 ct
1844 5349 1945 5422 valor
1976 5350 2042 5420 eius

497 5453 654 5529 adduas
681 5481 824 5536 mareas.
868 5464 956 5537 Item
983 5465 1091 5539 habet
1117 5467 1263 5540 eeclesia
1289 5471 1325 5540 in
1352 5459 1473 5543 eadem
1500 5471 1583 5542 villa
1618 5491 1682 5560 pro
1710 5491 1773 5542 suo
1799 5471 1945 5562 praedio
1976 5477 2041 5541 tres

496 5571 625 5665 laneos,
652 5580 727 5652 doti
754 5584 895 5674 plebani
921 5589 1121 5680 contiguos,
1158 5590 1244 5661 item
1269 5596 1407 5680 pratum
1434 5591 1525 5663 inira
1552 5591 1785 5665 molendinum
1813 5593 1939 5684 situm,
1966 5594 2042 5664 item

495 5693 664 5782 piscinam
692 5701 728 5772 in
755 5702 1015 5799 Ghmyelilr,
1043 5729 1132 5800 quae
1159 5731 1224 5800 pro
1250 5692 1356 5782 censu
1382 5712 1487 5783 solvit
1513 5715 1661 5804 mediam
1688 5735 1850 5787 marcam.
