4550 6600
1820 732 1864 802 19

312 923 437 1011 quibus
463 924 550 994 nulli
578 924 685 996 solvit
711 925 886 1015 decimam,
914 925 976 996 sed
1003 947 1127 1016 regens
1146 929 1265 999 villam
1292 930 1485 1019 praefatam
1511 934 1692 1023 praelatus
1710 939 1747 1007 et
1763 957 1867 1009 cano-

311 1044 409 1115 nieus
435 1045 528 1116 tollit
554 1065 630 1116 eam
657 1067 721 1134 pro
750 1067 787 1116 se
814 1049 850 1116 et
877 1046 913 1115 in
939 1047 1102 1118 horreum
1130 1069 1231 1119 suum
1257 1050 1401 1122 inducit.

415 1164 751 1255 Paoszurowaozn,
778 1166 864 1236 alias
891 1165 1048 1257 Wonrn,
1075 1169 1160 1239 villa
1186 1171 1250 1240 sub
1269 1172 1435 1260 parochia
1461 1174 1505 1244 de
1532 1173 1742 1266 RadIow,
1768 1178 1866 1249 cuius

311 1287 510 1378 proprietas
545 1285 591 1357 ad
626 1285 888 1358 Gracoviensem
925 1288 1162 1378 episcopatum
1197 1292 1367 1382 pertinet,
1403 1295 1535 1384 inqua
1570 1301 1652 1367 sunt
1684 1297 1866 1368 duodecim

310 1407 403 1478 lanei
430 1407 682 1497 cmethonales,
718 1408 800 1478 item
828 1429 916 1479 unus
942 1408 1032 1480 liber
1059 1409 1146 1480 alias
1173 1407 1284 1506 mol-ap
1309 1413 1346 1482 in
1373 1416 1535 1505 servitio,
1572 1417 1656 1488 item
1683 1419 1865 1491 scoltetiae

312 1527 415 1615 lanei,
442 1527 525 1598 item
552 1547 620 1599 una
646 1528 792 1618 taberna
818 1528 950 1599 habens
977 1550 1093 1619 agroS,
1131 1531 1174 1601 de
1201 1533 1325 1621 quibus
1352 1533 1506 1606 decimae
1532 1537 1760 1627 manipularis
1786 1560 1865 1629 per-

313 1649 426 1737 ceptio
454 1647 724 1735 diversificatur3
759 1669 839 1718 nam
874 1649 916 1719 de
943 1654 1075 1739 septem
1102 1651 1213 1722 laneis
1249 1655 1525 1726 cmetbonalibus
1552 1662 1588 1727 et
1602 1632 1867 1732 ‘scoltetialibus

312 1769 421 1875 novis,
448 1769 484 1838 in
511 1768 618 1852 cruda
643 1769 759 1839 radice
787 1770 979 1858 extirpatis,
1006 1776 1042 1841 et
1069 1771 1203 1844 duabus
1232 1775 1395 1865 antiquie,
1423 1776 1572 1848 solvitur
1597 1777 1731 1848 decima
1755 1781 1863 1850 mani-

310 1887 441 1976 pularis
469 1887 682 1977 episcopatui
709 1887 938 1981 Oracoviensi,
966 1897 1002 1962 et
1028 1892 1126 1963 valor
1154 1893 1229 1964 eius
1247 1896 1454 1966 aestimatur
1480 1897 1526 1967 ad
1553 1919 1614 1968 sex
1640 1883 1792 1987 marcas3
1819 1901 1862 1971 de

309 2007 443 2079 duobus
480 2027 562 2080 vero
598 2008 707 2080 laneis
744 2011 822 2081 aliis
859 2013 1012 2102 antiquis
1049 2013 1198 2084 solvitur
1233 2015 1398 2087 ecclesiae
1433 2017 1667 2109 Radloviensi,
1703 2024 1739 2089 et
1764 2020 1863 2092 valor

308 2127 455 2199 eiusad
482 2127 569 2200 duas
595 2149 741 2220 marcam
769 2130 812 2202 de
839 2133 988 2204 residuis
1015 2154 1099 2206 vero
1127 2135 1262 2207 duobus
1288 2137 1443 2226 antiquis
1469 2139 1618 2210 solvitur
1644 2139 1863 2229 praebendae

308 2247 455 2319 Sanctae
481 2247 617 2321 Mariae
644 2250 874 2342 Magdalenae
901 2259 937 2326 et
963 2253 1037 2328 eius
1063 2256 1337 2349 praebendario,
1374 2259 1472 2332 cuius
1498 2259 1597 2332 valor
1623 2261 1728 2332 etiam
1755 2262 1861 2334 aesti-

307 2375 423 2442 matur
451 2370 497 2444 ad
523 2370 609 2446 duas
635 2393 779 2446 marcas.
1558 2356 1566 2368 ’

632 2757 822 2840 Ecclesia
855 2759 998 2844 Sancti
1033 2760 1202 2842 Martini
1237 2765 1275 2844 in
1309 2761 1530 2846 cracovia.

408 2978 525 3050 Habet
551 2977 791 3052 Gracoviensis
827 2980 951 3052 civitas
978 2983 1071 3054 inter
1097 2983 1184 3054 alias
1211 2983 1315 3055 aedes
1342 3005 1426 3056 suae
1452 2986 1549 3057 urbis
1577 2988 1758 3058 ecelesiam
1785 2987 1859 3059 sive

305 3099 426 3171 aedem
453 3099 571 3171 Sancti
597 3099 745 3172 Martini
772 3101 977 3173 confessoris
992 3111 1040 3173 et
1066 3103 1250 3194 pontificis,
1276 3106 1375 3176 iuxta
1400 3108 1648 3178 monasterium
1674 3101 1859 3180 sanctimoss

304 3222 448 3293 nialium
475 3221 594 3293 Sancti
621 3221 783 3294 Andreae
811 3223 923 3313 sitam,
950 3228 986 3294 et
1012 3221 1122 3295 latere
1150 3229 1247 3295 cocto
1266 3225 1491 3318 aedificatam,
1520 3248 1609 3318 quae
1635 3228 1742 3299 habet
1758 3249 1858 3319 prac-

304 3344 507 3415 bendarium
525 3366 589 3435 pro
609 3348 774 3434 tempore,
800 3346 858 3435 qui
877 3345 971 3416 illam
990 3345 1026 3415 111
1045 3346 1285 3436 spiritualibus
1304 3358 1340 3419 et
1357 3349 1606 3438 temporalibus
1626 3349 1860 3441 administrat,

304 3465 401 3535 cuius
436 3466 699 3555 iuspatronatus
726 3472 762 3535 et
789 3466 927 3537 collatio
955 3466 999 3537 ad
1027 3466 1111 3537 duas
1148 3466 1287 3556 domos,
1322 3468 1484 3539 videlicet
1509 3468 1555 3540 ad
1582 3469 1721 3541 domum
1758 3468 1856 3541 Gri-

305 3586 520 3676 phonum,
548 3606 635 3677 quae
663 3606 700 3657 se
727 3586 999 3659 Szuieboda
1026 3588 1166 3677 clamat,
1193 3593 1230 3659 et
1255 3588 1301 3659 ad
1327 3588 1466 3660 domum
1493 3588 1670 3681 Ostoya
1696 3592 1856 3680 pertinet.

303 3706 420 3779 Habet
447 3728 565 3778 aream
591 3708 756 3801 optimam
786 3728 850 3798 pro
879 3729 941 3779 suo
968 3708 1169 3780 habitaculo
1207 3709 1412 3798 dispositam
1451 3717 1487 3781 et
1521 3731 1631 3800 usque
1667 3711 1712 3781 ad
1738 3733 1856 3783 muros

303 3832 512 3918 protensam,
539 3833 575 3899 et
601 3834 792 3919 prouentus
819 3826 1069 3918 infrascriptos.
1523 3890 1528 3898 .

407 3948 523 4039 Sinna,
550 3949 633 4021 villa
659 3950 723 4021 sub
751 3948 916 4038 parocbia
943 3948 985 4019 de
1011 3947 1275 4020 Modlnicza
1301 3948 1383 4039 sita,
1410 3948 1507 4021 cuius
1534 3948 1741 4039 baereditas,
1767 3971 1848 4040 pro-

301 4070 433 4161 prietas
460 4074 496 4141 et
522 4070 709 4141 dominium
738 4068 783 4141 ad
808 4069 1098 4161 praebendarium
1136 4068 1169 4141 S.
1195 4069 1341 4141 Martini
1367 4070 1404 4141 in
1431 4068 1659 4141 Gracovia
1693 4071 1854 4161 pertinet,

105 4198 110 4206 '
173 4274 174 4277 Ἴ
301 4192 338 4262 in
365 4212 434 4281 qua
460 4196 541 4263 sunt
568 4196 717 4281 quatuor
743 4191 835 4263 lanei
862 4190 1105 4281 cmetbonaleS,
1133 4196 1170 4262 et
1196 4190 1239 4262 de
1258 4191 1413 4282 quolibet
1440 4191 1588 4264 solvitur
1614 4170 1729 4263 media
1755 4213 1854 4263 sexa-

301 4295 390 4401 gena
424 4311 677 4403 praebendario
715 4310 746 4382 S.
773 4311 921 4383 Martini
947 4292 983 4383 in
1021 4310 1248 4383 Cracoria
1282 4334 1346 4402 pro
1373 4334 1495 4403 censu,
1532 4314 1616 4384 item
1653 4312 1852 4384 cmethoues

301 4433 461 4505 laborant
487 4454 592 4505 unum
620 4433 711 4505 diem
737 4433 773 4503 in
801 4433 993 4523 septimana
1019 4439 1137 4505 aratro
1166 4440 1228 4505 aut
1256 4454 1370 4524 curru3
1398 4435 1482 4505 item
1510 4434 1657 4525 quilibet
1684 4432 1727 4504 de
1753 4433 1854 4504 laneo

301 4554 363 4625 dat
389 4574 463 4645 ova,
489 4554 573 4625 item
600 4560 682 4626 sunt
708 4555 743 4625 in
772 4555 891 4626 eadem
918 4554 1002 4625 uilla
1028 4560 1101 4627 tres
1127 4555 1357 4646 hortulaniae,
1384 4556 1554 4627 babentes
1572 4575 1688 4645 agros,
1716 4557 1752 4624 et
1778 4553 1854 4644 qui-

301 4674 388 4747 libet
416 4676 520 4747 solvit
538 4676 686 4747 mediam
704 4696 856 4747 marcam
874 4676 1126 4767 praebendario
1145 4676 1264 4748 Sancti
1281 4676 1440 4765 Martini;
1466 4677 1550 4747 item
1568 4681 1622 4747 est
1640 4676 1689 4747 ibi
1707 4674 1853 4745 taberna

300 4816 379 4887 una,
416 4797 548 4869 habens
576 4816 678 4887 agros
706 4804 742 4905 et
767 4804 925 4888 pratum,
962 4818 1049 4888 quae
1077 4798 1183 4869 solvit
1217 4819 1281 4889 pro
1309 4818 1423 4869 annuo
1460 4818 1566 4869 censu
1601 4800 1678 4868 octo
1705 4816 1851 4884 marcas;
1967 4827 1971 4840 ·

301 4918 384 4988 item
413 4917 456 4989 de
482 4918 538 4989 his
566 4918 724 4994 omnibus
752 4919 899 4991 solvitur
927 4924 962 4991 et
989 4919 1194 4991 conducitur
1220 4918 1354 4989 decima
1371 4918 1597 5009 manipularis
1624 4920 1659 4987 et
1676 4916 1853 5007 canapalis'

301 5058 365 5129 pro
392 5038 655 5129 praebendario,
682 5040 844 5123 etvalor
871 5040 1023 5113 decimae
1050 5040 1255 5111 aestimatur
1281 5039 1327 5110 ad
1353 5039 1471 5110 decem
1498 5058 1648 5126 marcas,
1684 5037 1768 5107 item
1796 5042 1852 5108 est

300 5159 349 5230 ibi
375 5160 555 5250 praedium
582 5160 759 5251 optimum,
785 5162 917 5233 habens
944 5182 1035 5253 gaya
1061 5166 1097 5231 et
1123 5161 1241 5250 largos
1268 5182 1372 5251 agros
1391 5166 1427 5230 et
1442 5165 1554 5249 prata,
1581 5156 1624 5229 de
1642 5145 1739 5229 cuius
1758 5158 1852 5247 agris
1904 5224 1908 5230 .

301 5300 370 5352 non
397 5282 501 5353 solvit
527 5282 799 5371 praebendarius
827 5282 932 5353 alicui
958 5281 1124 5353 decimam
1152 5280 1410 5371 manipularem,
1438 5280 1593 5351 sedeam
1619 5300 1684 5370 pro
1703 5299 1740 5351 se
1758 5279 1852 5351 tollit
1928 5281 1930 5286 '

300 5404 337 5479 et
362 5402 398 5473 in
425 5404 588 5476 horreum
616 5425 717 5477 suum
744 5402 886 5475 inducit.

285 5512 290 5519 ’
405 5521 676 5615 Gnnmnuuczn,
703 5524 786 5595 uilla
813 5525 877 5595 sub
904 5524 1069 5614 parochia
1094 5522 1261 5595 ecelesiae
1288 5522 1332 5595 de
1351 5577 1464 5595 .....
1492 5524 1574 5614 sita,
1611 5524 1646 5594 in
1674 5544 1743 5614 qua
1769 5527 1851 5595 sunt

299 5642 391 5717 lanei
417 5646 670 5736 emethouales3
706 5646 791 5721 item
817 5644 1056 5737 hortulaniae,
1092 5646 1178 5721 item
1204 5646 1392 5739 tabernae,
1419 5647 1462 5719 de
1490 5647 1614 5739 quibus
1640 5646 1788 5719 solvitur
1814 5648 1850 5715 et
