4550 6600
1735 759 1783 826 41

230 961 382 1032 Thomas
409 960 728 1052 Kauymyrsky
764 961 806 1031 (16
834 961 939 1034 armis
967 958 1197 1049 Waldori,
1233 960 1268 1030 16
1297 980 1364 1049 qua
1391 965 1473 1030 suut
1509 967 1657 1050 quatuor
1692 962 1784 1032 lanei

230 1059 483 1171 emathonaleS,
521 1103 667 1172 quorum
694 1084 761 1152 etsi
788 1082 874 1152 duos
902 1081 1050 1152 Thomas
1077 1081 1398 1175 Kazymyrsky
1425 1081 1526 1171 colit,
1553 1081 1597 1152 (16
1624 1081 1784 1154 omuibus

229 1206 347 1272 tamen
374 1203 521 1273 solvitur
548 1209 584 1274 61
611 1203 814 1274 conducitur
841 1203 975 1274 decima
992 1203 1217 1292 manipularis
1235 1208 1272 1272 61
1290 1202 1467 1292 canapalis
1493 1223 1558 1293 pro
1586 1203 1785 1293 praebenda
1848 1244 1852 1256 ·

232 1321 464 1412 cracoviensi,
492 1343 580 1413 quae
606 1323 837 1394 Karniovvska
862 1324 1067 1414 appellatur,
1095 1323 1192 1393 cuius
1213 1323 1313 1395 valor
1339 1325 1546 1396 aestimatur
1572 1324 1616 1394 ad
1635 1329 1784 1414 quatuor

232 1463 378 1513 marcas.
405 1443 493 1513 Item
521 1445 698 1534 tabernae,
725 1445 809 1516 item
835 1445 1062 1534 hortulanIae,
1089 1445 1175 1516 item
1201 1444 1394 1535 praedium·

941 1563 1084 1637 (16666.

337 1685 440 1777 Villa,
468 1687 601 1758 habens
619 1688 654 1757 in
674 1708 710 1757 se
729 1687 962 1777 parochialem
982 1687 1162 1758 ecclesiam
1188 1670 1348 1776 ligneam,
1377 1687 1421 1757 ad
1439 1688 1607 1760 honorem
1624 1688 1785 1762 Omnium

232 1806 438 1878 Sanctorum
467 1808 626 1898 dicatam,
654 1809 751 1878 cuius
778 1809 900 1878 haeres
918 1807 1070 1879 Iacobus
1099 1809 1142 1878 dc
1169 1807 1494 1898 Konieczpole
1520 1811 1563 1880 (16
1590 1811 1691 1882 domo
1710 1811 1786 1882 Po-

231 1928 395 2018 bodze,
423 1921 459 1998 iu
488 1949 556 2018 qua
583 1933 664 1998 suut
689 1950 749 1998 sex
775 1927 867 2000 lanei
895 1929 1143 2016 emethouales,
1171 1929 1252 1998 item
1282 1929 1370 2000 duae
1396 1931 1574 2020 tabernae,
1601 1932 1685 2001 item
1712 1939 1785 2003 tres

231 2049 462 2138 hortulaniae,
488 2049 656 2119 habentes
683 2069 795 2138 agros,
823 2049 865 2118 (16
893 2050 1017 2138 quibus
1045 2050 1192 2119 solvitur
1219 2053 1255 2118 et
1281 2050 1486 2120 conducitur
1512 2051 1646 2122 decima
1671 2054 1783 2124 mani-

232 2169 364 2258 pularis
392 2176 428 2239 et
455 2170 629 2258 canapahs
656 2190 719 2258 pro
746 2170 944 2258 praebenda
972 2169 1212 2260 cracoviensi,
1250 2191 1337 2259 quaa
1365 2178 1513 2242 vocatur
1538 2171 1785 2264 Rosiejovvska.

230 2289 320 2360 Item
347 2290 381 2359 in
409 2289 528 2360 eadem
556 2290 640 2360 villa
676 2296 730 2360 est
764 2291 945 2380 praedium
981 2312 1087 2361 uuum
1114 2291 1285 2380 mihtare,
1321 2291 1363 2361 de
1391 2293 1488 2362 euius
1516 2294 1610 2382 agris
1636 2294 1785 2366 solvitur

140 2453 143 2462 ,
230 2407 365 2480 decima
390 2411 618 2501 manipularis
645 2411 811 2482 ecclesiae
838 2413 874 2482 iu
902 2410 1073 2502 Gorka,
1105 2419 1142 2483 61
1168 2413 1268 2483 valor
1295 2415 1369 2483 eius
1396 2415 1601 2486 aestimatur
1627 2415 1672 2486 ad
1699 2436 1777 2507 qna·

230 2535 312 2600 tuor
337 2551 482 2601 marcas.
508 2531 597 2601 Item
630 2533 838 2602 ecclesiast
865 2533 1032 2622 plebanus
1067 2534 1175 2604 habet
1208 2534 1258 2604 ibi
1293 2554 1396 2623 agros
1432 2537 1594 2625 proprios
1628 2557 1783 2626 666666

230 2672 307 2741 usu,
334 2651 478 2741 praedio
506 2653 786 2723 6166666611616.

337 2772 621 2863 Kosozanuvuv,
649 2775 732 2844 villa
757 2775 821 2845 sub
849 2775 1015 2864 parochia
1033 2775 1200 2846 ecelesiae
1227 2775 1269 2846 de
1297 2773 1457 2847 Gorha
1483 2777 1560 2866 sita,
1587 2778 1684 2849 cuius
1702 2779 1785 2850 hae-

231 2912 288 2963 res
316 2893 481 2964 Nicolaus
509 2895 705 2965 Strasch
732 2895 774 2966 de
802 2895 904 2966 domo
932 2894 1264 2986 Odrowanseh,
1291 2898 1785 2986 1666666666161616666

230 3014 352 3084 166666
380 3016 615 3105 emethonalis,
643 3017 704 3087 sed
731 3016 858 3106 largus,
888 3017 922 3087 in
951 3017 1144 3088 ortulanias
1171 3017 1312 3107 divisus,
1340 3019 1499 3089 (1666166
1526 3020 1787 3108 angssolvitur

231 3135 365 3205 decima
391 3136 617 3226 manipularis
637 3143 673 3207 et
692 3139 866 3227 canapalis
893 3159 957 3228 pro
985 3138 1185 3227 praehenda
1212 3137 1444 3228 (lemoviensi,
1473 3161 1561 3230 quae
1589 3141 1786 3230 appellatur

231 3255 480 3349 Rosiejovvsha,
508 3263 544 3329 et
570 3258 669 3330 valor
696 3259 769 3329 eius
797 3260 1001 3330 aestimatur
1018 3259 1062 3330 ad
1080 3265 1154 3330 tres
1182 3281 1326 3332 marcas.
1352 3261 1440 3331 Item
1459 3267 1514 3332 661
1532 3262 1581 3333 111
1600 3261 1781 3352 praedium

230 3378 392 3468 militare,
421 3379 463 3449 de
491 3380 586 3451 cuius
614 3382 708 3470 agris
736 3382 884 3452 solvitur
902 3381 1035 3451 decima
1061 3382 1286 3471 manipularis
1313 3404 1377 3471 pro
1396 3383 1541 3454 ecclesia
1559 3384 1595 3453 in
1614 3382 1783 3475 Gorka,

233 3504 270 3569 61
296 3500 396 3571 valor
423 3502 496 3571 eius
524 3502 728 3575 aestimatur
755 3503 799 3573 ad
825 3510 898 3574 tres
925 3524 1069 3574 marcas.
1710 3570 1715 3577 .

336 3620 721 3713 Warvcnzvsowvczu,
748 3624 831 3694 villa
857 3625 921 3694 sub
948 3625 1115 3713 parochia
1142 3624 1185 3693 (16
1212 3622 1369 3695 Gorka
1395 3626 1472 3713 sita,
1500 3626 1597 3697 cuius
1623 3628 1783 3716 proprie·

230 3747 286 3813 tas
314 3742 359 3812 ad
385 3744 633 3813 monasterium
661 3744 861 3815 Tiniczeuse
888 3745 1050 3833 pertinet,
1077 3746 1113 3814 iu
1142 3765 1210 3832 qua
1235 3766 1295 3814 sex
1314 3746 1403 3815 lanei
1433 3746 1675 3834 emethoualeS,
1701 3749 1784 3817 item

231 3886 302 3934 una
328 3864 481 3954 taberna,
509 3865 640 3934 habens
668 3886 782 3954 agros
809 3865 995 3954 dequibus
1024 3865 1183 3934 omuibus
1202 3866 1350 3935 solvitur
1368 3870 1404 3934 61
1422 3864 1626 3935 conducitur
1653 3867 1786 3938 decima
1827 3876 1833 3888 '

230 3986 458 4076 manipularis
486 3992 522 4056 61
549 3986 725 4075 canapalis
752 4006 816 4075 pro
843 3986 1041 4076 praehenda
1067 3984 1305 4075 Gracoviensi,
1333 4006 1421 4076 quae
1447 3990 1592 4057 vocatur
1618 3986 1785 4059 Bodzow·

232 4107 306 4197 ska,
334 4111 369 4177 et
395 4107 493 4177 valor
529 4107 602 4177 6166
638 4109 842 4177 aestimatur
877 4107 921 4177 ad
949 4114 1080 4197 septem
1117 4127 1259 4177 marcas.
1304 4107 1392 4177 Item
1429 4114 1483 4178 est
1518 4106 1567 4179 ibi
1603 4110 1784 4198 praedium

231 4228 441 4319 coenobiale,
469 4228 511 4299 de
539 4229 636 4299 cuius
664 4230 757 4317 agris
784 4250 852 4299 nou
881 4229 985 4299 solvit
1012 4229 1115 4298 alicui
1139 4228 1319 4319 decimam,
1347 4230 1408 4299 sed
1436 4250 1511 4300 eam
1539 4251 1603 4319 pro
1632 4252 1669 4301 se
1691 4231 1785 4303 tollit

232 4371 310 4420 cum
337 4349 465 4419 Iniuria
492 4348 656 4419 ecclesiae
683 4350 719 4419 in
747 4347 921 4440 Gorha,
948 4369 1012 4439 pro
1041 4370 1109 4439 qua
1137 4350 1309 4440 quondam
1336 4349 1379 4420 de
1406 4351 1481 4421 iure
1509 4351 1718 4423 solvebatur.

845 4470 991 4551 (166666
1018 4470 1173 4541 Mamm.

299 4591 448 4682 ‘Villa,
483 4592 615 4662 hahens
650 4592 883 4681 parochialem
919 4592 1099 4663 eeclesiam
1135 4594 1172 4663 iu
1200 4614 1237 4663 se
1264 4593 1434 4683 ligneam,
1472 4592 1599 4664 Sancto
1638 4593 1785 4683 Corpori

230 4713 362 4785 Christi
390 4713 549 4803 dicatam,
577 4714 673 4784 cuius
700 4714 867 4784 haeredes
894 4713 1045 4785 Jacobus
1072 4713 1261 4784 Trehlra
1288 4714 1331 4784 (16
1358 4715 1459 4785 domo
1487 4714 1784 4805 Bippennium,

232 4836 397 4905 Nieolaus
424 4835 766 4925 Borzuyowsky
793 4835 835 4905 de
863 4835 964 4906 domo
991 4834 1289 4926 Madrosthy,
1315 4836 1352 4904 16
1379 4856 1448 4925 qua
1474 4842 1557 4905 6661
1582 4835 1785 4906 laneicme-

231 4956 400 5047 thonales,
427 4956 510 5027 item
536 4956 703 5027 tabernae
731 4956 837 5046 duae,
869 4956 952 5027 item
979 4956 1198 5027 hortulaniae
1224 4961 1314 5044 1666,
1351 4956 1393 5025 (16
1422 4956 1546 5046 quibus
1574 4956 1722 5027 solvitur
1748 4963 1785 5027 et

233 5078 439 5150 conducitur
466 5078 599 5149 decima
624 5078 852 5169 manipularis
879 5083 914 5149 et
941 5078 1115 5167 canapalis
1143 5098 1206 5167 666
1230 5076 1376 5147 66616616
1402 5077 1594 5167 parochiali
1621 5076 1786 5148 16Μηί-

232 5218 371 5289 noga,
398 5204 434 5269 et
459 5200 558 5270 valor
584 5200 657 5271 eius
682 5200 885 5271 aestimatur
904 5199 948 5270 ad
967 5198 1116 5269 sedecim
1144 5219 1292 5286 marcas
1319 5204 1468 5288 quatuor
1494 5198 1603 5268 laneis
1630 5200 1784 5289 exceptis

232 5320 517 5410 emethonalihus,
545 5320 587 5391 de
615 5296 739 5411 quibus
767 5320 959 5393 declinatur
985 5319 1150 5390 ecclesiae
1178 5320 1213 5389 16
1241 5318 1408 5407 Magna
1445 5318 1656 5410 Gzaplye.
1695 5320 1784 5390 Item

231 5464 301 5513 666
327 5442 482 5531 taberna,
508 5442 641 5513 habens
668 5462 779 5531 agros
808 5442 906 5510 cuius
932 5441 1128 5529 proprietas
1154 5440 1309 5530 pertinet
1335 5440 1379 5510 ad
1406 5440 1589 5531 plebanum
1617 5447 1654 5511 et
1680 5442 1785 5513 solvit

231 5564 380 5654 plebano
407 5582 471 5653 pro
499 5582 603 5635 censu
630 5570 703 5633 tres
730 5582 875 5650 marcas
902 5562 984 5631 item
1012 5562 1118 5633 habet
1144 5562 1193 5631 ibi
1220 5561 1784 5653 66616616616161666666666166

231 5706 336 5776 agros
372 5689 408 5755 et
441 5690 560 5775 prata,
595 5706 659 5775 pro
697 5705 759 5755 suo
797 5704 862 5755 usu
898 5682 1189 5773 6166666611616;
1225 5683 1309 5753 item
1341 5668 1423 5755 suut
1457 5683 1507 5755 ibi
1539 5684 1608 5756 dno
1638 5684 1784 5775 praedia

336 5853 383 5897 66
399 5852 494 5894 amone.
513 5852 545 5893 11.
782 5874 789 5887 ·
1578 5824 1597 5884 6
