4550 6600
537 730 608 803 190

634 914 824 1028 Pocorora,
852 939 935 1011 villa
962 940 1026 1011 suh
1053 940 1219 1030 parochia
1245 940 1287 1040 de
1315 938 1588 1029 Myslowice
1615 942 1700 1030 sita,
1728 942 1826 1013 cuius
1851 943 1980 1012 haeres
2005 942 2072 1015 Ste-

533 1064 666 1153 phanus
693 1060 884 1131 Kowacz
912 1060 1084 1133 dedomo
1111 1060 1399 1150 Serpentum.
1442 1062 1483 1131 ln
1511 1082 1580 1152 qua
1607 1066 1689 1133 sunt
1720 1064 1812 1133 lanei
1838 1063 2074 1153 cmethonales‚

533 1182 575 1252 de
603 1182 728 1272 quibus
764 1182 910 1253 solvitur
946 1182 1079 1253 decima
1113 1183 1312 1272 pecuniaria
1347 1203 1410 1271 per
1437 1189 1515 1253 octo
1542 1160 1683 1272 grossos
1709 1183 1754 1255 de
1779 1183 1899 1273 laneo,
1936 1183 2074 1274 plebano

434 1294 443 1309 ’
531 1304 568 1373 in
595 1302 896 1393 Myslowicze
898 1356 943 1372 .....

637 1421 888 1511 ΜΑιοΒΑΝοΖ,
916 1422 999 1493 villa
1017 1424 1081 1493 sub
1099 1423 1266 1511 parochia
1287 1423 1331 1493 de
1357 1422 1578 1513 Bandzyn
1606 1425 1682 1513 sita
1710 1425 1807 1495 cuius
1833 1426 1962 1495 haeres
1981 1425 2074 1496 Nico

532 1544 608 1615 laus
635 1544 1051 1633 Schestrzenpecz,
1084 1543 1213 1613 nobilis
1249 1542 1421 1614 dedomo
1456 1542 1669 1615 Kornicz.
1714 1546 1754 1615 ln
1782 1566 1850 1635 qua
1884 1551 1971 1616 sunt
1995 1546 2076 1617 lanei

479 1732 482 1740 ,
535 1664 789 1755 emethonales‚
816 1664 859 1735 de
889 1664 1012 1756 quibus
1030 1664 1188 1737 'solvitur
1214 1667 1251 1736 et
1278 1663 1481 1737 conducitur
1506 1664 1640 1737 decima
1665 1666 1892 1758 manipularis
1921 1671 1959 1737 et
1984 1688 2077 1738 cana·

532 1785 620 1873 palis
623 1836 686 1853 .......

637 1904 808 1995 Sarouon,
836 1907 919 1978 villa
946 1908 1010 1979 sub
1036 1908 1203 1997 parochia
1230 1907 1273 1977 de
1300 1906 1516 1999 Bandzyn
1548 1910 1634 1998 sita,
1670 1910 1768 1979 cuius
1794 1907 1968 1977 haeredes
1994 1905 2077 1976 Mat

532 2027 624 2097 thias
651 2032 687 2097 et
713 2026 865 2097 Jacobus
892 2027 935 2098 de
963 2028 1067 2099 armis
1101 2028 1293 2099 Nowina
1327 2029 1487 2099 interra
1522 2029 1803 2119 Szewyerinensi.
1838 2029 1879 2098 ln
1908 2048 1980 2116 qua
2005 2033 2077 2097 sunt

527 2148 684 2236 quinque
711 2148 803 2219 lanei
831 2148 1063 2221 emethonales
1091 2155 1128 2221 et
1155 2150 1244 2222 duae
1270 2151 1507 2238 hortulanus,
1544 2149 1588 2221 de
1615 2150 1739 2240 quibus
1766 2150 1929 2221 solvitur'
1943 2151 1980 2219 et
2005 2168 2076 2219 con·

533 2268 672 2339 ducitur
698 2266 831 2339 decima
857 2271 1081 2361 manipularis
1108 2276 1145 2342 et
1171 2272 1347 2361 canapalis
1349 2326 1411 2342 .......

636 2388 853 2479 anrscrm,
880 2390 963 2461 villa
988 2392 1052 2463 suh
1078 2393 1245 2482 parochia
1271 2392 1314 2463 de
1333 2447 1552 2465 .........
1674 2402 1678 2415 “

600 2512 603 2517 ’
1205 2513 1420 2586 Srnmuurh.

622 2635 741 2719 ¹Villa
767 2636 897 2708 habens
925 2636 1102 2707 ecclesiam
1129 2635 1366 2726 parochialem
1391 2636 1427 2705 in
1454 2656 1509 2725 se,
1540 2634 1702 2707 Omnium
1729 2633 1936 2704 Sanctorum
1962 2634 2076 2703 honori

533 2757 702 2847 dicatam,
737 2758 835 2829 cuius
861 2758 982 2829 unicus
1009 2762 1178 2847 patronus
1205 2763 1242 2827 et
1268 2756 1415 2827 collator
1450 2763 1505 2827 est
1540 2758 1723 2846 episcopus
1751 2752 1997 2825 Cracoriensis
2021 2774 2075 2843 pro

531 2884 697 2967 tempore3
724 2878 830 2967 prisci
858 2879 947 2948 enim
974 2878 1114 2968 patroni
1133 2883 1169 2948 et
1186 2877 1355 2949 haeredes
1381 2878 1485 2949 villae
1511 2877 1698 2968 praelatae,
1717 2882 1754 2946 et
1772 2877 1956 2965 signanter
1973 2875 2075 2946 Urha

532 3020 596 3071 nus
624 3004 660 3071 et
686 2998 863 3070 lohannes
890 2998 1149 3071 Swirczina
1187 2998 1360 3070 dedomo
1388 2998 1597 3088 Noui-na,
1623 2998 1746 3085 etalii,
1774 2996 1882 3066 Paulo
1913 2995 2074 3065 Sczirha

533 3121 679 3209 plebano
706 3120 742 3188 in
769 3119 1053 3208 Schemuuya
1087 3119 1271 3190 interfecto
1303 3124 1340 3189 et
1365 3118 1467 3189 undis
1494 3118 1678 3208 suffocato,
1714 3117 1840 3189 amisso
1875 3118 1955 3187 iure
1982 3116 2073 3187 colla·

533 3240 657 3328 tionis,
693 3240 747 3310 ins
773 3240 978 3329 providendi
1006 3240 1050 3312 ad
1077 3240 1275 3331 episcopum
1302 3238 1564 3312 Gracoviensem
1600 3240 1762 3330 deinceps
1793 3243 1849 3308 est
1874 3236 2074 3309 devolutum

537 3360 642 3432 Onius
677 3362 845 3432 haeredes
888 3381 979 3432 nunc
1027 3367 1108 3433 sunt
1142 3361 1320 3432 lohannes
1360 3361 1610 3432 Swircznia
1649 3361 1692 3432 de
1727 3360 1828 3430 domo
1874 3357 2072 3446 Nouius,

535 3479 733 3572 Gregorius,
751 3481 889 3571 Jaszko‚
908 3481 1100 3553 Stanislaus
1119 3487 1156 3553 et
1174 3482 1337 3553 Nicolaus
1365 3480 1589 3572 Capusta‚
1617 3481 1660 3552 de
1683 3481 1784 3552 domo
1803 3479 2073 3569 Streparum.

534 3601 574 3671 Iu
602 3622 670 3691 qna
705 3607 786 3673 suut
822 3607 971 3692 quatuor
1007 3603 1098 3673 lanei
1134 3603 1384 3692 cmethonales‚
1421 3607 1457 3672 et
1484 3608 1634 3692 quatuor
1669 3601 1888 3674 hortulaniae
1915 3600 2073 3671 hahentes

534 3743 655 3812 agros,
683 3725 766 3795 item
794 3730 943 3815 quatuor
969 3725 1114 3815 praedia
1140 3724 1324 3812 militaria,
1358 3724 1402 3794 de
1429 3725 1553 3813 quibus
1580 3724 1740 3794 omnibus
1767 3722 1915 3792 solvitur
1942 3725 1978 3791 et
2002 3741 2072 3790 con-

534 3843 672 3916 ducitur
707 3843 839 3916 decima
874 3846 1099 3935 manipularis
1137 3852 1174 3916 et
1200 3844 1376 3934 canapalis
1411 3865 1475 3933 pro
1503 3845 1648 3914 ecelesia
1683 3845 1720 3912 iu
1747 3840 2010 3933 Syemunia‚
2042 3843 2073 3909 et

531 3965 629 4036 valor
656 3965 730 4036 eius
757 3967 960 4036 aestimatur
987 3966 1033 4036 ad
1059 3965 1209 4037 sedecim
1236 3984 1370 4035 marcas
1395 3965 1545 4035 latorum
1572 3984 1772 4054 grossorum
1799 3963 2034 4052 Pragensium.

636 4085 900 4174 Konzrsrnnr,
926 4085 1009 4156 villa
1035 4087 1099 4157 sub
1126 4085 1292 4175 parochia
1318 4085 1361 4156 de
1380 4085 1631 4176 Szemunye
1659 4085 1734 4172 sita,
1762 4085 1859 4155 cuins
1885 4083 2071 4173 proprietas

533 4204 576 4275 ad
603 4203 796 4274 Johannem
833 4203 1109 4294 Swyrczyna
1144 4206 1187 4276 de
1214 4205 1471 4297 Syemnnya
1505 4206 1655 4276 nobilem
1691 4204 1863 4282 dedomo
1891 4203 2072 4274 Nowiua

531 4324 693 4414 pertinet.
737 4324 777 4394 ln
805 4345 874 4414 qua
900 4331 982 4397 sunt
1008 4326 1075 4398 duo
1103 4327 1195 4396 lanei
1221 4327 1473 4416 emethonales‚
1510 4332 1584 4396 tres
1610 4325 1849 4414 hortulaniae,
1886 4324 1929 4395 de
1959 4323 2071 4414 quibus

530 4445 677 4518 solvitur
703 4445 835 4516 decima
860 4445 1083 4536 manipularis
1118 4467 1183 4538 pro
1211 4446 1355 4518 ecclesia
1390 4446 1434 4517 de
1465 4445 1729 4536 Szemuuya‚
1765 4445 1863 4516 cuius
1898 4445 1997 4516 valor
2029 4439 2068 4512 ad

533 4568 682 4657 quinque
709 4586 843 4637 marcas
871 4567 1081 4638 aestimatur.

637 4685 763 4778 Goion,
799 4685 882 4758 villa
909 4687 972 4759 sub
1000 4689 1166 4778 parochia
1192 4689 1235 4759 de
1263 4687 1515 4778 Szemnnya
1543 4689 1630 4777 sita,
1668 4689 1765 4758 conus
1792 4685 1962 4758 haeredes
1987 4683 2071 4754 Mat·

533 4810 624 4880 thies
651 4809 895 4900 Uyesthky
923 4808 965 4879 de
992 4809 1092 4881 domo
1120 4809 1327 4898 Nomina,
1363 4808 1527 4879 Nicolaus
1554 4786 1591 4879 et
1616 4808 1743 4879 Petrus
1770 4808 1856 4879 dicti
1882 4807 2070 4896 Rogozo-

532 4951 625 5022 wye
652 4929 695 5001 de
724 4931 824 5002 domo
853 4929 1134 5020 Streparnm
1162 4931 1202 5000 ln
1222 4950 1290 5020 qua
1308 4936 1389 5001 sunt
1407 4951 1468 5000 sex
1486 4929 1578 5000 lanei
1604 4929 1847 5018 cmethonales,
1875 4927 1917 4998 de
1935 4943 2068 5018 qnorum

532 5051 666 5122 duobus
694 5049 841 5122 solvitur
867 5050 1000 5121 decima
1025 5050 1251 5140 manipularis
1278 5050 1492 5140 episcopatui
1518 5047 1750 5137 Cracoviensi;
1776 5048 1820 5119 de
1846 5049 1980 5119 duobus
1997 5063 2068 5116 vero

334 5231 346 5240 .
463 5197 466 5202 ¹
531 5171 651 5261 laneis,
678 5177 714 5242 et
740 5169 874 5243 duobus
902 5171 1053 5259 praediis
1071 5171 1291 5261 militaribus,
1321 5171 1469 5242 solvitur
1495 5170 1660 5241 ecclesiae
1685 5170 1723 5240 in
1748 5169 2016 5261 Szemunya‚
2039 5169 2069 5235 et

531 5291 630 5365 valor
657 5291 809 5364 decimae
835 5291 1028 5381 plebanalis
1056 5291 1101 5362 ad
1128 5297 1278 5382 quatuor
1303 5311 1439 5363 marcas
1466 5291 1679 5362 aestimatur.

636 5411 977 5502 nonsummum,
1013 5411 1096 5484 villa
1123 5413 1187 5482 sub
1214 5412 1379 5501 parochia
1404 5412 1448 5483 de
1471 5410 1726 5502 Szemnnya
1758 5411 1844 5501 sita,
1880 5411 1975 5482 cuins
1999 5427 2070 5499 pro

531 5531 663 5619 prietas
690 5531 734 5602 ad
762 5531 968 5603 Gasimirum
1004 5532 1363 5622 Thwardowslry
1397 5531 1549 5604 nobilem
1585 5532 1628 5605 de
1655 5532 1778 5621 armis,
1815 5551 1904 5622 quae
1939 5528 2068 5622 portant

537 5649 605 5728 dno
633 5669 762 5730 cornua
788 5653 930 5730 cervina
955 5653 1116 5752 pertinet.
1142 5652 1183 5723 ln
1211 5671 1280 5749 qna
1297 5658 1379 5730 suut
1405 5658 1484 5733 octo
1510 5653 1605 5732 lanci
1630 5652 1874 5750 cmcthonalea
1900 5649 2071 5754 dequibus
