4550 6600
1738 790 1809 859 559

262 992 355 1064 lanei
383 973 634 1082 cmetbonales,
662 978 714 1065 'dc
741 994 865 1084 quibus
892 994 1051 1066 omnibus
1079 993 1227 1065 solvilur
1254 1000 1290 1066 et
1317 994 1520 1067 conducitur
1546 994 1678 1068 decima
1704 999 1812 1072 mani-

259 1114 393 1202 pularis
421 1118 457 1184 et
483 1114 660 1204 canapahs
687 1136 751 1205 pro
770 1117 972 1207 episcopatu
990 1114 1221 1205 cracoviensi,
1250 1122 1286 1187 et
1315 1118 1412 1187 valor
1431 1116 1504 1187 eius
1523 1117 1566 1188 ad
1586 1116 1703 1189 decem
1722 1140 1812 1191 mar·
1919 1106 1923 1115 ’

260 1256 319 1306 cas
346 1236 559 1305 aestimatur.
586 1234 641 1305 Ea
668 1236 734 1306 hac
759 1236 843 1307 villa
870 1237 1023 1309 dabatur
1050 1237 1223 1328 quondam
1251 1238 1385 1309 decima
1411 1239 1614 1328 pecunialiS,
1642 1239 1685 1310 de
1712 1240 1811 1314 laneo

257 1378 324 1445 per
350 1363 429 1428 octo
447 1377 598 1447 grossos,
625 1377 689 1447 pro
709 1357 854 1429 ccclesIa
880 1360 916 1428 in
944 1358 1312 1450 Thuchowyecz,
1340 1359 1401 1431 sed
1429 1359 1658 1449 Sbigneus
1686 1359 1812 1434 Croco-

260 1478 392 1549 viensis
419 1479 602 1569 episcopus
628 1498 706 1549 eam
731 1499 795 1569 pro
823 1499 944 1551 mensa
969 1501 1033 1551 sua
1058 1480 1200 1569 recepit
1228 1462 1264 1551 ot
1291 1483 1327 1551 in
1353 1480 1603 1571 manipularem
1632 1484 1803 1555 convertit

259 1604 465 1671 contentata
500 1600 648 1671 ecclesia
682 1600 720 1687 in
760 1600 1099 1692 Thuchowyecz
1151 1600 1292 1673 decimis
1329 1602 1601 1692 manipularibus
1642 1602 1676 1673 in
1719 1603 1810 1676 uillis

257 1720 564 1812 Jelyenyecz‚
605 1720 790 1793 Sarnow
830 1727 866 1793 et
891 1714 1237 1813 Jelenyeczslra
1263 1722 1432 1814 Wolya.
1460 1722 1547 1794 Item
1575 1722 1753 1813 praedium
1757 1780 1801 1797 .....
1803 1780 1810 1815 ,

260 1842 350 1914 item
378 1838 569 1911 cuschae...

363 1962 614 2053 Jnnrnnuncn,
642 1964 726 2034 villa
752 1964 816 2035 sub
829 1940 1010 2054 ¹parochia
1035 1964 1079 2035 de
1107 1965 1452 2057 Thuchowyecz
1480 1965 1557 2036 sita.
1585 1966 1626 2037 ln
1645 1987 1712 2057 qua
1731 1974 1812 2039 sunt

255 2086 352 2157 lanei
378 2068 637 2173 cmcthonaleS,
663 2085 706 2155 de
733 2085 860 2176 quibus
887 2087 1045 2157 omnibus
1065 2086 1213 2158 solvitur
1240 2091 1276 2156 et
1303 2086 1516 2177 conducitur.
1544 2085 1676 2159 decima
1702 2088 1811 2159 moni·

257 2207 394 2297 pularis
421 2213 458 2277 et
484 2206 661 2297 cenapalis
687 2206 853 2278 ecclesiae
872 2210 906 2277 et
925 2208 999 2279 eius
1026 2208 1174 2297 plebano
1203 2209 1238 2278 in
1267 2208 1453 2280 Thucho
1468 2229 1633 2299 wyccz,
1661 2214 1697 2281 ei
1715 2211 1812 2281 valor

255 2331 335 2400 eius
362 2329 407 2400 ad
434 2334 584 2419 quatuor
609 2348 744 2399 marcas
771 2329 985 2401 aestimatur.
1011 2329 1098 2399 Item
1126 2330 1306 2419 praedium
1318 2384 1397 2399 .....

365 2452 600 2523 Sanuowsna
627 2449 783 2541 Wonrn,
811 2450 895 2521 villa
921 2451 986 2523 sub
1013 2451 1180 2540 parochia
1206 2450 1249 2522 de
1277 2450 1623 2542 Thuchowyecz
1650 2452 1727 2524 sita.
1772 2453 1811 2523 In

225 2658 229 2663 ,
258 2596 332 2665 qua
359 2580 441 2648 sunt
467 2572 559 2645 lanei
586 2572 839 2661 emethonaleS,
881 2572 924 2643 de
950 2572 1075 2664 quibus
1101 2573 1261 2644 omnibus
1289 2573 1436 2645 solvitur
1462 2579 1498 2645 et
1525 2573 1727 2646 conducitur
1753 2573 1812 2645 de·

257 2697 350 2769 eima
384 2694 612 2785 manipularis
639 2699 675 2765 et
702 2677 891 2784 canapalis'
912 2714 976 2783 pro
1013 2694 1158 2765 ecclesia
1185 2700 1221 2765 et
1248 2695 1322 2766 eius
1337 2674 1498 2782 plebano
1533 2696 1571 2765 ln
1608 2695 1811 2767 Thucho-

260 2837 429 2910 wyecz,
457 2816 554 2888 cuius
581 2815 680 2887 valor
705 2816 911 2887 aestimatur
937 2815 982 2887 ad
1010 2821 1159 2905 quatuor
1185 2836 1330 2887 marcas.
1357 2816 1444 2887 Item
1471 2814 1703 2907 praedium....,
1729 2816 1812 2887 item
1899 2904 1902 2910 Ι
1976 2846 1981 2859 ·

258 2936 479 3011 rneechoa„..‚..

364 3060 544 3150 Soanow,
583 3060 666 3131 villa
693 3060 757 3130 sub
784 3058 951 3149 parochia
986 3031 1029 3130 de
1057 3059 1403 3151 Thuchowyecz
1439 3059 1514 3131 sita
1547 3037 1599 3131 ¹In
1628 3078 1695 3149 qna
1730 3065 1812 3132 sunt

257 3184 352 3256 lanei
379 3181 632 3271 emetbonalcs,
673 3180 716 3251 de
744 3180 869 3271 quibus
884 3180 1045 3251 ¹solvitur
1071 3187 1107 3251 et
1133 3180 1338 3253 conducitur
1364 3181 1496 3251 decima
1523 3180 1748 3270 manipularis
1776 3186 1811 3251 et

257 3307 435 3397 canapaIIs
462 3326 526 3395 pro
554 3304 699 3376 ecclesia
721 3309 758 3374 et
775 3303 923 3393 plebano
951 3304 986 3373 in
1016 3275 1380 3394 Thuchouyecz,
1407 3303 1503 3373 cuius
1531 3303 1629 3374 valor
1656 3302 1700 3374 ad
1728 3323 1811 3393 qua-

257 3436 340 3502 tuor
366 3447 500 3499 marcas
528 3427 740 3498 aestImatur.
767 3427 856 3496 Item
883 3425 1115 3515 praedium..
1135 3480 1169 3513 .,
1197 3426 1281 3496 item
1310 3423 1468 3495 rncsclme.
1724 3405 1729 3420 *

986 3547 1107 3618 Unam

363 3671 458 3741 Villa
484 3670 616 3742 habens
642 3670 679 3741 in
706 3691 743 3740 sc
771 3669 1006 3759 parochialem
1034 3668 1213 3739 ecelesiam
1250 3667 1417 3758 ligneam,
1459 3667 1605 3738 Sanctae
1632 3666 1813 3758 Margare-

256 3795 341 3865 thae
368 3793 494 3882 virgiui
521 3798 558 3862 et
584 3792 732 3881 martyri
759 3792 918 3880 dicatam,
946 3791 1043 3861 cuius
1070 3789 1266 3880 proprietas
1294 3787 1338 3858 ad
1365 3788 1625 3860 serenissimum
1646 3787 1810 3860 Poloniac

258 3937 376 4007 regem
404 3915 557 4005 pertinet
559 3968 673 3983 .....

936 4034 1155 4105 Kozmmnn.

364 4159 536 4250 Oppidum
564 4159 695 4229 habens
723 4159 758 4228 in
787 4180 824 4227 se
852 4156 1084 4246 parochialem
1110 4155 1292 4226 ecclesiam
1319 4155 1467 4244 ligneam
1483 4163 1504 4242 ,¹
1525 4152 1672 4224 Sanctae
1699 4151 1813 4224 Trini-

257 4283 325 4354 rati
353 4281 502 4352 dicatam
505 4335 568 4350 .......
1056 4347 1059 4352 ,

397 4467 400 4472 .
942 4389 1171 4470 Zacorum(

362 4525 535 4616 Oppidum
563 4525 695 4603 habens
722 4524 758 4592 in
787 4543 824 4592 sc
852 4520 1085 4611 parochialem
1113 4520 1294 4590 ecclesiam
1330 4518 1496 4608 ligneam,
1538 4515 1684 4586 Sanctae
1711 4514 1812 4588 Oruci

257 4655 296 4719 et
322 4647 469 4719 Sanctae
498 4645 707 4718 Catherinac
743 4644 872 4734 virgini
908 4644 1077 4731 dicatam,
1118 4642 1214 4712 cuius
1251 4641 1446 4731 proprietas
1483 4638 1527 4708 ad
1543 4637 1811 4710 serenissimum

257 4767 426 4842 Poloniac
453 4789 569 4859 regem
595 4767 756 4856 pertinet.
802 4765 842 4835 In
870 4786 937 4854 quo
965 4771 1052 4835 sunt
1072 4764 1163 4834 lanei
1192 4763 1457 4853 oppidanorum,
1485 4759 1527 4831 de
1556 4759 1680 4849 quibus
1708 4757 1812 4830 solvi-

258 4899 318 4963 tur
346 4897 382 4961 et
410 4890 615 4961 conducitur
642 4889 776 4959 decima
795 4941 909 4956 .....
953 4886 1041 4956 Item
1068 4892 1122 4956 est
1149 4886 1198 4956 ibi
1225 4884 1364 4954 unicum
1391 4882 1570 4972 praedium
1599 4881 1741 4971 regium,
1769 4881 1837 4952 de·

258 5014 358 5084 cuius
394 5014 488 5102 agris
517 5011 673 5082 solvitur
700 4989 734 5080 et
763 5009 968 5080 conducitur
1007 5007 1140 5078 decima
1167 5005 1392 5095 manipularis
1429 5004 1594 5075 ecclesiae
1622 5002 1812 5094 parochiali

258 5135 296 5205 in
322 5134 558 5224 Zwolyen,
595 5139 630 5202 et
656 5132 755 5202 valor
782 5131 855 5202 eius
883 5130 1088 5200 aestimatur
1116 5130 1160 5198 ad
1188 5134 1336 5218 quatuor
1363 5147 1505 5196 marcas.
1552 5126 1637 5197 Item
1667 5124 1811 5196 ecclesia

255 5255 366 5328 babet
392 5255 441 5326 ibi
468 5255 630 5346 proprios
658 5273 760 5343 agros
787 5258 823 5323 et
849 5256 961 5341 prata,
987 5272 1052 5341 pro
1081 5272 1143 5321 suo
1171 5249 1313 5340 praedio
1342 5253 1376 5319 ct
1402 5247 1622 5320 necessitate.

914 5495 1163 5565 Zrnannrcza.

294 5648 298 5655 ·
367 5619 538 5711 Oppidum
566 5619 699 5690 habens
727 5619 761 5689 in
790 5638 827 5688 se
855 5616 1087 5707 parochialem
1115 5615 1294 5686 ecclesiam
1322 5615 1479 5704 ligneam,
1508 5617 1634 5684 Sancto
1658 5612 1813 5684 Martino

260 5743 421 5832 dicatam,
449 5741 545 5812 cuius
572 5741 766 5832 proprietas
794 5739 838 5810 ad
866 5737 1122 5810 serenissimum
1149 5735 1313 5808 Poloniac
1341 5755 1457 5828 regem
1484 5735 1644 5830 pertinet.
1677 5735 1717 5805 In
1745 5753 1812 5828 quo
