4550 6600
520 752 597 825 aaa
694 852 701 859 ι

519 966 557 1046 et
584 960 781 1052 aliquorum
804 960 1033 1035 emethonum.
1060 960 1148 1035 Item
1175 960 1326 1077 decanus
1352 960 1642 1036 Sandomiricnsis
1663 964 1872 1067 'nonhabet
1896 966 1949 1039 ibi
1974 966 2070 1059 prae

518 1083 622 1155 dium.
719 1149 721 1155 .
866 1079 872 1086 ’

622 1204 862 1296 haeresse,
898 1205 982 1277 villa
1017 1207 1097 1277 sub*
1117 1206 1282 1297 parocbia
1316 1207 1483 1278 eeclesiae
1518 1206 1561 1277 de
1596 1204 1963 1300 Coprzywnicza
1998 1211 2071 1301 sita,

519 1328 617 1399 ouius
642 1326 767 1399 haeres
792 1326 970 1399 lohannes
996 1327 1203 1419 Kamplra
1229 1328 1356 1400 nobilis
1382 1328 1425 1399 de
1453 1328 1554 1399 domo
1582 1316 1619 1400 et
1644 1330 1775 1401 familia
1791 1332 2010 1421 Bogoria.
2035 1333 2071 1404 ln

517 1470 587 1541 qua
613 1454 695 1521 sunt
720 1450 811 1520 lanei
838 1450 1081 1540 emethonales,
1108 1450 1152 1521 de
1178 1450 1304 1542 quibus
1331 1452 1489 1522 omnibus
1516 1450 1665 1522 solvitur
1690 1458 1728 1523 et
1750 1453 1959 1524 conducitur
1984 1453 2071 1524 deci-

518 1594 575 1643 ma
601 1571 827 1661 manipularis
853 1576 890 1643 et
917 1572 1091 1661 canapalis
1118 1594 1183 1663 pro
1209 1572 1410 1662 episcopatu
1437 1571 1669 1661 Gracoviensi,
1696 1580 1733 1644 et
1758 1574 1858 1645 valor
1875 1576 1956 1644 eius
1973 1576 2072 1645 aesti-
2146 1563 2147 1574 ¹

446 1746 448 1749 -
518 1698 634 1765 matur
658 1692 716 1769 ad
750 1714 811 1763 sex
846 1713 988 1767 marcas.
1015 1694 1101 1764 Item
1137 1694 1194 1764 ibi
1223 1705 1328 1765 unum·
1355 1693 1536 1783 praedium
1561 1694 1729 1785 militare,
1757 1695 1800 1766 de
1828 1718 1899 1785 quo
1927 1683 2072 1767 sol'ritnr

519 1814 653 1887 decima
679 1813 904 1905 manipularis
939 1815 1104 1887 ecclesiae
1131 1816 1167 1886 in
1195 1815 1471 1907 Skothnilry.

621 1935 994 2026 Villaeparoehiales:
1021 1936 1294 2028 Slrotbnilry,
1321 1937 1535 2028 Bogoria,
1561 1936 1780 2028 Szewcze,
1806 1938 2025 2009 Podlaze.
2146 1915 2147 1928 ἵ

1135 2057 1459 2132 ΌΟΡΒΖΝΝΥΟΖΛ.

621 2179 792 2271 Oppidum
819 2180 952 2252 babens
979 2180 1160 2251 ecelesiam
1187 2180 1429 2271 parochialem,
1455 2180 1605 2252 dicatam
1631 2181 1756 2253 honori
1781 2180 1948 2253 Omnium
1972 2182 2075 2254 Sanc·

519 2306 644 2391 torum,
671 2302 768 2373 cuius
795 2302 932 2392 quidem
960 2301 1078 2391 oppidi
1105 2302 1328 2391 proprietas.
1356 2356 1363 2370 .
1391 2356 1399 2370 .
1426 2357 1453 2391 .,
1480 2302 1536 2372 ins
1561 2322 1646 2373 vero
1673 2307 1879 2393 patronatus
1906 2304 2073 2375 ecelesiae
2146 2323 2147 2394 l

519 2420 569 2494 ad'
591 2424 751 2513 abbatem
786 2429 823 2495 et
849 2424 1097 2495 monasterium
1134 2422 1460 2514 Coprzywniezense
1488 2424 1660 2513 pertinet3·
1681 2425 1779 2496 euius
1805 2426 1979 2498 ecelesiae
2005 2426 2073 2516 ple

430 2564 438 2595 ¹
520 2547 630 2617 banus
654 2550 712 2620 est
737 2544 901 2617 Nicolaus
928 2546 1111 2636 presbyter
1141 2545 1184 2615 de
1202 2544 1556 2636 Vnyeslawiczc
1583 2544 1626 2616 de
1644 2545 1747 2616 domo
1765 2546 2073 2637 Accipitrum.

519 2668 559 2739 ln
587 2688 655 2757 quo
683 2671 764 2737 sunt
798 2666 890 2738 lanei
924 2666 1195 2757 oppidanorum,
1222 2666 1266 2738 de
1293 2667 1419 2756 quibus
1445 2667 1605 2738 omnibus
1631 2658 1780 2750 soluitur
1805 2672 1843 2739 et
1867 2669 2073 2762 conducitur

518 2790 652 2861 decima
677 2788 902 2879 manipularis
929 2810 993 2879 pro
1020 2790 1233 2895 monasterio
1259 2787 1596 2879 (loprzywniczensi,
1622 2792 1660 2859 et
1685 2788 1785 2861 valor
1809 2790 1893 2861 eius
1911 2791 2073 2861 aestima-

518 2916 576 2983 tur
603 2910 655 3001 ad¹
674 2911 818 3001 triginta
844 2932 988 2982 marcas.
1014 2911 1104 2982 Item
1130 2912 1167 2982 in
1194 2910 1313 2985 eodem
1342 2891 1469 3000 oppido
1496 2911 1668 3019 plebanus
1691 2910 1797 2982 babet
1823 2915 1932 2982 unum
1952 2914 2088 2983 arrum·

518 3034 685 3122 liberum,
712 3032 831 3103 datum
858 3054 921 3123 per
947 3030 1157 3122 oppidanum
1184 3033 1314 3103 dietum
1339 3032 1501 3104 Domin
1527 3036 1622 3103 retro
1648 3031 1828 3120 balneum'3
1854 3034 1942 3104 item
1970 3034 2073 3105 babet

518 3154 668 3225 medium
694 3154 832 3225 laneum
867 3153 1032 3242 liberum,
1059 3154 1179 3225 datum
1214 3174 1278 3243 per
1303 3153 1484 3225 Nicolaum
1519 3152 1730 3243 oppidanum
1755 3152 1887 3224 dictum
1912 3153 2072 3227 Sbosz-

508 3275 632 3366 'nysz3
658 3275 742 3346 item
768 3274 875 3348 babet
901 3278 1039 3365 pratum
1066 3276 1286 3366 interprete
1312 3275 1437 3346 civium
1455 3275 1491 3346 in
1509 3274 1585 3346 acie
1601 3294 1709 3366 penes
1726 3274 1966 3368 Vacbnyo;
1993 3277 2073 3349 item

518 3397 625 3469 habet
651 3398 790 3471 bortum
817 3417 923 3488 penes
950 3397 1066 3468 dotem
1094 3397 1308 3487 plebanalem
1334 3397 1491 3469 liberum.
1614 3429 1618 3436 ·

623 3517 1009 3608 Srnzrrnczowrczn,
1036 3519 1119 3590 villa
1154 3519 1219 3592 sub
1245 3520 1411 3610 parocbia
1436 3518 1602 3592 ecclesiae
1628 3517 1970 3610 Goprzywniczensis
1997 3522 2071 3611 sita,

368 3743 369 3748 Ἰ
518 3639 615 3713 euius
642 3639 810 3714 haeredes
837 3626 1014 3713 lohannes
1041 3645 1078 3711 et
1104 3635 1341 3743 ¹Gn'yeuossius
1367 3639 1501 3712 nobiles
1528 3641 1571 3712 de
1597 3640 1700 3712 dorno
1717 3645 1754 3712 et
1770 3641 1903 3712 iamilia
1920 3642 2091 3714 Strze·

517 3776 685 3856 gomya
721 3762 761 3834 ln
789 3784 858 3853 qua
893 3763 984 3834 lanei
1021 3767 1103 3835 sunt
1129 3767 1208 3834 octo
1235 3762 1487 3853 cmetbonales,
1514 3762 1558 3833 de
1585 3762 1709 3852 quibus
1737 3762 1896 3834 omnibns
1922 3764 2072 3835 solvitur

518 3885 651 3958 decima
677 3885 903 3976 manipularis
938 3905 1002 3975 pro
1030 3885 1177 3956 ecclesia
1201 3885 1238 3955 in
1265 3883 1646 3974 Goprzywnicza,
1672 3889 1710 3954 et
1735 3884 1834 3956 valor
1861 3885 1937 3956 eius
1965 3886 2071 3958 aesti-

517 4013 631 4078 matur
658 4006 702 4077 ad
729 4008 881 4097 quinque
907 4027 1051 4078 marcas.
1086 4007 1174 4076 Item
1201 4005 1381 4096 praedium
1408 4027 1451 4076 ex
1477 4005 1613 4078 duobus
1639 4006 1750 4078 laneis
1775 4007 2072 4096 cmetbonalibus;

448 4197 454 4208 ,
516 4109 601 4198 item
628 4128 795 4199 tabernae
822 4149 890 4198 non
918 4132 1008 4216 sunt,
1035 4128 1117 4198 item
1144 4127 1365 4199 hortulaniae
1391 4149 1461 4198 non
1487 4129 1599 4216 sunt,
1613 4128 1697 4199 item
1724 4127 1768 4199 de
1794 4127 1952 4218 qualibet
1967 4128 2070 4199 domo

516 4251 552 4321 in
580 4247 939 4343 Goprzpwnicza
965 4249 1100 4322 ratione
1128 4250 1392 4322 columbationis
1418 4261 1524 4321 unuin
1551 4270 1735 4340 grossum.
1753 4304 1761 4318 .
1780 4272 1808 4338 .;
1834 4253 1873 4320 et
1898 4254 1982 4321 sunt
2009 4249 2069 4321 do·

517 4393 594 4444 mus
613 4427 797 4442 ......
1150 4387 1156 4398 ¹

619 4493 788 4566 Knowrn
817 4503 927 4583 donn,
955 4493 1019 4564 sub
1038 4495 1203 4583 parochia
1225 4493 1390 4565 ecelesiae
1416 4493 1460 4564 de
1486 4493 1686 4585 Lunyow
1712 4492 1790 4583 sita,
1817 4492 1915 4568 euius
1941 4493 2068 4564 haeres

516 4616 642 4688 Petrus
669 4615 1030 4705 Szlrotbnyezky
1058 4615 1100 4685 de
1128 4617 1230 4687 domo
1257 4621 1293 4688 et
1318 4615 1451 4686 sensilia
1476 4614 1690 4705 Bogoria
1716 4613 1758 4685 In
1785 4635 1855 4705 qua
1877 4615 1960 4686 sunt
1976 4614 2067 4685 lanei

430 4749 434 4762 '
516 4737 770 4829 cmetbonales,
806 4737 849 4809 de
877 4737 1001 4829 quibus
1028 4738 1188 4808 omnibus
1223 4738 1370 4809 solvitur
1404 4737 1539 4808 decima
1570 4735 1796 4827 manipularis
1830 4757 1896 4826 pro
1922 4736 2067 4807 eocloeia

516 4861 552 4930 in
579 4859 958 4951 (loprzywnicza,
985 4880 1050 4949 pro
1075 4879 1147 4931 nna
1172 4859 1359 4931 medietate
1386 4857 1504 4948 villae,
1525 4879 1590 4948 pro
1608 4857 1722 4930 altera
1739 4862 1854 4929 autem
1872 4857 2067 4946 medietate,

516 4981 664 5055 solvitur
690 4981 855 5053 eeclesiae
883 4983 918 5052 in
945 4980 1162 5072 Lunyow3
1188 4981 1271 5052 itern
1297 4979 1479 5071 praedium
1504 5001 1575 5050 non
1601 4983 1689 5069 est„
1705 4979 1796 5050 item¹
1815 4978 1966 5052 taberna
1989 4998 2067 5068 nna

515 5105 597 5175 item
625 5103 842 5175 hortulaniae
843 5157 1011 5173 .......
1408 5103 1411 5110 ’
1584 5101 1589 5109 ’
1639 5100 1642 5105 “
1803 5101 1808 5108 ’

618 5224 896 5316 Nrnnnwroza,
923 5224 1007 5296 villa
1029 5224 1093 5296 snb
1111 5225 1279 5315 parocbia
1304 5224 1348 5296 de
1374 5221 1739 5316 Goprzywnicz'a
1763 5221 1841 5312 sita,
1868 5222 1969 5294 cuius
1984 5223 2066 5294 bae

514 5368 580 5420 res·
599 5345 778 5419 Jobannes
804 5345 1153 5439 Nyedrwyczlry
1179 5347 1343 5419 dedomo
1365 5345 1551 5419 etiamilia
1576 5345 1761 5417 Powala
1786 5343 1874 5416 alias
1900 5343 2067 5434 Ogon'y.·

513 5469 555 5539 In
581 5489 651 5558 qna
677 5473 758 5540 sunt
784 5467 853 5542 dno
880 5489 956 5541 cum
984 5467 1097 5541 medio
1133 5468 1228 5541 lanei
1261 5469 1513 5560 cm'etbonales,
1548 5469 1631 5540 item
1657 5487 1727 5539 una
1751 5465 1901 5538 taberna
1930 5471 1969 5538 et
1988 5444 2069 5537 ‘tres

513 5589 733 5662 hortulaniae
760 5595 797 5662 et
823 5611 929 5662 unum
955 5589 1188 5663 molendinum
1214 5591 1381 5664 babentia
1407 5591 1512 5682 agros
1539 5589 1716 5681 speciales,
1741 5588 1787 5660 de
1812 5587 1938 5678 quibus
1957 5586 2069 5676 omni:

513 5709 579 5784 bus
606 5710 753 5784 solvitur
781 5711 914 5786 decima
940 5714 1166 5809 manipuuris
1201 5735 1266 5808 pro
1297 5714 1501 5806 episcopatu
1527 5709 1767 5801 Craooriensi,
1793 5714 1838 5782 *et
1863 5709 1965 5783 valor
1989 5707 2065 5781 eius
