4550 6600
1794 755 1842 827 51

291 955 335 1028 de
361 956 461 1030 domo
488 955 715 1029 Habdanlr
751 955 881 1028 habent
907 956 943 1027 in
970 955 1090 1028 eadem
1116 955 1202 1028 villa
1228 961 1378 1048 quatuor
1403 957 1522 1030 laneos
1547 965 1585 1031 et
1610 981 1717 1033 unum
1743 981 1845 1054 prae-

291 1078 404 1169 dium,
444 1098 550 1150 unam
585 1076 768 1150 tabernam
800 1081 836 1148 et
870 1078 1020 1168 quinque
1055 1077 1292 1168 hortulanias;
1330 1078 1415 1150 item
1450 1078 1629 1154 lohannes
1664 1083 1708 1154 de
1742 1083 1844 1158 domo

290 1199 571 1291 Serpentum
601 1199 710 1270 babet
735 1219 841 1269 unum
867 1198 1046 1289 praedium
1084 1205 1120 1270 et
1146 1220 1250 1270 unam
1276 1200 1511 1272 hortulaniam
1536 1202 1574 1274 in
1600 1203 1721 1275 eadem
1748 1205 1843 1296 villa3

290 1320 373 1393 item
400 1320 715 1411 Bruchowsky
741 1320 784 1390 de
811 1319 912 1391 domo
940 1318 1234 1412 Accipitrum
1276 1322 1382 1394 habet
1416 1323 1453 1393 in
1480 1323 1602 1395 eadem
1628 1325 1712 1396 villa
1738 1348 1844 1419 unum

286 1432 480 1534 praedium,
508 1439 700 1513 Stanislans
726 1440 1024 1533 Polyanowsky
1052 1441 1095 1513 dc
1123 1443 1230 1514 armis
1256 1441 1501 1533 Serpentum
1527 1445 1634 1517 babet
1659 1447 1710 1519 ibi
1736 1469 1870 1520 nnum-
1937 1464 1943 1477 ·

290 1563 429 1635 laneum
456 1568 492 1635 ct
518 1563 604 1635 duas
629 1561 863 1652 hortulanus,
892 1561 935 1633 de
963 1563 1089 1653 quibus
1125 1564 1285 1636 omnibus
1317 1564 1465 1637 solvitur
1491 1572 1527 1637 et
1553 1565 1758 1640 conducitur
1784 1568 1844 1641 de·

291 1685 381 1756 eima
406 1684 628 1774 manipularis
655 1689 691 1755 et
717 1683 891 1774 canapalis
919 1683 1083 1755 ecclesiae
1111 1689 1147 1756 et
1173 1685 1322 1775 plebano
1349 1687 1385 1757 in
1413 1685 1655 1778 Slawicze,
1682 1694 1720 1760 et
1744 1690 1844 1762 valor
1872 1669 1876 1674 ⁸

291 1805 365 1877 eius
392 1805 596 1882 aestimatur
621 1805 667 1877 ad
694 1803 811 1875 decem
839 1809 875 1875 et
901 1809 981 1876 octo
1007 1825 1152 1878 marcas.
1182 1807 1271 1878 Item
1298 1805 1341 1878 de
1368 1807 1528 1879 omnibus
1555 1807 1664 1880 laneis
1690 1811 1844 1882 cmotbo-

289 1925 434 2014 nalibns,
461 1925 655 1996 hortulanis
679 1931 714 1996 et
732 1915 893 1997 tabernis
917 1925 1022 1996 datur
1048 1926 1182 1999 decima
1197 1938 1200 1942 '
1207 1948 1273 2018 pro
1299 1927 1461 2020 episcopo
1489 1927 1720 2021 (trudoniensi,
1746 1930 1845 2004 cuins

288 2044 386 2117 valor
412 2044 456 2116 ad
483 2051 633 2137 quatuor
658 2066 792 2117 marcas
819 2045 1031 2118 aestimatur.
1622 2124 1626 2130 ,

390 2165 757 2258 Pannoscuowrczn,
784 2168 868 2239 villa
881 2167 958 2240 sub
976 2167 1144 2259 parochia
1160 2167 1327 2240 ecclesiae
1345 2167 1387 2240 de
1416 2167 1616 2242 Slawicze
1638 2171 1717 2263 sita,
1745 2171 1844 2245 cuins

287 2288 484 2379 proprietas
509 2294 546 2360 et
572 2287 762 2360 dominium
790 2288 835 2361 ad
862 2289 1110 2361 monasterinm
1128 2288 1387 2362 Miecboriense
1413 2291 1575 2380 pertinet,
1602 2292 1638 2362 in
1666 2313 1735 2383 qua
1762 2298 1845 2366 sunt

288 2415 419 2500 septem
447 2409 541 2481 lanei
568 2411 820 2502 cmethonales,
854 2411 938 2482 item
965 2415 1039 2484 tres
1065 2411 1296 2502 hortulaniae,
1321 2411 1491 2483 habentes
1517 2431 1636 2503 agros3
1662 2413 1747 2485 item
1774 2434 1844 2486 una

286 2531 451 2620 taberna,
486 2530 619 2603 habens
654 2551 776 2622 agros,
812 2531 1009 2623 dequibus
1045 2531 1204 2604 omnibus
1231 2531 1380 2603 solvitur
1405 2537 1443 2604 et
1468 2531 1674 2604 conducitur
1709 2533 1844 2606 decima

267 2651 512 2742 ¹manipularis
536 2657 575 2724 et
602 2652 778 2743 canapalis
812 2673 877 2744 pro
914 2652 1116 2743 episcopatu
1142 2652 1386 2741 Gracoviensi,
1422 2657 1459 2724 et
1493 2653 1592 2724 valor
1626 2654 1701 2726 eins
1736 2656 1844 2727 aesti-

288 2777 403 2845 matur
430 2772 475 2844 ad
510 2772 689 2846 duodecim
726 2794 869 2846 marcas.
913 2772 1002 2845 ltem
1038 2780 1093 2846 est
1127 2774 1178 2846 ibi
1212 2773 1392 2864 praedium
1427 2774 1574 2864 bonum,
1608 2775 1692 2846 item
1728 2780 1782 2848 est
1807 2781 1844 2848 ct

288 2893 465 2984 scoltetia,
500 2894 638 2966 habens
668 2915 789 2986 agros,
825 2895 868 2967 de
896 2895 1022 2987 quibus
1049 2894 1154 2967 datur
1189 2895 1322 2967 decima
1357 2895 1523 2968 ecclesiae
1557 2900 1595 2968 et
1625 2896 1772 2987 plebano
1807 2897 1845 2969 in

289 3015 427 3090 Slawi
440 3037 533 3107 eze,
569 3016 667 3114 cuius
693 3017 791 3088 valor
817 3017 862 3088 ad
890 3035 951 3088 sex
977 3035 1112 3088 marcas
1138 3017 1353 3088 aestimatur.

391 3138 491 3212 Duae
525 3137 765 3212 tantummodo
800 3138 1017 3230 parochiales
1061 3137 1166 3210 uillae
1202 3137 1396 3209 Slawicze
1428 3143 1466 3209 et
1488 3124 1843 3213 'Parlroszowicze

901 3259 1010 3331 Man
1037 3279 1228 3333 acconam

390 3382 502 3474 Villa,
536 3382 667 3455 habens
693 3382 730 3454 in
757 3403 795 3455 se
828 3383 1007 3455 ecclesiam
1043 3381 1277 3473 parochialem
1313 3386 1496 3473 muratam,
1523 3381 1671 3456 Sanctae
1705 3382 1844 3457 Mariae

292 3504 520 3597 Magdalenae
547 3504 707 3595 dicatam,
734 3506 831 3577 cuins
857 3506 1055 3597 proprietas
1083 3504 1128 3575 ad
1147 3502 1359 3576 Stanislanm
1384 3503 1772 3598 Korzeqniczsky
1799 3504 1844 3577 dc

288 3628 393 3699 armis
420 3624 726 3720 Syrolromlya
760 3627 931 3717 pertinet,
967 3628 1003 3697 in
1032 3646 1100 3717 qna
1126 3630 1208 3698 suut
1233 3625 1326 3697 lanei
1352 3626 1605 3716 cmethonales,
1642 3628 1726 3699 item
1753 3628 1866 3715 dnae,

287 3750 470 3840 tabernae,
497 3768 566 3820 una
591 3748 747 3840 plebani,
776 3747 888 3819 altera
913 3746 1093 3836 haeredis,
1127 3748 1213 3817 item
1244 3746 1413 3835 scoltetia,
1440 3746 1573 3817 habens
1600 3747 1687 3819 duos
1713 3747 1842 3838 laneos

286 3868 329 3943 de
356 3871 480 3961 quibus
506 3866 664 3942 omnibus
700 3868 849 3941 solvitur
875 3872 910 3939 et
937 3866 1141 3941 conducitur
1177 3866 1313 3937 decima
1347 3865 1574 3955 manipularis
1600 3870 1637 3937 et
1662 3868 1839 3957 canapalis

287 4014 350 4085 pro
377 3991 523 4065 ecclesia
547 3989 707 4063 Omnium
726 3990 931 4063 Sanctorum
958 3989 1070 4081 partis
1096 3993 1252 4059 muratae
1278 3987 1316 4059 in
1341 3985 1554 4078 Gracoria,
1581 3993 1617 4058 et
1642 3988 1742 4060 valor
1767 3988 1841 4061 eius

288 4114 491 4187 aestimatur
517 4113 561 4185 ad
580 4165 588 4182 .
607 4166 614 4182 .
634 4166 642 4182 .
661 4154 713 4202 .-.,
741 4112 824 4183 item
842 4110 1022 4203 praedium
1041 4162 1049 4180 .
1068 4164 1076 4180 .
1096 4164 1103 4180 .
1122 4164 1130 4181 .
1150 4132 1177 4200 .;
1194 4110 1278 4181 item
1296 4107 1443 4181 ccclesia
1460 4114 1497 4181 et
1513 4108 1682 4200 plebanos
1709 4110 1843 4182 babent
1973 4166 1978 4171 .

159 4290 164 4302 .
288 4237 337 4310 ibi
363 4236 524 4328 proprios
550 4253 654 4325 agros
681 4240 718 4305 et
743 4239 854 4325 prata,
881 4254 945 4325 pro
972 4254 1036 4304 suo
1062 4231 1205 4324 praedio
1232 4236 1269 4303 et
1293 4230 1509 4303 necessitate.
1535 4230 1649 4303 Huius
1676 4232 1843 4305 ecclesiae

288 4357 367 4429 dum
395 4355 580 4448 aliquando
606 4353 728 4427 fnisset
755 4354 925 4445 plebanus
949 4353 1111 4444 Jacobns,
1139 4344 1302 4425 sacerdos
1320 4352 1424 4425 valde
1450 4372 1584 4443 pauper
1601 4357 1639 4424 et
1655 4373 1842 4445 pannosus,

289 4482 325 4551 et
348 4478 481 4551 habens
508 4476 685 4569 ingenium
712 4476 836 4563 docile,
865 4476 973 4549 studii
1000 4475 1142 4548 arderet
1166 4474 1359 4565 desiderio,
1384 4474 1600 4565 frequentius
1627 4494 1733 4563 quum
1759 4473 1842 4544 Vir·

286 4602 400 4691 ginon
426 4600 614 4691 gloriosam
640 4596 791 4669 Mariam
816 4604 958 4690 rogaret
992 4618 1059 4689 pro
1085 4617 1264 4687 successu,
1292 4596 1438 4685 accidit,
1464 4600 1505 4667 ut
1531 4594 1712 4667 ecclesiam
1739 4614 1838 4665 suam

288 4722 473 4813 ingressus,
500 4721 537 4792 in
563 4719 666 4792 altari
692 4720 816 4792 maiori
842 4720 1055 4811 marsupium
1081 4725 1220 4791 centum
1251 4717 1434 4808 sexagenis
1460 4716 1611 4788 latorum
1637 4736 1839 4806 grossorum

288 4842 430 4935 reperit,
457 4863 602 4934 quornm
630 4840 824 4932 sumptibus
850 4842 887 4912 in
913 4842 989 4913 iure
1016 4840 1208 4932 pontificali
1233 4838 1370 4929 doctor,
1395 4837 1521 4909 exinde
1547 4836 1686 4909 auditor
1712 4836 1842 4927 palatii,

289 4970 429 5056 etpost
454 4964 631 5038 Plocensis
658 4962 840 5054 episcopus
867 4962 1017 5053 effectus,
1044 4963 1175 5035 virtute
1201 4966 1238 5033 et
1262 4960 1447 5033 nobilitate
1473 4958 1607 5031 claruit.

393 5085 665 5189 Ozrnnrowrcn
692 5085 779 5157 alias
806 5082 1075 5175 Ozrarorrrczn,
1102 5083 1187 5155 villa
1204 5082 1268 5154 sab
1286 5082 1453 5173 parochia
1477 5079 1644 5151 ecclesiae
1662 5078 1706 5151 de
1724 5078 1843 5152 Alba

289 5207 464 5280 ecclesia
490 5207 566 5297 sita,
594 5207 690 5279 onius
708 5208 832 5279 haeres
850 5205 1015 5278 Nicolaus
1035 5202 1291 5297 Ozayowslry
1318 5203 1362 5274 dc
1386 5201 1488 5273 domo
1505 5201 1684 5292 helyae,
1710 5202 1747 5271 in
1773 5222 1842 5291 qua

288 5335 370 5401 sunt
396 5327 514 5401 decem
540 5327 633 5400 lanei
660 5326 914 5417 emethonales,
949 5326 994 5398 dc
1020 5325 1146 5417 quibus
1172 5325 1306 5396 decima
1340 5323 1566 5414 manipularis
1602 5322 1751 5395 solvitur
1776 5343 1842 5414 pro

288 5450 391 5523 altari
417 5449 563 5523 Sanctae
590 5448 724 5521 Mariae
750 5446 990 5538 Magdalcnae.
1016 5447 1104 5518 Item
1124 5447 1163 5518 in
1180 5444 1302 5517 eadem
1327 5445 1411 5517 villa
1437 5449 1518 5516 sunt
1535 5444 1605 5517 dno
1621 5444 1714 5516 lanei
1732 5466 1841 5536 qnon-

289 5572 367 5644 dam
394 5570 622 5661 scoltctiales,
660 5590 747 5660 quos
782 5570 950 5641 hactenns
985 5569 1109 5639 haeres
1136 5566 1293 5640 eiusdem
1318 5566 1440 5651 villae,
1477 5566 1642 5657 depositis
1678 5566 1841 5655 scoltetis,

161 5718 167 5731 ·
288 5714 352 5785 pro
378 5712 443 5769 sua
469 5692 567 5769 caria
601 5698 696 5790 arat,
732 5691 899 5767 decimam
934 5710 1017 5779 uero
1040 5688 1306 5797 ,manipularem
1339 5686 1384 5763 dc
1410 5686 1539 5763 eisdem
1572 5688 1610 5759 in
1633 5684 1844 5788 positatarum
