4550 6600
510 748 582 819 182

508 954 550 1026 de
577 954 944 1045 Staynyantbky
972 954 1038 1025 sibi
1066 954 1213 1025 donatos
1240 959 1277 1025 et
1303 958 1471 1043 perpetuo
1498 953 1695 1042 inscriptos,
1722 952 1859 1023 solvere
1884 956 2001 1021 mmeo
2018 952 2056 1024 de

510 1075 579 1145 illis
615 1074 781 1145 decimam
824 1075 1087 1165 manipularem·
1109 1080 1248 1146 tenetur
1282 1080 1329 1150 et¹
1353 1074 1561 1164 canapalem·
1589 1073 1806 1163 praebendae
1842 1071 2057 1145 cracoviensi

506 1194 682 1284 praefatae
709 1196 910 1267 Lazowska.
937 1197 1024 1267 Item
1052 1218 1120 1267 non
1148 1201 1203 1266 est
1229 1196 1369 1285 aliquod
1396 1195 1575 1284 praedium
1603 1197 1639 1265 in
1666 1195 1786 1265 eadem
1814 1194 1906 1264 villa

613 1316 810 1406 Gonzrcon,
838 1316 921 1388 uilla
948 1318 1012 1389 sub
1039 1318 1205 1407 parocbia
1231 1316 1274 1388 de
1301 1317 1627 1407 Brzesznycza
1653 1317 1731 1405 sita,
1749 1317 1848 1387 cuius
1866 1316 2057 1404 proprietas

507 1438 551 1508 ad
578 1439 859 1537 sanctimoniales
887 1438 1062 1528 praelatas
1089 1440 1124 1507 iu
1152 1438 1230 1509 Sta
1239 1438 1511 1529 ynyantblry
1536 1438 1699 1527 pertinet.
1725 1437 1765 1506 In
1793 1456 1863 1527 qua
1881 1444 1967 1507 sunt
1983 1444 2056 1507 octo

506 1579 582 1629 curn
610 1559 722 1630 medio
749 1560 839 1630 lanei
867 1560 1109 1649 cmctbonoleS,
1136 1561 1220 1630 item
1248 1558 1338 1629 duae
1355 1559 1521 1629 tabernae
1540 1559 1707 1629 babentes
1726 1578 1839 1647 agros,
1858 1559 1945 1629 item
1965 1558 2059 1647 quin·
2085 1579 2090 1583 ·

508 1702 574 1771 que
601 1680 821 1753 hortulauiae
851 1682 1020 1753 babentes
1047 1702 1160 1771 agr-oa,
1187 1681 1270 1752 item
1289 1702 1394 1751 unum
1412 1680 1591 1769 praedium
1610 1680 1810 1751 coenobiale
1828 1679 1888 1750 sed
1910 1700 2058 1768 parvom,

507 1802 550 1872 de
579 1802 703 1891 quibus
736 1802 894 1873 omnibus
930 1802 1078 1873 solvitur
1116 1807 1152 1872 et
1178 1801 1384 1873 conducitur
1411 1800 1544 1871 decima
1569 1801 1795 1889 manipularis
1822 1806 1859 1870 et
1886 1801 2058 1889 canapalls

507 1944 571 2012 pro
599 1923 797 2013 praebenda
824 1922 1054 2012 cracoviensi,
1083 1943 1171 2013 quac
1198 1928 1343 1993 vocabar
1369 1922 1568 2011 Lazowska,
1596 1928 1632 1993 et
1650 1922 1747 1993 valor
1765 1923 1839 1992 eius
1858 1920 2059 1991 aestimatur

507 2044 550 2114 ad
578 2044 696 2115 decem
722 2065 866 2115 marcas.
902 2045 989 2115 Item
1009 2044 1154 2115 eeclesia
1180 2050 1216 2114 et
1234 2039 1400 2133 plebanus
1419 2043 1462 2113 de
1480 2041 1804 2133 Brzesznycza
1829 2048 1913 2132 post
1931 2047 2059 2131 partem

507 2186 670 2255 agrorum
706 2166 809 2236 unius
846 2166 1010 2236 tabernae
1048 2166 1152 2237 villae
1187 2164 1366 2254 praelatae
1401 2169 1437 2235 et
1467 2164 1542 2235 eius
1569 2164 1821 2253 tabernatorIs,
1850 2164 1911 2253 qui
1939 2163 2059 2233 dicitur

508 2287 777 2377 Myksobar,
806 2292 842 2357 et
876 2292 956 2377 post
990 2292 1124 2376 partem
1161 2286 1306 2357 duorum
1342 2286 1520 2357 laneorum
1556 2291 1593 2356 et
1627 2306 1671 2356 er
1697 2286 1811 2375 agris,
1839 2286 1900 2375 qui
1928 2284 1998 2354 illis
2023 2304 2061 2355 ea

507 2408 651 2500 praedio
679 2407 832 2480 adiuncti
869 2414 967 2497 sunt,
996 2408 1144 2499 percipit
1170 2408 1270 2480 annis
1298 2408 1443 2499 singulis
1470 2407 1637 2479 decimam
1663 2428 1729 2501 pro
1756 2426 1811 2496 se,
1840 2406 1942 2477 cuius
1969 2406 2060 2477 valor

508 2530 552 2601 ad
579 2551 682 2601 uuam
709 2551 861 2602 marcam
890 2531 1102 2601 aestImatur.

610 2652 723 2741 anr,
750 2652 836 2723 villa
863 2652 926 2724 sub
953 2652 1120 2742 parocbia
1147 2652 1189 2723 de
1216 2652 1541 2741 Brzcszuycza
1567 2652 1644 2741 slta,
1671 2651 1768 2721 cuius
1796 2651 1996 2740 proprietas
2021 2648 2060 2720 ad

509 2760 785 2844 sancdmoniales
813 2773 856 2845 de
883 2773 1212 2865 Stanyantbky
1239 2774 1400 2863 pertinet.
1426 2772 1466 2843 Iu
1495 2793 1563 2863 qua
1590 2777 1671 2843 sunt
1697 2772 1845 2842 sedecim
1863 2772 1961 2842 lanei
1979 2792 2060 2841 cmc-

508 2894 669 2965 tbonales
709 2900 746 2965 et
781 2895 870 2965 duae
909 2896 1075 2967 tabernae
1111 2896 1280 2966 babentes
1316 2915 1420 2984 agros
1455 2894 1589 2985 largos,
1625 2895 1710 2965 item
1744 2901 1818 2965 tres
1845 2892 2059 2964 hortulauiae

508 3016 678 3086 babentes
706 3036 827 3105 agros,
855 3017 938 3087 item
965 3038 1071 3087 unum
1097 3016 1330 3087 molendinum
1354 3016 1450 3110 ,quod
1477 3016 1584 3086 babet
1610 3016 1718 3086 bonos
1744 3034 1869 3103 agros3
1899 3014 1987 3084 item
2012 3018 2060 3083 est

513 3136 561 3206 ibi
588 3137 767 3225 praedium
796 3137 1003 3227 coenobiale,
1032 3138 1074 3208 de
1102 3160 1170 3228 quo
1199 3138 1476 3208 sanctimoniales
1503 3137 1597 3207 solae
1623 3136 1821 3226 percipiunt
1843 3135 2013 3206 decimam
2029 3140 2061 3205 et

515 3257 600 3349 nulli
629 3278 703 3328 eam
732 3258 889 3347 solvunt3
918 3259 1149 3356 cmetbonales
1177 3281 1259 3330 vero
1287 3259 1364 3350 agri
1390 3258 1557 3330 tabernae
1584 3264 1619 3330 et
1645 3258 1863 3330 hortulauiae
1881 3261 1919 3328 et
1939 3256 2061 3326 molen-

514 3378 649 3468 dinum,
687 3379 827 3450 solvunt
862 3401 937 3450 eam
974 3386 1010 3451 et
1046 3381 1242 3456 conducunt
1267 3381 1443 3471 manipulo
1471 3386 1507 3451 et
1533 3401 1665 3470 canapo
1692 3378 1913 3470 praebendae
1942 3378 2061 3449 Gracc-

510 3499 630 3590 viensi,
658 3519 745 3589 quae
773 3507 917 3572 vocatur
943 3501 1143 3592 Lazowska,
1171 3524 1192 3572 a
1218 3503 1376 3592 praefata
1402 3502 1484 3574 villa
1510 3486 1831 3574 denominationem*
1851 3522 2001 3592 sumens,
2026 3505 2059 3570 et

509 3621 607 3692 valor
633 3622 707 3694 eius
734 3622 941 3695 aestimatur
967 3623 1012 3696 ad
1038 3625 1162 3715 viginti
1189 3645 1333 3695 marcas.

1180 3747 1399 3818 Losossmn.

613 3865 707 3938 Villa
742 3867 873 3939 babens
910 3865 1087 3940 ecclesiam
1123 3868 1358 3958 parochialem
1393 3868 1429 3940 in
1457 3888 1522 3956 se,.
1540 3866 1677 3938 SanctiS
1707 3864 1876 3938 Omnibus
1903 3865 2059 3953 dicatam,
2102 3858 2106 3866 ’

508 3989 605 4058 cuias
632 3987 800 4059 haeredes
827 3989 943 4078 plures
970 3990 1103 4060 nobiles
1128 3991 1292 4061 uidelicet
1318 3990 1549 4080 Slupslry,
1576 4044 1584 4057 .
1611 4044 1618 4057 .
1647 4043 1654 4057 .
1681 3988 1734 4058 De
1762 3988 1921 4058 omnibus
1948 3993 2060 4058 autem

509 4109 604 4197 agris
631 4114 666 4177 et
693 4109 845 4196 praediiS
872 4109 1108 4198 praelatorum
1136 4112 1302 4182 nobilium
1328 4112 1475 4184 solvitur
1502 4117 1538 4182 et
1564 4111 1770 4181 conducitur
1796 4110 1930 4180 decima
1957 4109 2059 4180 mani·

509 4227 640 4318 pulcris
667 4227 832 4300 ecclesiae
860 4230 895 4298 in
922 4229 953 4300 L
961 4233 1258 4321 yoszossina,
1286 4240 1323 4303 et
1358 4234 1456 4304 valor
1482 4233 1557 4303 eius
1584 4233 1786 4304 aestimatur
1812 4231 1856 4301 ad
1883 4229 2059 4302 duodecim

508 4368 655 4420 marcas.
681 4348 769 4419 Item
797 4350 942 4421 ecclesia
968 4356 1005 4422 et
1031 4351 1198 4441 plebanus
1225 4354 1331 4428 babet
1357 4355 1406 4426 ibi
1433 4373 1536 4444 agros
1565 4354 1725 4445 proprios
1749 4354 1877 4426 liberos
1896 4358 1934 4423 et
1953 4357 2059 4443 prata,

510 4492 575 4560 pro
604 4489 665 4542 suo
693 4491 757 4542 usu
785 4476 820 4543 et
847 4472 1062 4545 necessitate.

1158 4596 1421 4670 Wrsznrown.
1538 4627 1545 4634 ·

614 4713 709 4784 Villa
735 4713 868 4786 babens
895 4715 930 4784 iu
958 4735 995 4787 se
1022 4717 1255 4805 parochialem
1274 4719 1453 4789 ecclesiam
1471 4719 1633 4808 ligneam,
1651 4719 1777 4790 Sancto
1796 4717 1955 4790 Martino
1973 4718 2059 4789 dIca·

509 4841 589 4925 tam,
617 4835 713 4908 cuius
740 4835 937 4926 proprietas
965 4837 1009 4908 ad
1037 4839 1295 4911 serenissimum
1322 4840 1486 4910 Poloniae
1513 4859 1629 4929 regem
1648 4840 1809 4928 pertinet.
1836 4839 1877 4908 In
1897 4861 1968 4929 qua
1985 4843 2059 4910 sont

508 4958 633 5047 viginti
669 4957 819 5047 quinque
845 4957 937 5028 lanei
964 4959 1217 5052 cmetbonales,
1244 4961 1287 5031 de
1315 4963 1440 5052 quibus
1469 4962 1616 5032 solvitur
1642 4961 1776 5032 decima
1802 4961 1993 5050 pecunialis
2019 4959 2058 5030 de

509 5079 664 5169 quolibet
698 5077 798 5148 laneo
835 5100 897 5168 per
924 5099 1029 5150 unum
1057 5079 1228 5153 fertonem
1254 5104 1319 5172 pro
1347 5084 1474 5154 abbate
1502 5082 1768 5174 Gzyrzyczensi3
1795 5083 1878 5152 item
1906 5087 1990 5153 suut
2013 5079 2057 5152 ibi

508 5200 597 5271 duae
623 5200 790 5272 tabernae
817 5200 985 5272 babentes
1012 5221 1130 5292 agros,
1158 5209 1194 5274 et
1221 5203 1360 5274 solvunt
1386 5226 1450 5294 pro
1479 5205 1612 5275 decima
1637 5225 1701 5294 per
1728 5208 1877 5294 quatuor
1902 5223 2056 5294 grossos;

508 5321 591 5392 item
626 5322 760 5392 ratione
796 5319 948 5392 rraascbaa
975 5323 1123 5395 soluitur
1148 5325 1296 5415 plebano
1324 5326 1368 5396 de
1396 5327 1552 5416 quolibet
1577 5326 1678 5397 laneo
1706 5347 1776 5397 una
1802 5345 1968 5397 mensura
1993 5325 2057 5396 sili·

508 5442 598 5530 ginis
626 5446 662 5512 et
688 5442 757 5512 alia
784 5462 922 5515 avenae.
949 5443 1037 5514 Item
1064 5445 1170 5516 babet
1196 5447 1246 5517 ibi
1272 5447 1440 5536 plebanus
1467 5447 1647 5537 proprium
1676 5468 1796 5537 agrum
1816 5453 1852 5519 et
1869 5453 1981 5537 prata,
1999 5465 2057 5537 pro

509 5583 571 5632 suo
599 5561 740 5651 praedio
769 5569 804 5634 et
831 5565 1045 5654 necessitate,
1073 5572 1108 5637 et
1135 5567 1222 5637 duas
1249 5568 1408 5656 piscinas.

539 5735 543 5743 -
614 5681 948 5767 Pozaacuowrcza
975 5707 1170 5784 mnemon,
1196 5688 1280 5766 villa
1306 5690 1370 5764 sub
1397 5690 1568 5787 parochia
1595 5691 1639 5770 do
1665 5690 1962 5793 Wyszopoua
1986 5691 2058 5780 aaa
