4550 6600
1719 770 1791 839 555
1813 770 1816 777 ’

234 977 340 1067 pleno
368 976 443 1049 iure
470 976 514 1049 ad
542 978 742 1068 episcopum
769 976 1042 1065 cracoviensem,
1069 976 1149 1066 quia
1178 976 1268 1047 torto
1289 997 1462 1067 nunquam
1482 976 1526 1047 ad
1544 978 1793 1049 monasterium

234 1098 386 1171 Sanctae
414 1098 536 1171 Crucis
562 1099 772 1189 pertinebat.
1315 1090 1319 1097 ²

341 1221 494 1309 Itoeow,
530 1220 613 1291 villa
640 1222 704 1291 sub
731 1221 898 1310 parochia
925 1220 967 1291 do
995 1219 1040 1287 W
1049 1220 1196 1310 ylhou
1225 1219 1311 1309 sita,
1350 1219 1446 1291 carius
1473 1220 1597 1291 haeres
1626 1220 1790 1291 Nicolaus

232 1341 569 1434 Kazimirzsky
596 1341 783 1432 praelatus.
802 1343 851 1413 -In
878 1364 947 1433 qua
974 1348 1054 1413 sunt
1080 1341 1246 1413 tredecim
1275 1362 1351 1413 cum
1380 1342 1492 1413 medio
1520 1342 1612 1413 lanei
1640 1342 1792 1414 emethe-

233 1464 351 1554 nales,
380 1464 423 1535 de
450 1465 619 1537 omnibus
636 1464 783 1536 solvitur
810 1465 943 1535 decima
968 1464 1193 1555 manipularis
1221 1469 1256 1535 et
1284 1464 1459 1554 cenapolis
1491 1485 1554 1554 pro
1581 1466 1792 1537 monasterio

234 1583 385 1657 Sanctae
413 1584 545 1677 Crucis
572 1591 607 1658 et
632 1586 731 1658 valor
758 1587 833 1659 eius
860 1588 1066 1665 aestimator
1092 1586 1273 1659 addacem
1301 1606 1445 1657 marcas.
1473 1586 1573 1658 Hanc
1600 1594 1715 1659 autem
1734 1588 1794 1659 de-

233 1707 362 1779 cimam
397 1707 628 1798 Sbigneus
666 1708 853 1780 cardinahs
886 1716 922 1780 et
949 1710 1132 1799 episcopus
1169 1707 1409 1803 Oracoriensis
1448 1709 1680 1781 contendebat
1717 1730 1792 1781 esse

233 1849 321 1900 suae
348 1850 497 1918 mensae,
525 1830 588 1903 sed
613 1851 682 1920 per
704 1831 866 1921 arbitroS,
893 1831 1056 1903 videlicet
1082 1830 1104 1901 J
1114 1852 1219 1902 aros
1234 1830 1352 1901 laum
1379 1831 1578 1921 episcopum
1601 1830 1793 1903 Laodicen-

234 1970 321 2041 sem,
347 1956 385 2021 et
410 1950 605 2022 Johannern
633 1952 817 2042 plebanum
845 1952 888 2023 dc
916 1951 1136 2024 Obrazoar
1167 1952 1347 2025 officialem
1376 1951 1700 2043 SandomirIensem,
1728 1975 1791 2044 pro

233 2072 448 2143 monasterio
477 2065 622 2144 Sanctae
651 2072 770 2145 Crucis
807 2072 939 2145 Calvi
974 2073 1147 2143 Montis
1184 2074 1382 2147 adiudicata
1419 2080 1480 2146 est.
1525 2076 1612 2147 Item
1651 2076 1705 2147 est
1742 2075 1791 2149 ibi

235 2213 344 2263 unum
372 2194 563 2285 praedium,
592 2195 634 2265 de
663 2216 730 2285 quo
758 2195 950 2267 decimatur
977 2194 1142 2266 ecclcsiae
1171 2197 1205 2265 in
1234 2195 1278 2265 W
1288 2196 1445 2286 ylhou.

336 2310 475 2387 'Donnu
502 2315 634 2387 Mnroa
661 2324 697 2388 et
724 2316 863 2406 hlmon,
891 2316 994 2387 villae
1022 2317 1086 2387 sab
1114 2317 1280 2407 parochia
1308 2317 1349 2389 de
1377 2317 1421 2387 W
1429 2318 1579 2409 ylkow
1607 2317 1704 2391 sitae
1748 2319 1788 2390 In
1847 2312 1851 2322 '

234 2435 365 2525 quibus
394 2456 456 2508 seu
482 2437 518 2508 tn
545 2459 614 2509 arria
641 2459 760 2509 earum
787 2438 947 2508 videlicet
975 2438 1010 2508 in
1046 2438 1218 2509 Maiori
1255 2445 1336 2511 suunt
1362 2440 1455 2511 lanei
1482 2441 1727 2531 emethonalea
1756 2442 1791 2512 in

234 2555 415 2630 Minori
444 2580 563 2629 rere...
590 2560 690 2650 lanei,
718 2560 904 2651 dequibus
932 2560 1091 2633 omnibus
1109 2562 1257 2631 solvitur
1277 2568 1312 2631 et
1331 2561 1536 2633 conducitur
1563 2562 1695 2635 decIma
1721 2584 1793 2635 ma-

232 2678 407 2769 nipularis
435 2686 471 2752 et
498 2682 674 2771 canapalis
702 2704 765 2771 pro
793 2660 1004 2754 monasterio
1032 2682 1179 2753 Sanctae
1207 2682 1336 2781 Crucis
1355 2682 1487 2755 Calvi
1524 2684 1719 2776 hiantia,
1756 2692 1793 2757 et

232 2800 335 2873 valor
363 2803 436 2875 eius
463 2787 684 2875 aestimatur*
696 2804 741 2875 ad
760 2858 929 2875 .......
969 2804 1036 2876 Sed
1064 2827 1154 2875 aritio
1182 2805 1320 2877 Domini
1349 2807 1449 2877 1442
1479 2806 1612 2878 decima
1640 2808 1789 2897 septima

233 2921 324 2994 Julii
349 2945 413 3016 per
447 2924 949 3017 latomenus-episcopum
976 2926 1223 2999 Laodicensem
1251 2932 1286 2997 et
1312 2926 1507 3005 Iohannem
1543 2928 1727 3018 plebanum
1756 2930 1791 3001 in

233 3042 456 3117 Obrazou
484 3046 665 3118 officialem
691 3048 1015 3137 Sandomiriensem,
1043 3049 1196 3119 arbitros
1216 3068 1420 3139 communes,
1449 3055 1485 3121 et
1512 3072 1631 3121 eorum
1651 3058 1790 3123 senten-

234 3167 325 3239 tiam
352 3168 581 3259 diffinitivam,
607 3176 682 3243 tota
707 3172 838 3260 absque
856 3170 1084 3263 diminutione
1102 3170 1301 3243 adIudicata
1328 3171 1543 3263 episcopatui
1563 3172 1793 3245 Cracoriensi.
1875 3266 1880 3276 ἱ

343 3289 570 3363 Gaonnrcan
598 3291 876 3382 Noenwczran,
904 3292 988 3364 villa
1015 3292 1078 3364 sub
1097 3292 1263 3382 parochia
1290 3292 1332 3364 de
1361 3292 1405 3362 W
1415 3294 1564 3386 ylhow
1591 3296 1668 3387 sita,
1696 3297 1792 3368 cuius

234 3412 408 3484 haeredes
435 3412 624 3486 Pahossius
652 3413 874 3504 'theodricus
903 3420 938 3494 et
965 3412 1137 3503 Georgius
1166 3413 1397 3506 Nogauky
1430 3416 1471 3486 de
1500 3419 1605 3489 armis
1625 3474 1631 3488 .
1652 3473 1658 3488 .
1679 3475 1685 3488 .
1759 3474 1792 3488 ..
1854 3422 1859 3435 '

233 3534 277 3608 In
307 3555 374 3625 qua
401 3542 484 3607 sunt
509 3536 601 3606 lanei
629 3537 872 3626 emethonales,
900 3536 1090 3626 dequibus
1118 3536 1265 3612 solvitur
1284 3542 1319 3608 et
1337 3538 1541 3610 conducitur
1569 3540 1703 3610 decima
1720 3562 1821 3612 ma-·

234 3656 408 3745 uipularis
444 3679 508 3746 pro
535 3659 746 3730 monasterio
781 3657 929 3730 Sanctae
966 3656 1086 3728 Grecis
1123 3657 1255 3728 Calvi
1290 3658 1486 3748 Montis,
1528 3665 1563 3730 et
1590 3662 1700 3732 valor·
1716 3663 1791 3732 eius
1900 3665 1901 3668 ’

236 3779 444 3850 aestimatur
470 3779 515 3850 ad
535 3833 647 3849 .....
674 3779 763 3852 ltem
791 3785 872 3850 siunt
897 3779 948 3849 ibi
974 3778 1045 3849 tria
1070 3779 1223 3867 praedia,
1252 3779 1294 3850 de
1315 3800 1459 3870 qnorum
1479 3782 1572 3870 agris
1601 3782 1792 3852 decimatur

236 3899 408 3971 ecclesiae
434 3902 469 3971 in
498 3900 541 3970 W
550 3901 709 3992 ylkon·.

342 4020 570 4094 Uaznnnow.
624 4077 631 4092 .
684 4077 692 4092 .
746 4077 754 4092 .

885 4143 1149 4216 Cznrranrow.
1785 4234 1789 4252 Ι

288 4341 294 4354 ,
342 4263 436 4336 Villa
463 4266 697 4357 parochialem
724 4265 901 4337 ecclesiam
929 4264 1091 4356 ligneam,
1119 4265 1267 4338 Sanctae
1295 4264 1398 4340 Cruci
1426 4265 1572 4337 dicatam
1601 4267 1636 4337 in
1665 4288 1702 4339 se
1730 4269 1793 4345 ha·.

232 4386 323 4457 bens
324 4440 369 4456 .....
396 4388 484 4459 Item
510 4389 657 4460 ecclesia
676 4394 713 4458 et
731 4388 897 4477 plebanus
925 4388 1033 4459 habet
1050 4387 1210 4478 proprios
1234 4409 1336 4478 agros
1364 4393 1400 4460 et
1419 4394 1527 4478 prata,
1555 4409 1618 4477 pro
1638 4410 1700 4461 suo
1727 4410 1791 4461 usu

235 4514 274 4577 et
301 4509 519 4580 necessitate.
1481 4503 1483 4511 ¹

343 4629 693 4722 Szwnszranarcza,
720 4630 804 4704 villa
830 4631 893 4703 sub
921 4630 1086 4720 parochia
1113 4631 1156 4702 de
1184 4629 1455 4723 Cnepyelow
1482 4631 1558 4720 sita,
1587 4633 1683 4702 cuius
1710 4654 1791 4722 pro-

234 4751 371 4842 prietas
398 4753 448 4824 ad
470 4754 727 4845 serenissimum
754 4753 920 4825 Poloniae
947 4773 1063 4843 regem
1090 4753 1253 4842 pertinet.
1280 4753 1320 4823 In
1340 4773 1408 4842 qna
1427 4758 1508 4824 sunt
1531 4755 1681 4843 quinque
1700 4754 1791 4824 lanei

236 4874 482 4966 emethonales‚
510 4875 553 4946 de
573 4876 697 4965 quibus
717 4876 875 4947 omnibus
902 4875 1050 4945 snlritnr
1077 4874 1211 4946 decima
1237 4875 1462 4964 manipularis
1490 4895 1553 4964 pro
1581 4878 1791 4946 monasterIo

236 4993 386 5088 Sanctae
414 4995 535 5069 Crucis
562 4997 738 5070 Montis
767 4996 908 5074 Oalri.
936 4995 1041 5068 Cuius
1069 4996 1167 5068 valor
1195 4997 1399 5068 aestimatur
1427 4996 1471 5074 ad
1499 4997 1616 5066 decern
1646 5018 1790 5086 mancas,

236 5116 282 5190 dc
309 5124 405 5190 scuto
433 5127 549 5192 autem
575 5121 676 5192 laneo
695 5174 809 5192 .....
835 5119 924 5190 Item
951 5124 1007 5189 est
1028 5119 1077 5189 ibi
1104 5118 1294 5207 praedium,
1322 5118 1365 5188 de
1385 5139 1451 5208 quo
1471 5118 1663 5190 declinatur
1682 5119 1790 5188 corile-

237 5241 311 5312 siae
338 5239 373 5312 in
401 5240 581 5333 Saloca,
608 5250 644 5314 et
671 5243 771 5322 valor
797 5243 871 5314 eius
898 5240 1055 5312 adduas
1082 5259 1219 5312 marcas
1246 5240 1459 5310 aestimatur.

818 5472 1217 5554 Curnrra'nrnowrczr.

342 5605 437 5678 Villa
463 5606 595 5677 babens
622 5606 657 5676 in
684 5627 721 5675 se
748 5604 981 5695 parochialem
1009 5604 1198 5693 ecclesiam,
1227 5602 1373 5672 Sanctae
1395 5599 1558 5672 Trinitati
1587 5609 1622 5674 et
1643 5603 1787 5674 Sanctae
1836 5699 1842 5704 .

236 5727 445 5800 Catherinae
471 5729 618 5799 dicatam
622 5779 735 5798 .....
1259 5727 1260 5732 ’
