4550 6600
1701 788 1779 858 459

223 986 422 1079 praebenda
457 984 696 1079 Kyelczcnsis,
725 1010 813 1080 quae
840 994 983 1063 vocatur
1010 988 1199 1080 Barczska,
1226 1012 1248 1063 a
1273 990 1357 1064 rilla
1384 993 1596 1084 Bardow‚
1623 1000 1659 1067 ct
1685 996 1783 1068 valor

223 1110 299 1182 eius
325 1111 531 1183 aestimatur
558 1110 602 1183 ad
630 1110 810 1183 duodecim
837 1132 981 1185 marcas.
1249 1122 1252 1126 ’

326 1232 515 1305 Jncnown
542 1230 817 1324 Wourn,'villa
853 1236 917 1307 sub
954 1235 1119 1325 parochia
1155 1234 1198 1305 dc
1225 1234 1542 1327 Dalesehyoze
1569 1239 1657 1329 sita,
1684 1240 1782 1311 cuius

220 1354 421 1445 proprietas
448 1355 492 1427 ad
519 1356 717 1447 episcopum
745 1353 1008 1430 Gracovicnscm
1037 1358 1200 1448 pertinet.
1227 1357 1268 1428 In
1296 1378 1363 1449 qua
1390 1363 1472 1429 sunt
1488 1358 1668 1431 duodecim
1687 1362 1780 1432 lanei

220 1476 476 1568 emethonales,
504 1476 547 1549 dc
584 1477 709 1568 quibus
737 1478 885 1551 solvitur
911 1484 947 1550 ct
973 1478 1179 1551 conducitur
1205 1478 1339 1550 decima
1364 1479 1590 1569 manipularis
1617 1485 1655 1552 et
1681 1502 1781 1552 carra-

219 1596 313 1687 palis
340 1618 404 1687 pro
431 1598 633 1689 episcopatu
660 1597 890 1691 cracoviensi,
918 1604 954 1671 ct
981 1600 1080 1673 valor
1106 1602 1181 1673 cius
1201 1601 1415 1673 ‘aestimatur
1441 1600 1485 1671 ad
1514 1608 1664 1691 qrratuor
1689 1624 1781 1673 mar·-

218 1738 290 1791 cas.
316 1719 402 1791 Item
430 1708 485 1791 est
510 1720 561 1793 ibi
587 1720 748 1793 scoltetia
774 1740 861 1812 una,
888 1722 1020 1794 habens
1046 1722 1133 1795 duos
1160 1723 1299 1814 laneos,
1326 1723 1370 1795 de
1397 1724 1523 1814 quibus
1551 1724 1657 1796 solvit
1683 1724 1775 1795 deci-

218 1858 313 1913 mam
349 1862 413 1932 pro
450 1840 596 1915 ecclesia
633 1842 669 1913 in
704 1841 1040 1935 Dalesehyczc‚
1078 1850 1113 1915 et
1149 1844 1249 1919 valor
1284 1844 1358 1916 cius
1386 1845 1592 1920 aestimatur
1619 1845 1778 1917 adduas

218 1980 367 2035 marcas.
974 1966 978 1973 “
1522 1972 1529 1981 ’

328 2084 517 2177 Qussow,
545 2086 629 2158 villa
664 2087 729 2159 sub
763 2088 931 2178 parochia
957 2086 1122 2159 ecclesiae
1150 2087 1193 2160 de
1220 2087 1542 2179 Dalesehyoze
1569 2089 1655 2179 sita,
1683 2088 1781 2159 cuins

218 2206 348 2279 haeres
374 2206 553 2281 Jobannes
589 2206 791 2300 Olcszlry
819 2209 862 2280 do
891 2209 992 2282 domo
1019 2208 1231 2282 Dambno.
1271 2209 1312 2280 In
1340 2231 1408 2300 qua
1436 2216 1518 2281 sunt
1544 2209 1661 2281 decem
1689 2209 1781 2281 lanei

219 2330 477 2421 emethonales,
513 2330 556 2401 de
594 2330 738 2421 quibus,
774 2330 957 2427 alternatis
993 2330 1146 2420 vicibus,
1181 2330 1330 2403 solvitur
1356 2337 1394 2403 et
1420 2331 1623 2403 conducitur
1649 2330 1782 2402 decima

217 2451 463 2541 manipularis3
494 2473 562 2525 uno
590 2453 681 2524 enirn
709 2472 800 2525 anno
827 2453 975 2527 solvitur
1002 2452 1181 2525 custodiae
1208 2450 1434 2544 Kyclczensi,
1460 2453 1572 2524 altero
1599 2474 1683 2524 vero
1711 2452 1781 2524 sol-

219 2573 320 2644 vitur
346 2574 566 2664 praebendae
602 2573 806 2665 Kyelczeusi
830 2595 921 2667 ,quac
949 2580 1094 2647 vocatur
1119 2574 1418 2667 Pyrzsanyczska,
1446 2581 1483 2647 et
1509 2574 1608 2647 valor
1635 2575 1710 2646 eius
1736 2574 1780 2645 ad

217 2692 341 2766 decern
368 2716 501 2767 marcas
529 2696 742 2769 aestimatur.

329 2816 548 2909 anncnow,
576 2818 659 2891 villa
685 2818 750 2891 sub
776 2818 942 2909 parochia
968 2818 1132 2891 ecclcsiae
1160 2818 1204 2891 de
1229 2818 1550 2911 Dalesehyoze
1577 2820 1655 2910 sita,
1682 2820 1780 2890 cuius

217 2939 420 3031 proprietas
447 2940 491 3011 ad
504 2939 752 3031 ‘praebendam
779 2939 1024 3031 Kyelczensem
1051 2941 1214 3031 pertinet,
1242 2960 1331 3031 quac
1353 2944 1498 3012 vocatur
1516 2940 1779 3041 Brzechowska,

217 3080 312 3151 quae
338 3067 374 3133 ct
401 3060 526 3136 fundus
553 3068 608 3133 est
634 3060 788 3135 eiusdem
815 3062 1042 3152 praebendae.
1069 3062 1109 3133 In
1137 3082 1205 3153 qua
1232 3068 1314 3133 sunt
1338 3062 1432 3133 lanei
1458 3062 1708 3153 cmptionalm,
1736 3057 1779 3132 do

217 3182 348 3272 quibus
376 3184 535 3255 omnibus
562 3183 710 3279 solvitur
737 3188 772 3255 ct
798 3183 1003 3271 conducitur
1029 3182 1163 3255 decima
1189 3182 1416 3273 manipularis
1442 3204 1507 3274 pro
1534 3184 1653 3255 eadem
1679 3203 1780 3274 prac-

216 3304 338 3376 bcnda
372 3305 595 3396 Kyclczensi,
622 3312 658 3378 et
693 3306 791 3378 valor
827 3307 902 3378 eius
938 3308 1144 3378 aestimatur
1179 3307 1223 3377 ad
1250 3312 1324 3377 tres
1351 3327 1495 3377 marcas.
1534 3306 1622 3377 itam
1649 3306 1698 3377 ibi
1726 3310 1779 3376 est

217 3427 391 3518 scoltetia
417 3427 550 3502 habens
576 3429 737 3520 proprios
764 3449 877 3519 agros,
905 3428 947 3502 de
975 3429 1099 3520 quibus
1119 3429 1267 3504 solvitur
1285 3429 1420 3501 decima
1437 3427 1663 3520 manipularis
1681 3448 1780 3519 prac-

216 3547 315 3622 fatac
341 3551 559 3642 praebendae
585 3549 800 3643 Kyelczensi.
890 3617 895 3625 .

254 3741 257 3745 .
328 3672 631 3764 Kocnnn1,rilla
667 3673 730 3745 sub
766 3671 932 3763 parochia
967 3671 1132 3744 ecclcsiae
1169 3671 1212 3743 de
1236 3672 1503 3762 Stobnicza,
1531 3671 1628 3743 cuins
1655 3673 1778 3741 haeres

218 3793 386 3885 Hynok
413 3795 456 3866 dc
477 3796 588 3868 armis
606 3795 921 3885 Bippennium.
949 3794 989 3865 In
1008 3815 1076 3884 qua
1094 3793 1185 3865 lanei
1204 3792 1446 3883 emethonales,
1465 3792 1507 3863 dc
1526 3793 1651 3883 quibus
1670 3792 1779 3864 omni-

218 3917 289 3990 bus
325 3917 473 3990 solvitur
507 3917 641 3990 decima
676 3916 903 4006 maniprdaris
929 3915 1095 3988 eeclesiae
1122 3916 1159 3986 in
1185 3914 1527 4005 Dalesehyoze,
1553 3915 1650 3988 cuius
1678 3914 1776 3985 valor

218 4040 428 4114 aestimator
454 4039 499 4112 ad
526 4039 644 4112 decem
670 4059 814 4112 marcas.
841 4039 928 4111 Item
956 4043 1010 4110 cst
1035 4038 1084 4111 ibi
1111 4059 1218 4110 unum
1244 4037 1423 4130 praedium
1441 4036 1601 4128 militare,
1620 4035 1663 4108 dc
1682 4037 1779 4107 cuius

220 4164 320 4254 agris
347 4163 495 4236 soluitur
521 4163 655 4236 decima
682 4216 689 4233 .
718 4218 725 4234 .
752 4217 760 4233 .
1604 4160 1608 4168 '

329 4285 638 4377 Scuozrruurrrr,
664 4285 749 4358 villa
774 4285 838 4358 sub
866 4284 1031 4376 parochia
1058 4283 1225 4356 ecclesiae
1252 4283 1296 4354 de
1322 4281 1346 4354 J
1354 4303 1512 4375 anyna‚
1539 4281 1636 4352 cuius
1653 4281 1777 4352 haeres

220 4407 357 4482 Mrulr
385 4408 429 4481 de
456 4409 598 4482 armis'.
625 4463 633 4479 .
661 4461 668 4479 .
695 4462 703 4478 .
738 4407 779 4478 In
806 4427 874 4498 qua
901 4412 982 4479 sunt
1008 4406 1101 4478 lanei
1128 4404 1382 4496 emethonales,
1409 4404 1452 4476 de
1480 4403 1604 4495 quibus
1632 4401 1811 4473 solvitur·
1911 4414 1915 4422 “

217 4530 356 4604 decima
383 4530 607 4622 manipularis
634 4535 670 4601 et
697 4529 871 4621 canapalis
898 4527 1062 4601 ecclesiae
1081 4533 1117 4600 et
1135 4527 1209 4600 eius
1227 4527 1376 4619 plebano
1395 4526 1431 4598 in
1448 4523 1777 4613 Dalesehyoze
1861 4555 1867 4564 ·

221 4653 324 4726 cuius
350 4653 449 4726 valor
475 4653 678 4725 aestimator
706 4651 751 4724 ad
778 4656 927 4743 quatuor
953 4671 1099 4724 marcas.

328 4775 642 4866 Konnczowrczn,
669 4773 753 4846 nilla
787 4775 851 4846 snb
887 4773 1052 4866 parochia
1087 4773 1130 4844 do
1160 4771 1184 4843 J
1194 4791 1344 4862 anyna
1369 4771 1454 4859 sita,
1482 4768 1579 4839 cuius
1605 4766 1796 4851 haeredes¹

222 4894 413 4989 Jolnaunes,
442 4951 449 4967 .
476 4951 484 4968 .
512 4949 520 4968 .
546 4895 947 4986 Kolaczkowsczy,
974 4895 1020 4966 de
1044 4894 1151 4965 armis
1178 4945 1186 4964 .
1214 4947 1222 4963 .
1249 4947 1257 4962 .
1296 4891 1338 4962 In
1365 4911 1434 4982 qua
1460 4892 1541 4960 sunt
1566 4889 1658 4959 lanei
1685 4894 1775 4958 cmc-

222 5019 396 5110 thonales,
423 5019 465 5090 dc
493 5019 617 5110 quibus
644 5019 803 5090 omnibus
831 5017 925 5108 agris
952 5015 1227 5088 emethonalibus
1245 5014 1394 5086 solvitur
1410 5017 1448 5084 et
1465 5010 1670 5116 conducitur
1687 5007 1780 5079 deci·

222 5160 282 5212 ma
316 5139 559 5232 manipularis,
594 5139 758 5224 ecclcsiae
795 5144 830 5210 ct
864 5138 1012 5229 plebano
1049 5137 1085 5207 in
1121 5135 1460 5226 Dalesehyoze,
1487 5132 1584 5204 cuius
1611 5130 1708 5202 valor
1735 5127 1779 5199 ad

224 5262 407 5336 duodecim
433 5281 569 5334 marcas
595 5261 808 5334 aestimatur.
1628 5330 1630 5335 ,

329 5383 527 5475 Zrnurnr,
555 5383 638 5456 villa
673 5383 738 5455 snb
774 5382 942 5473 parochia
978 5380 1144 5452 ecclesiae
1171 5379 1215 5449 dc
1242 5373 1599 5465 Sczeworzysch
1625 5373 1703 5443 sita
1738 5371 1780 5441 ln

225 5527 295 5598 qua
322 5512 405 5578 sunt
430 5506 522 5578 lanei
549 5505 793 5594 emethonales,
819 5504 863 5576 dc
891 5503 1016 5595 quibus
1043 5501 1202 5572 omnibns
1229 5499 1377 5572 solvitur
1403 5504 1440 5569 ct
1466 5495 1671 5568 conducitur
1688 5493 1780 5563 dcci-

224 5647 284 5700 ma
317 5627 543 5719 manipularis
579 5649 642 5718 pro
679 5627 824 5698 ccclesia
858 5626 893 5696 in
930 5624 1264 5714 Dalesehyoze,
1301 5623 1399 5692 cuius
1435 5619 1535 5692 valor
1561 5615 1605 5688 ad
1633 5621 1781 5706 quatuor

224 5771 362 5824 marcas
389 5749 605 5822 aestimatur.
