4550 6600
479 772 565 842 450

594 978 819 1065 Bazozown,
847 974 930 1045 villa
958 974 1022 1047 sub
1049 972 1216 1081 parochia
1242 973 1287 1046 de
1312 973 1574 1064 Polanyecz
1601 974 1681 1066 sita,
1707 974 1807 1046 cuius
1833 976 1958 1050 haeres
1982 976 2040 1048 ιι

427 1154 429 1157 -
491 1102 623 1174 ιιιιιι
658 1096 995 1189 Rithwyensky
1031 1095 1206 1188 palatinus
1241 1093 1491 1168 Gracoviensis.
1530 1097 1571 1168 Ιι
1600 1118 1668 1189 qua
1694 1103 1778 1169 sunt
1803 1118 1929 1171 novem
1953 1099 2042 1171 lanei

492 1219 744 1312 emethonales‚
777 1220 819 1291 de
847 1219 972 1311 quibus
999 1218 1148 1309 solvitur
1173 1223 1211 1291 et
1236 1218 1442 1291 conducitur
1468 1219 1602 1292 decima
1628 1219 1854 1311 manipularis
1880 1225 1919 1291 et
1944 1240 2042 1291 cana·

338 1356 342 1362 ’
489 1345 578 1437 palis
606 1364 670 1435 pro
698 1343 859 1434 episcopo
887 1340 1126 1432 Caesariensi,
1154 1342 1250 1415 cuius
1277 1341 1377 1413 valor
1402 1342 1609 1415 aestimatur
1635 1340 1682 1415 ad
1708 1363 1769 1415 sex
1795 1362 1942 1416 marcas.
1967 1340 2044 1426 Non

473 1454 545 1541 'est
570 1465 767 1558 praedium,
793 1484 905 1554 neque
932 1464 1095 1553 taberna,
1123 1484 1236 1554 neque
1261 1463 1469 1536 hortulania.
1806 1534 1810 1540 .

595 1588 783 1677 anrncz,
811 1586 893 1658 villa
920 1586 985 1657 sub
1003 1584 1171 1675 parochia
1188 1584 1232 1657 de
1248 1578 1479 1678 Pola'nyecz
1505 1586 1585 1677 sita,
1612 1587 1710 1658 cuins
1727 1586 1851 1658 haeres
1869 1585 2045 1660 Johannos

490 1707 833 1800 Rithwyensky
859 1707 1034 1797 palatinus
1061 1707 1312 1779 cracoviensis.
1339 1706 1380 1777 ln
1398 1728 1467 1799 qua
1492 1713 1575 1781 sunt
1591 1707 1759 1809 medecirn
1775 1708 1870 1780 lanei
1893 1710 2045 1781 cmetlm

491 1832 606 1922 nales,
633 1830 717 1901 item
744 1829 833 1900 duae
859 1829 1026 1901 tabernae
1062 1829 1232 1901 habentes
1259 1849 1382 1921 agroS,
1418 1830 1461 1901 de
1488 1830 1613 1922 quibus
1647 1830 1807 1902 omnibus
1833 1830 1983 1902 solvitur
2007 1837 2043 1903 et

426 1936 429 1944 ’
456 2029 459 2035 λ
484 1952 695 2026 :conducitur
721 1948 854 2023 decima
888 1949 1115 2041 manipularis
1143 1955 1180 2021 et
1205 1932 1382 2041 canapalis
1412 1971 1477 2042 pro
1504 1952 1708 2043 episcopatu
1743 1950 1985 2043 cracoviensi,
2010 1959 2046 2026 et

492 2076 591 2148 valor
617 2075 691 2146 eius
719 2073 924 2146 aestimatur
942 2072 986 2143 ad
1005 2056 1083 2144 octo
1110 2092 1254 2144 marcas.
1280 2073 1370 2145 Item
1396 2078 1452 2146 est
1476 2073 1527 2145 ibi
1553 2073 1729 2164 scoltetia,
1755 2073 1800 2146 de
1826 2074 1926 2147 cuius
1950 2075 2045 2166 agris

482 2198 641 2271 solvitur
668 2195 803 2268 decima
827 2194 1053 2285 manipularis
1072 2194 1238 2267 ecclesiae
1264 2195 1301 2267 in
1327 2195 1566 2288 Polanyecz.
1592 2195 1682 2269 Item
1700 2216 1769 2269 non
1787 2201 1842 2269 ιιι
1858 2196 2045 2287 praedium,

496 2340 560 2392 nec
585 2318 813 2391 hortulaniae.
1772 2335 1779 2346 ’

597 2440 807 2531 Zerninus,
835 2438 917 2510 villa
945 2438 1008 2510 sub
1035 2438 1202 2529 parochia
1228 2438 1272 2511 de
1291 2438 1560 2545 ¹Polanvecz
1587 2439 1675 2530 sita,
1711 2440 1810 2511 cuins
1835 2440 1961 2511 haeres
1985 2439 2045 2512 lo

494 2564 626 2635 hannes
653 2560 989 2653 Rithvyenslry
1025 2557 1200 2649 palatinus
1236 2558 1485 2634 Cracoviensis.
1520 2561 1561 2632 In
1589 2582 1658 2653 qua
1683 2567 1767 2634 sunt
1797 2566 1932 2652 septem
1957 2561 2046 2633 lanei

483 2684 747 2774 cmethonales,
775 2683 818 2755 de
845 2682 969 2773 quibus
997 2681 1144 2755 solvitur
1170 2687 1208 2753 et
1233 2683 1440 2764 conducitur
1471 2684 1604 2756 decima
1629 2683 1857 2775 manipularis
1884 2688 1922 2755 et
1947 2704 2045 2755 cana-

494 2807 584 2899 palis
610 2828 674 2898 pro
702 2806 903 2898 episcopatu
930 2803 1171 2894 cracoviensi,
1199 2805 1296 2878 cuius
1322 2806 1421 2878 valor
1448 2805 1493 2878 ad
1520 2812 1671 2897 quatuor
1705 2826 1851 2879 marcas.
1886 2804 1968 2878 Non
1994 2811 2068 2903 est0

494 2929 684 3023 praedium,
711 2948 775 3001 nec
797 2928 954 3017 taberna,
981 2946 1045 2998 nec
1070 2926 1278 2999 hortulania

598 3051 855 3140 LvuscfflozA,
889 3049 973 3122 villa
1008 3048 1072 3120 sub
1099 3050 1267 3139 parochia
1302 3049 1346 3122 de
1371 3049 1635 3142 Polanyecz
1671 3049 1756 3141 sita,
1791 3048 1891 3122 cuius
1926 3050 2046 3121 haeres

495 3173 673 3246 Johannes
700 3171 881 3243 Nossek
918 3170 1125 3261 Turszky
1152 3170 1196 3243 de
1223 3170 1325 3243 domo
1355 3171 1537 3244 Janina
1580 3172 1622 3243 In
1648 3187 1718 3264 qna
1743 3172 1814 3245 dno
1839 3172 1933 3244 lanei
1959 3192 2046 3244 cmc·

485 3294 665 3384 thonaleS,
693 3293 736 3366 de
763 3292 889 3385 quibus
918 3292 1066 3366 solvitur
1093 3296 1130 3364 et
1157 3292 1362 3366 conducitur
1397 3293 1531 3366 decima
1555 3294 1783 3386 manipularis
1809 3300 1847 3368 et
1872 3293 2046 3385 canapalis

496 3437 560 3508 pro
597 3415 743 3488 ecclesia
778 3415 815 3486 in
850 3415 1130 3507 Polanyecz,
1175 3415 1274 3488 caius
1309 3416 1409 3489 valor
1444 3415 1649 3490 aestimatur
1675 3415 1721 3489 ad
1745 3437 1851 3497 unam
1887 3435 2047 3488 marram

487 3539 584 3611 'Item
612 3537 789 3632 praedium
816 3557 885 3610 non
912 3543 975 3629 est
1002 3559 1066 3610 nec
1091 3538 1252 3629 acerna,
1278 3558 1391 3629 neque
1416 3519 1626 3611 hortularia

601 3661 750 3733 Tussno
772 3659 916 3762 Moron,
944 3660 1028 3732 villa
1054 3660 1119 3733 sub
1146 3660 1314 3752 parochia
1340 3659 1384 3732 de
1409 3660 1669 3754 Polauyeoz
1696 3660 1774 3752 sila
1801 3661 1901 3733 coins
1928 3660 2047 3733 haere

433 3868 436 3876 Α
497 3783 558 3856 des
585 3783 763 3855 Johannes
790 3782 970 3854 Nossek
997 3787 1033 3855 et
1059 3768 1257 3874 Spithek
1284 3782 1447 3873 dedomo
1474 3783 1637 3856 danina
1672 3783 1802 3876 Inqna
1819 3788 1903 3854 sunt
1927 3803 2047 3855 novem

496 3906 590 3978 lanei
616 3911 707 3976 emet
691 3905 923 3997 thonales‚t
896 3905 978 3976 item
1008 3904 1076 3978 duo
1104 3905 1250 3997 praedia
1274 3905 1461 3998 militaria,¹
1492 3906 1537 3978 de
1564 3907 1689 3997 quibus
1716 3905 1876 3978 omnibns
1903 3905 2048 3977 solvitur

497 4027 763 4102 etconducitur
790 4027 922 4101 decima
949 4027 1176 4118 manipularis
1194 4031 1231 4098 et
1247 4027 1442 4119 canapalis‚
1468 4050 1533 4120 pro
1551 4029 1734 4158 ecclesia
1722 4051 1760 4100 ιι
1777 4027 1926 4102 Ροιιι
1939 4050 2044 4122 year

500 4149 661 4224 etvalor
687 4149 762 4222 eius
789 4149 834 4222 ad
861 4150 978 4222 decem
1003 4169 1140 4222 marcas
1167 4149 1381 4248 aestimatur.
1648 4166 1651 4168 ’

600 4271 729 4362 Ιιιιι,
756 4271 839 4343 villa
866 4271 930 4344 snb
948 4271 1113 4361 parochia
1140 4271 1184 4342 de
1209 4241 1466 4363 Polanyecz
1492 4273 1569 4362 sila⁷
1597 4272 1695 4345 cuias
1720 4273 1846 4346 haeres
1871 4194 2097 4346 lohannes

385 4429 387 4434 v
496 4393 830 4485 Rithvyensky
856 4394 962 4485 palat
954 4415 1031 4466 anus
1050 4391 1300 4466 cracoviensis.
1327 4394 1368 4464 In
1396 4415 1464 4486 qua
1490 4399 1572 4467 sunt
1599 4401 1751 4486 quatuor
1776 4396 1871 4468 lanei
1897 4398 2046 4468 cmetho

497 4516 605 4608 nales,
633 4515 676 4588 de
704 4515 828 4606 quibus
857 4515 961 4588 solvit
946 4521 1067 4586 turet
1051 4514 1299 4588 tconducitur
1325 4515 1460 4588 decima
1485 4517 1712 4608 manipularis
1729 4523 1766 4590 ιι
1782 4505 1959 4610 canapalis
1985 4540 2045 4611 pro

488 4641 700 4730 ,episcopata
727 4634 967 4727 Gracoviensi,
994 4642 1030 4708 et
1014 4636 1155 4708 tvalor
1181 4637 1256 4708 eius
1283 4637 1489 4710 aestimatur
1515 4639 1560 4712 ad
1585 4643 1659 4712 tres
1685 4660 1831 4712 marcas.

599 4739 804 4850 Ιιιιιιιι,
831 4759 914 4832 villa
941 4760 1005 4830 sub
1031 4743 1198 4848 parochia
1223 4757 1267 4830 de
1293 4757 1553 4853 Polanyecz
1584 4761 1671 4852 sita,
1707 4763 1805 4836 cuias
1832 4763 1959 4835 haeres
1984 4762 2044 4835 ιι

490 4883 628 4956 ιιιιιι
655 4883 732 4954 Rit
716 4881 992 4975 thwyensky
1018 4879 1124 4972 palat
1115 4901 1193 4952 nnus
1221 4879 1470 4955 cracoviensis
1496 4883 1538 4955 In
1557 4905 1626 4976 qna
1643 4889 1725 4956 sunt
1750 4884 1932 4957 duodecim
1957 4886 2045 4957 lanei

488 5005 747 5094 ‘cmethonalea
783 5004 867 5076 item
895 5025 964 5076 una
997 5002 1160 5092 taberna,
1195 5001 1279 5074 item
1305 5024 1376 5076 una
1401 4999 1618 5095 neomenia,
1653 5006 1823 5078 habentes
1848 5027 1971 5098 agros,
2004 5006 2045 5078 de

496 5128 621 5219 quibus
649 5126 797 5198 solvitur
823 5125 956 5222 decima
982 5123 1210 5215 manipularis
1237 5126 1274 5196 ιι
1295 5126 1471 5217 canapalis
1496 5148 1562 5218 pro
1588 5127 1792 5219 episcopatu
1818 5127 2044 5216 cracoviensi

488 5255 532 5322 -ιι
558 5249 658 5322 valor
684 5249 758 5320 eius
785 5247 830 5320 ad
857 5252 935 5319 octo
962 5267 1097 5318 mareas
1125 5246 1339 5319 aestimatur.
1365 5247 1552 5321 Praedium
1578 5249 1628 5321 ibi
1655 5271 1726 5322 non
1752 5256 1816 5322 est

490 5401 492 5409 v
600 5370 755 5461 Sonans,
782 5370 867 5442 villa
893 5370 956 5441 sub
984 5367 1150 5460 parochia
1176 5367 1220 5440 de
1247 5364 1510 5464 Polanyecz
1538 5351 1615 5463 sila
1642 5373 1741 5458 cuius
1755 5373 1892 5445 'haeres
1917 5372 2043 5445 lohan-

482 5511 557 5567 nes
593 5493 934 5585 Rithvyenslry
978 5490 1151 5582 palatinus
1196 5489 1445 5566 Graeoviensis.
1493 5494 1535 5566 In
1571 5513 1639 5586 qua
1672 5499 1754 5566 sunt
1788 5500 1923 5587 septem
1956 5495 2043 5567 lanei

488 5613 739 5706 emethonales,
766 5613 809 5686 de
830 5605 962 5707 'quibus
979 5612 1126 5686 solvitur
1155 5618 1192 5686 ιι
1205 5615 1411 5690 conducitur
1424 5614 1559 5690 decima
1583 5615 1811 5709 manipularis
1825 5617 2041 5709 etcanapalis
