4550 6600
475 668 550 743 298

472 876 527 947 sui
553 894 768 947 successores
794 894 858 963 pro
884 877 1056 967 tempore,
1084 871 1213 943 debent
1239 878 1275 943 et
1302 872 1513 945 tenebuntur
1540 876 1756 965 praedictam
1782 880 1963 951 ecclesiam
1987 884 2022 955 in

471 994 761 1067 Przeczslavv
796 992 912 1065 debite
948 997 984 1064 et
1019 992 1164 1063 honeste
1191 994 1398 1082 praesertim
1424 995 1460 1064 in
1487 996 1560 1066 ritu
1587 998 1868 1071 cultusbomini
1894 1022 2023 1094 regere,

473 1138 514 1189 ac
539 1113 639 1188 bona‘
657 1118 692 1185 et
718 1119 909 1205 proventus
935 1114 1046 1203 ipsius
1073 1116 1117 1184 ab
1146 1114 1305 1186 omnibus
1332 1115 1468 1187 iniuriis
1495 1122 1533 1187 et
1558 1118 1746 1191 insultibus
1773 1122 1809 1191 in
1836 1123 1964 1195 indicio
1990 1133 2026 1197 et
2146 1147 2147 1184 r

472 1242 583 1326 extra,
610 1236 715 1307 etiam
741 1236 885 1326 propria
911 1236 947 1307 in
974 1256 1124 1327 persona
1151 1242 1189 1307 et
1215 1238 1376 1327 expensis
1396 1239 1677 1331 quotiescumque
1695 1262 1783 1331 opus
1803 1242 1921 1335 fuerit,
1939 1251 2026 1319 stre-

469 1378 537 1429 nue
564 1361 600 1428 et
626 1356 812 1446 diligenter
837 1358 939 1447 tueri,
966 1361 1003 1428 et
1030 1346 1224 1447 defendere,
1251 1357 1393 1429 decimis
1420 1365 1457 1431 et
1483 1362 1710 1449 proventibus
1737 1365 1887 1437 alterins
1915 1370 2024 1457 partis
2146 1377 2147 1426 ἲ

469 1478 635 1551 ecclesiae
661 1474 837 1567 praefatae
863 1477 1040 1549 ministros
1058 1479 1265 1550 solariando.
1293 1479 1448 1567 Quorum
1467 1483 1685 1555 collationem
1704 1492 1741 1557 et
1758 1487 2022 1577 iuspatronatns

470 1597 515 1671 ad
532 1596 726 1689 praefatum
753 1598 928 1671 dominnm
956 1599 1167 1671 Stanislaum
1186 1600 1392 1690 Liganza
1418 1609 1454 1673 ct
1473 1624 1554 1675 snos
1572 1626 1789 1679 successores
1809 1610 1947 1699 quoties
1965 1633 2023 1683 va·

470 1720 602 1793 caverit
628 1720 755 1811 aliqua,
781 1719 939 1792 volumus
966 1721 1164 1811 pertinere;
1193 1722 1274 1793 item
1301 1722 1393 1812 qnod
1420 1726 1568 1814 amplius
1595 1733 1631 1797 ct
1650 1728 1686 1797 in
1704 1734 1809 1801 antea
1827 1730 2023 1805 habeantur

470 1846 507 1912 et
533 1845 719 1913 teneantur
744 1847 818 1913 tres
845 1841 1070 1913 mansionarii
1096 1844 1289 1932 perpetui,
1306 1866 1451 1933 quorum
1478 1847 1610 1935 primus
1636 1850 1840 1941 principalis
1858 1853 2023 1925 decimam
2146 1899 2147 1940 r

348 1946 355 1955 ’
469 1962 718 2053 manipularem
744 1983 821 2034 cum
849 1962 920 2035 suis
947 1963 1144 2035 attinentiis
1170 1970 1250 2054 post
1276 1986 1379 2055 agros
1407 1967 1558 2039 omnium
1584 1974 1622 2040 et
1647 1970 1862 2061 singulorum
1881 1977 2023 2065 oppida·
2146 2047 2147 2056 ,

470 2103 594 2155 norum
630 2083 748 2175 oppidi
781 2084 1091 2174 Przeczslaw,
1120 2106 1197 2157 cum
1223 2091 1325 2176 prato
1349 2087 1472 2159 domus
1498 2110 1582 2160 suae
1609 2092 1790 2186 contiguo,
1815 2096 1912 2167 alter
1941 2120 2022 2170 vero

467 2204 721 2277 mansionarius
756 2206 793 2276 in
828 2204 918 2277 villis
954 2205 1223 2297 Lyssalrow,
1261 2208 1298 2277 iu
1333 2208 1622 2301 Kosczelow,
1650 2213 1686 2284 in
1713 2236 1822 2304 parva
1848 2218 2022 2291 Dolcza

467 2330 549 2417 post
582 2345 701 2397 omncs
741 2346 844 2415 agros
879 2325 1029 2399 decimas
1065 2328 1298 2418 manipulares
1333 2331 1520 2403 earundem
1555 2333 1735 2426 villarum;
1773 2340 1901 2413 tertius
1939 2364 2021 2415 vero

470 2446 722 2519 mansionarius
762 2467 901 2519 censum
942 2448 1092 2539 quinque
1131 2470 1326 2523 marcarum
1365 2452 1403 2523 in
1438 2453 1566 2543 oppido
1602 2455 1911 2553 Przeczslavv,
1946 2472 2025 2554 post

450 2565 589 2642 'omnes
626 2588 728 2658 agros
765 2568 917 2640 eiusdem
954 2570 1072 2661 oppidi
1100 2592 1163 2661 per
1190 2572 1336 2643 eundem
1363 2572 1540 2645 dominum
1567 2576 1779 2651 Stanislaum
1804 2582 2025 2675 Lyganza

469 2688 692 2779 assignatum,
720 2694 756 2760 et
783 2688 950 2761 decimam
976 2692 1228 2781 manipularem
1255 2698 1334 2783 post
1352 2695 1469 2766 villam
1487 2697 1662 2771 Dolcza
1688 2702 1818 2775 babere
1836 2706 2023 2799 debebunt,
2143 2758 2148 2770 ·

468 2830 537 2881 una
557 2830 641 2886 ,cum
667 2810 759 2882 areis
786 2816 823 2881 et
849 2811 1016 2903 domibus,
1044 2835 1107 2903 pro
1136 2816 1292 2903 quolibet
1319 2837 1439 2888 eorum
1466 2839 1623 2893 seorsum
1650 2826 1836 2915 assignatis
1863 2835 1902 2901 et
1923 2852 2023 2920 prae-

467 2930 613 3021 paratis,
638 2931 851 3021 temporibus
877 2938 1045 3022 perpetuo
1074 2934 1272 3025 duraturis;
1299 2938 1367 3027 ita,
1395 2940 1486 3029 quod
1512 2942 1689 3031 praefatus
1716 2944 1829 3019 Adam
1856 2949 2022 3039 plebanus

468 3055 504 3122 et
530 3052 585 3123 sui
611 3072 828 3124 successores
854 3072 918 3142 pro
946 3059 1102 3144 tempore
1130 3056 1279 3146 plebani,
1299 3058 1385 3130 duos
1404 3060 1553 3135 vicarios
1570 3066 1747 3139 manuales
1765 3090 1908 3143 servare
1927 3079 2021 3145 tene-

443 3170 615 3261 buntur,
642 3192 728 3262 quos
764 3172 981 3246 solariabunt
1015 3175 1135 3263 modo,
1173 3199 1240 3266 quo
1272 3183 1437 3268 poterunt
1470 3184 1625 3275 meliori,
1651 3208 1716 3277 pro
1743 3212 1892 3280 quorum
1921 3196 2022 3267 unius

467 3290 595 3364 solario
623 3290 706 3364 dare
732 3292 917 3384 tenebitur,
944 3301 1006 3367 aut
1032 3294 1200 3370 decimam
1226 3302 1476 3392 manipularem
1502 3313 1582 3396 post
1600 3309 1718 3381 villam
1736 3311 2020 3410 Lathoschv·

466 3411 571 3502 nek,
598 3418 660 3484 aut
694 3417 775 3486 octo
811 3435 945 3488 marcas
981 3420 1171 3491 communis
1207 3423 1390 3515 pecuniae,
1427 3425 1529 3499 alteri
1562 3436 1730 3520 qnantum
1757 3434 1824 3508 sibi
1851 3437 2021 3527 placuerit

466 3533 678 3623 consignare.
714 3533 801 3606 Item
836 3537 1002 3628 magister
1038 3540 1196 3632 scholae,
1223 3544 1320 3616 cuins
1346 3548 1500 3637 provisio
1527 3551 1572 3623 ad
1598 3553 1783 3642 plebanum
1810 3559 2016 3654 pertinebat,

465 3653 608 3726 habebit
634 3655 801 3728 decimam
829 3659 1077 3750 manipularem
1105 3671 1185 3754 post
1211 3687 1316 3756 agros
1342 3671 1480 3742 scolteti
1506 3673 1542 3744 in
1571 3675 1654 3746 villa
1679 3676 1940 3774 Tuschyua,
1966 3689 2018 3756 eni
2067 3781 2072 3794 Ι

465 3775 571 3846 etiam
597 3776 765 3866 plebanus
793 3786 942 3871 quatuor
968 3803 1103 3858 marcas
1130 3788 1230 3859 antris
1250 3790 1395 3880 singulis
1411 3793 1506 3865 ultra
1525 3795 1691 3870 decimam
1711 3801 1905 3889 praefatam
1924 3812 2017 3880 tene-
2114 3871 2117 3881 .

464 3894 560 3967 bitur
586 3897 773 3990 assignare,
800 3900 1015 3976 offertorium
1042 3927 1125 3980 vero
1153 3910 1318 3982 ecclesiae
1345 3913 1533 4006 praefatae,
1553 3919 1792 4012 quodcumque
1811 3929 2017 4019 provenerit,

462 4033 540 4086 cum
557 4018 704 4090 caeteris
720 4019 821 4091 iustis
848 4027 884 4094 et
900 4023 1063 4114 legitimis
1082 4028 1325 4121 oblationibus
1343 4036 1479 4125 aequali
1498 4039 1685 4128 partitione
1704 4043 1797 4116 inter
1814 4046 2013 4138 plebanum,

463 4136 725 4228 mansionarios,
743 4140 892 4215 vicarios
911 4149 947 4215 et
965 4147 1168 4236 magistrum
1186 4152 1325 4225 scholae
1348 4156 1515 4230 ecclesiae
1533 4160 1696 4254 eiusdem,
1719 4164 1912 4241 dividetur:
1937 4173 2016 4244 item

463 4255 642 4346 praefatus
669 4258 782 4330 Adam
808 4263 976 4352 plebanus
1003 4273 1040 4338 et
1067 4271 1120 4342 sui
1147 4293 1364 4349 successores
1391 4300 1455 4369 pro
1482 4287 1648 4374 tempore,
1670 4307 1740 4358 una
1765 4309 1842 4362 cunr
1868 4296 2015 4373 mansio

462 4377 571 4449 nariis
608 4382 643 4450 et
678 4381 818 4453 vicariis
854 4389 889 4455 et
924 4390 1089 4478 magistro
1127 4394 1283 4486 scholae,
1311 4419 1352 4470 ae
1387 4401 1494 4473 etiam
1531 4405 1748 4482 scholaribus
1776 4413 1812 4482 in
1838 4417 2016 4504 praedicta

463 4498 610 4570 ecclesia
636 4499 672 4572 in
700 4500 1000 4600 Przeczslavv,
1028 4511 1156 4588 debent
1183 4523 1218 4589 et
1236 4521 1448 4594 tenebuntur
1467 4525 1613 4616 singulis
1631 4529 1753 4604 diebus
1772 4554 1892 4608 omnes
1910 4538 2013 4612 horas

461 4617 535 4690 sive
562 4640 700 4694 cursum
728 4623 770 4695 de
798 4624 909 4700 Beata
935 4621 1050 4704 Maria
1077 4633 1223 4726 Virgine
1251 4646 1286 4711 et
1313 4642 1453 4729 missam
1480 4652 1651 4722 maturam
1670 4650 1713 4724 de
1731 4653 1843 4727 Beata
1861 4657 2014 4751 Virgine,

462 4759 621 4830 magnam
647 4765 731 4816 vero
758 4747 899 4822 missam
927 4751 970 4824 de
997 4759 1164 4847 tempore,
1192 4765 1228 4832 et
1255 4771 1506 4855 consequenter
1533 4791 1697 4862 vesperas
1724 4781 1761 4847 et
1786 4776 1891 4852 Salve
1909 4781 2011 4872 Regi·

462 4878 507 4930 na
533 4863 638 4934 etiam
666 4865 810 4958 singrdis
838 4870 970 4966 diebus,
997 4879 1186 4952 matutinas
1214 4887 1329 4954 autem
1356 4886 1528 4962 duntaxat
1553 4893 1590 4962 in
1615 4893 1864 4972 festivitatibus
1892 4903 2013 4976 solem-

461 4980 573 5072 nibus,
601 4989 743 5059 cantare
770 4995 806 5061 et
833 4991 1018 5084 diligenter
1045 5005 1081 5071 et
1108 5001 1233 5075 devote
1259 5005 1408 5082 Donino
1427 5011 1615 5088 adiuvante
1633 5018 1793 5109 explere3
1821 5021 1904 5095 item
1923 5026 2013 5116 quod

460 5100 628 5190 plebanus
664 5107 817 5182 eiusdem
852 5115 1017 5190 ecclesiae
1054 5123 1259 5217 quicumque
1294 5127 1401 5204 fuerit
1438 5154 1501 5224 pro
1538 5143 1712 5231 tempore,
1748 5163 1866 5216 omnes
1895 5167 1953 5218 res
1977 5154 2013 5220 et

460 5223 623 5309 pecunias
651 5249 874 5325 quaecunque
901 5235 1031 5312 inerint
1056 5241 1172 5334 legata
1197 5251 1505 5347 testamentalitcr,
1533 5279 1595 5331 seu
1621 5262 1726 5334 etiam
1752 5263 1881 5338 donata
1906 5269 2011 5348 eecle-

461 5338 534 5412 siae
560 5345 769 5444 praedictae,
797 5373 837 5426 ac
864 5357 969 5430 etiam
996 5366 1161 5452 pecunias
1179 5373 1358 5448 occasione
1377 5378 1578 5469 sepulturae
1595 5383 1850 5460 ecclesiastieae
1867 5389 2010 5482 debitas,

462 5455 566 5534 debet
600 5465 785 5560 diligenter
820 5481 856 5550 et
891 5477 1041 5556 fideliter
1076 5490 1217 5580 exigere
1252 5501 1288 5568 et
1323 5499 1506 5593 colligam,
1533 5504 1695 5597 ipsasque
1726 5508 1763 5580 in
1789 5531 1860 5584 nna
1885 5511 2009 5602 ladula,
