4550 6600
456 760 505 828 46

457 965 636 1037 Iohannes
672 964 843 1054 Michael,
870 963 1048 1036 Iohannes
1084 969 1121 1034 et
1147 964 1325 1034 lohannes
1359 962 1403 1031 16
1430 962 1535 1031 armis
1563 1013 1748 1050 ........
1780 961 1820 1030 in
1851 979 1927 1050 qua
1953 963 2036 1029 sunt

458 1086 550 1156 lanei
577 1086 825 1174 cmethonales,
863 1086 948 1155 item
975 1085 1170 1173 hortulani,
1198 1084 1281 1154 item
1309 1082 1464 1153 taberna.
1504 1083 1593 1152 Item
1619 1083 1668 1152 ibi
1696 1087 1860 1172 quatuor
1888 1079 2037 1169 praedia

458 1207 643 1296 militaria,
671 1207 714 1277 de
743 1227 888 1295 quorum
916 1207 1010 1295 agris
1037 1206 1185 1277 solvitur
1212 1204 1345 1276 decima
1371 1204 1597 1292 manipularis
1623 1223 1687 1293 pro
1715 1202 1877 1274 ecclesia
1905 1207 1945 1272 et
1963 1201 2035 1291 ple-

458 1328 549 1398 bano
577 1328 651 1397 eius
678 1327 714 1396 in
742 1326 1028 1417 Trzebynya.

562 1447 897 1535 Mrsnuonowrczm
925 1448 1007 1519 villa
1034 1449 1098 1519 sub
1125 1446 1290 1537 parochia
1317 1447 1360 1516 de
1388 1445 1665 1535 Trzebynya
1691 1445 1780 1534 sita,
1812 1443 1922 1514 cuius
1951 1443 2035 1512 hae-

461 1590 517 1639 res
546 1569 705 1639 Andreas
734 1567 1073 1660 Thanczynsky
1110 1568 1152 1638 de
1180 1568 1280 1638 domo
1307 1566 1630 1656 Bippennium,
1657 1565 1693 1634 in
1721 1585 1792 1654 qua
1823 1569 1915 1634 sunt
1943 1564 2035 1634 lanei

461 1688 714 1777 6661166166,
742 1687 785 1759 16
805 1689 928 1778 quihus
947 1689 1093 1759 solvitur
1112 1689 1243 1760 decima
1261 1689 1297 1758 in
1317 1686 1548 1757 Slawlrow.
1588 1687 1677 1756 Item
1695 1691 1749 1756 est
1766 1686 1822 1756 ibi
1842 1685 2034 1775 praedium

460 1811 621 1899 militare,
641 1809 683 1880 de
703 1809 799 1879 euius
818 1811 911 1900 agris
931 1810 1078 1881 solvitur
1097 1810 1230 1880 decima
1248 1807 1474 1897 manipularis
1493 1807 1657 1877 ecclesiae
1675 1807 1711 1876 in
1731 1806 2034 1896 Trzehynya

538 1930 855 2036 1666661666,
882 1931 966 2001 uilla
994 1932 1057 2001 sub
1084 1929 1250 2019 parochia
1277 1928 1319 1998 de
1347 1904 1628 2019 Trzehynya
1654 1927 1742 2016 sita,
1770 1927 1878 1996 cqus
1907 1926 2034 1996 haeres

460 2053 637 2123 Iohannes
664 2051 974 2141 IlIlossowsky
1001 2050 1043 2122 de
1071 2051 1178 2121 armis
1205 2104 1337 2138 ......
1364 2049 1400 2117 in
1428 2068 1497 2138 qua
1532 2053 1614 2118 sunt
1640 2048 1731 2118 lanei
1769 2046 2032 2135 cmethonales

461 2172 504 2242 de
532 2173 655 2262 quibus
684 2171 829 2241 solvitur
859 2176 895 2242 et
922 2170 1124 2241 conducitur
1152 2170 1286 2240 decima
1312 2169 1537 2259 manipularis
1563 2173 1600 2238 et
1627 2168 1804 2257 canapalis
1834 2189 1907 2258 pro
1935 2188 2033 2238 man-

462 2293 623 2362 sionariis
651 2289 946 2362 Gracoviensibus

566 2412 753 2501 Dacorum,
780 2412 864 2482 villa
882 2413 945 2483 sub
963 2411 1129 2502 parochia
1156 2411 1198 2482 de
1217 2410 1300 2481 Trz
1313 2412 1493 2502 ebynya
1519 2411 1596 2500 sita,
1614 2399 1910 2482 cuius'haeredes
1929 2410 2029 2481 nobi·

463 2532 514 2602 les
542 2532 584 2602 de
604 2533 709 2604 armis
736 2532 758 2603 J
768 2533 986 2622 unoscha,
1014 2533 1049 2602 in
1069 2553 1137 2622 qua
1155 2538 1236 2602 sunt
1254 2532 1345 2602 lanei
1372 2532 1624 2621 cmethonaleS,
1652 2532 1846 2622 dequibus
1876 2531 2030 2602 solvitur

463 2658 499 2724 et
525 2653 729 2724 conducitur
765 2654 897 2724 decima
924 2654 1148 2744 manipularis
1176 2659 1211 2724 et
1238 2653 1413 2743 canapalis
1440 2653 1606 2723 ecclesiae
1638 2655 1674 2722 in
1702 2706 1817 2722 .....
1857 2654 1953 2723 Item
1981 2649 2029 2720 ibi

462 2780 543 2846 sunt
569 2775 714 2865 praedia
740 2775 924 2867 militaria,
958 2774 1001 2847 de
1029 2797 1174 2866 quorum
1203 2775 1296 2865 agris
1323 2774 1455 2844 decima
1481 2773 1706 2864 manipularis
1734 2773 1890 2845 solvitur
1919 2772 2027 2844 eccle·

462 2898 534 2969 siae
560 2897 595 2968 in
624 2896 874 2988 Trzebyna.

565 3018 741 3107 166666,
777 3018 860 3088 villa
878 3019 942 3089 suh
960 3017 1125 3106 parochia
1146 3015 1188 3085 do
1207 3014 1481 3106 Trachynya
1507 3016 1592 3105 sita,
1619 3016 1717 3086 cuius
1734 3016 1865 3088 haeres
1893 3015 2028 3087 161166-

462 3159 524 3208 nes
552 3137 858 3227 Mlossowshy
894 3137 937 3207 16
975 3133 1080 3206 armis
1108 3190 1240 3224 ......
1267 3136 1400 3225 inqua
1435 3140 1516 3207 sunt
1551 3136 1642 3206 lanei
1678 3137 1942 3226 emethonaleS‚
1981 3133 2023 3205 de

463 3258 587 3348 quibus
615 3257 762 3329 soluitur
800 3263 835 3329 61
861 3257 1065 3330 conducitur
1092 3257 1225 3328 166166
1262 3257 1485 3347 manipularis
1513 3262 1548 3328 et
1575 3258 1750 3348 canapalis
1778 3279 1846 3349 pro
1876 3255 2025 3330 ecclesIa

463 3384 499 3448 61
525 3377 671 3467 plebano
707 3379 743 3448 in
769 3378 1051 3450 Kosczelecz
1087 3399 1196 3469 prope
1232 3376 1495 3449 chrzanow.
1529 3379 1622 3449 ‘Item
1659 3385 1714 3450 est
1749 3380 1798 3491 ibi
1833 3380 2023 3470 praedium

365 3596 375 3607 .
464 3520 567 3569 unum
595 3499 764 3589 militare,
800 3500 842 3571 de
870 3500 966 3571 cuius
994 3500 1087 3591 agris
1115 3500 1263 3571 solvitur
1290 3500 1422 3570 decima
1447 3520 1511 3591 pro
1539 3501 1685 3572 ecclesia
1710 3500 1746 3571 in
1766 3501 2023 3593 Trzehynya

1168 3620 1307 3691 Pnonu.

566 3726 678 3831 Villa,
705 3741 837 3813 habens
864 3742 899 3811 in
923 3762 961 3813 se
987 3742 1221 3832 parochialem
1248 3743 1427 3813 ecclesiam
1453 3742 1569 3833 lapide
1595 3748 1787 3833 muratam,
1814 3749 1851 3814 et
1872 3744 2021 3816 Sanctae

462 3862 596 3934 Mariae
624 3862 762 3953 Virgini
789 3862 1059 3953 gloriosissimae
1086 3864 1245 3953 dIcatam‚
1273 3864 1370 3934 cuius
1397 3865 1519 3934 haeres
1546 3885 1610 3953 pro
1629 3884 1698 3935 una
1724 3870 1824 3954 parte
1852 3864 2018 3935 Andreas

462 3984 807 4075 Thanczynshy‚
844 4004 907 4073 pro
932 3984 1047 4054 altera
1073 4005 1157 4054 vero
1184 3984 1360 4055 lohannes
1387 3984 1621 4075 Ploczshy‚
1658 3985 1701 4055 de
1728 3986 1834 4056 armis
1983 3983 2018 4051 in

463 4126 531 4194 qua
558 4110 639 4175 sunt
666 4104 756 4175 lanei
783 4105 1026 4195 cmethonales‚
1053 4106 1137 4175 item
1164 4102 1350 4194 hortulani,
1377 4106 1460 4175 item
1478 4105 1663 4195 tabernae,
1692 4106 1881 4197 dequibus
1908 4102 2019 4178 omni-

461 4227 526 4297 hus
553 4224 700 4296 solvitur
727 4230 763 4296 et
781 4226 985 4297 conducitur
1012 4225 1146 4296 decima
1172 4226 1396 4316 manipularis
1415 4226 1580 4296 ecclcsiae
1607 4228 1644 4297 in
1671 4227 1850 4318 Ilkusz,
1878 4230 2020 4319 praeter

461 4353 575 4417 tamen
612 4332 759 4437 quatuor
794 4347 929 4437 laneos,
966 4347 1009 4417 16
1045 4348 1169 4437 quibus
1203 4347 1337 4417 decima
1372 4347 1464 4417 cedit
1490 4348 1664 4418 ecclesiae·
1682 4370 1763 4419 suae
1790 4350 1827 4419 in
1854 4349 1972 4420 Ploh
1987 4365 2017 4435 y.

462 4469 548 4538 Item
575 4468 755 4559 praedium
782 4522 896 4538 .....
924 4468 972 4540 ibi
1000 4469 1041 4539 de
1062 4522 1178 4537 .....
1206 4469 1298 4558 agris
1327 4469 1473 4539 solvitur
1500 4469 1632 4540 decima
1657 4471 1882 4560 manipularis
1910 4468 2018 4541 eccle·

446 4590 534 4663 siae
561 4589 596 4659 in
623 4588 786 4681 Ploky;
814 4590 896 4660 item
925 4590 974 4661 ibi
1002 4590 1147 4661 eeclesia
1174 4594 1209 4661 et
1231 4590 1399 4679 plebanus
1428 4591 1501 4661 eius
1528 4591 1635 4663 habet
1661 4612 1763 4682 agros
1791 4594 1956 4682 proprios
1982 4590 2018 4657 61

461 4716 563 4802 prata
589 4732 653 4803 pro
681 4733 743 4783 suo
770 4732 836 4782 usu
863 4716 898 4782 et
924 4711 1142 4782 necessitate.

567 4831 810 4924 (1666666666,
837 4833 920 4904 villa
947 4833 1010 4904 sub
1038 4832 1204 4923 parochia
1231 4832 1273 4902 de
1291 4831 1438 4923 Ploky
1465 4833 1551 4922 sita,
1579 4834 1676 4903 cuius
1702 4835 1827 4905 haeres
1854 4834 2015 4906 Andreas

461 4954 504 5025 16
532 4954 779 5045 Thanczyn
816 4954 858 5026 de
886 4954 990 5025 armis
1017 4954 1351 5045 Bippennium,
1387 4954 1423 5023 in
1451 4974 1519 5044 qua
1546 4959 1627 5025 sunt
1652 4955 1743 5025 lanei
1774 4954 2016 5040 cmethonales‚

461 5077 541 5147 item
571 5076 746 5167 tabernae,
775 5077 857 5147 item
875 5074 1112 5166 hortulaniae,
1140 5075 1183 5146 de
1203 5076 1327 5165 quibus
1347 5075 1493 5146 solvitur
1521 5080 1557 5146 ot
1575 5076 1778 5148 conducitur
1805 5078 1938 5149 decima
1956 5130 1963 5144 .
1982 5125 2015 5142 .·

564 5197 708 5289 Psuar,
744 5197 828 5271 villa
863 5198 927 5269 sub
963 5198 1130 5287 parochia
1166 5197 1209 5268 16
1235 5196 1383 5287 Ploky
1419 5196 1503 5287 sita,
1539 5198 1636 5269 cuius
1672 5199 1796 5269 haeres
1823 5198 2014 5270 Stanislaus

461 5316 512 5387 Li
521 5338 634 5405 gaza
661 5318 703 5389 de
731 5320 836 5391 armis
864 5318 1120 5409 Polukoza,
1147 5318 1184 5389 in
1212 5340 1280 5408 qua
1308 5321 1389 5389 sunt
1414 5318 1505 5388 lanei
1532 5320 1775 5411 cmethonales‚
1802 5321 1887 5391 item
1913 5312 2032 5411 prae-'

461 5434 555 5506 dium
582 5458 688 5510 unum
705 5440 866 5533 militare,
894 5440 937 5513 de
956 5461 1023 5532 quo
1042 5446 1078 5511 et
1101 5440 1259 5512 omnihus
1277 5439 1387 5512 laneis
1405 5440 1678 5513 emethonalibus
1706 5441 1853 5514 solvitur
1880 5448 1917 5514 et
1933 5459 2012 5513 con·

463 5556 601 5629 ducitur
629 5558 762 5631 decima
788 5564 1014 5653 manipularis
1042 5567 1077 5632 ot
1104 5560 1280 5651 canapalis
1307 5583 1371 5651 pro
1399 5617 1512 5632 .....

566 5678 744 5771 Locrum,
771 5684 854 5755 villa
872 5685 936 5757 sub
955 5683 1121 5777 parochia
1140 5682 1304 5756 ecelesiae
1331 5683 1374 5755 de
1400 5683 1546 5776 Plohy
1574 5685 1656 5777 sita,
1683 5686 1719 5756 iu
1738 5706 1806 5778 qua
1824 5690 1905 5758 sunt
1922 5678 2012 5757 lanei
