4550 6600
521 734 597 805 400

519 964 578 1015 eos
605 938 795 1030 habendae,
823 941 991 1030 perpetuo
1018 938 1211 1029 laudamus,
1238 940 1459 1031 arbitramur,
1486 939 1633 1016 dicimus
1660 946 1696 1015 et
1721 962 1785 1033 per
1810 942 1900 1013 hano
1916 948 2065 1017 nostram

518 1064 726 1138 sententiam
753 1061 953 1135 arbitralem
980 1063 1263 1153 pronuntiamus;
1290 1063 1442 1135 decimas
1459 1064 1694 1155 manipulares
1711 1069 1748 1137 et
1766 1071 1979 1155 campestres
1995 1070 2066 1137 uni·
2154 1153 2155 1168 χ

517 1186 610 1261 versi
635 1185 737 1277 grani
764 1189 799 1257 et
826 1185 976 1277 seminis,
994 1190 1074 1276 post
1100 1206 1204 1277 agros
1222 1192 1260 1258 et
1277 1191 1439 1259 arat-uras
1456 1187 1573 1259 curiae
1591 1191 1628 1260 et
1644 1186 1780 1277 praedii
1797 1188 1834 1259 in
1851 1186 1905 1285 Κ]
1915 1208 2067 1277 yszou,
2154 1173 2155 1202 ¹

519 1286 682 1401 generosi
709 1307 993 1383 dominidlicolai
1019 1307 1181 1379 haeredis
1207 1308 1335 1380 debere
1361 1309 1447 1398 tolli,
1468 1312 1510 1379 ‚et
1537 1308 1669 1399 percipi
1692 1330 1756 1399 per
1772 1309 1947 1400 praefatos
1964 1309 2069 1381 domi·

516 1453 581 1504 nos
616 1430 797 1503 Nicolaum
833 1428 876 1501 de
908 1427 1336 1502 Gauluschowicze
1363 1436 1399 1501 et
1423 1429 1618 1502 Jobannem
1654 1430 1698 1503 de
1726 1426 2068 1521 Wy'elyawyesz
2154 1519 2155 1544 Χ

516 1554 682 1643 plebanos
710 1551 892 1624 alternatis
927 1552 1079 1642 vicibus,
1107 1551 1269 1642 quodque
1304 1551 1418 1625 dictus
1445 1552 1606 1625 dominus
1633 1552 1799 1626 Nicotaus
1825 1553 1870 1625 de
1896 1551 2069 1624 Gaulu-

518 1672 776 1746 sehouicze
803 1672 846 1745 ab
873 1672 939 1745 lrac
965 1671 1021 1745 die
1044 1668 1171 1745 'tribus
1197 1673 1369 1748 continuis
1396 1679 1433 1745 et
1458 1673 1606 1747 ecclesia
1631 1694 1695 1745 sua
1721 1670 2069 1745 inGawluscbe
2154 1659 2155 1666 Ν

517 1797 661 1869 wicze
696 1794 808 1885 primo
836 1794 954 1884 tollat,
980 1795 1160 1886 percipiat,
1186 1801 1224 1867 et
1249 1795 1397 1868 decimet
1423 1793 1590 1867 decimam
1616 1795 1856 1886 praelibatam,
1883 1802 1922 1867 et
1947 1802 2070 1887 quarto

461 1990 465 1995 .
518 1939 628 2009 anno,
656 1918 815 1989 dominus
842 1916 1020 1990 lohannes
1047 1917 1216 2008 plebanus
1243 1916 1287 1989 de
1313 1916 1358 1986 W
1366 1918 1656 2008 yelyawycsz
1683 1923 1718 1989 et
1744 1918 1796 1990 sic
1821 1925 2071 2009 consequenter

517 2042 617 2113 annis
651 2040 858 2132 permutatis
895 2039 980 2111 dicti
1016 2039 1146 2112 domini
1181 2039 1322 2130 plebani
1357 2044 1394 2111 et
1428 2058 1644 2111 successores
1679 2060 1799 2112 eornm
1825 2061 1891 2130 pro
1918 2045 2070 2133 tempore

517 2164 706 2235 existentes
733 2168 770 2234 et
797 2162 962 2235 ecclesiae
989 2161 1188 2253 praedictae
1215 2163 1380 2252 ipsorum,
1406 2161 1518 2233 dictas
1544 2160 1695 2233 decimas
1713 2148 1922 2252 percipiant,
1941 2162 2070 2254 tollam,

517 2292 553 2357 et
580 2284 800 2357 decimabunt
835 2283 961 2356 suturis
988 2284 1167 2375 perpetuis
1193 2284 1407 2375 temporibus
1433 2289 1470 2355 et
1496 2284 1533 2355 in
1559 2304 1703 2374 aevum,
1729 2303 1900 2377 expensas
1928 2304 2014 2357 uero
2038 2291 2071 2356 et

518 2409 693 2498 impensas
721 2405 918 2478 huiusmodi
945 2407 1036 2478 inter
1063 2407 1158 2497 ipsas
1176 2411 1295 2497 partes
1314 2406 1632 2498 quomodocumque
1649 2406 1769 2497 iactas,
1784 2428 1826 2479 ex
1839 2407 1949 2479 certis
1961 2408 2070 2480 causis

517 2530 669 2601 animum
697 2530 852 2601 nostrum
879 2528 1097 2601 moventibus
1124 2548 1396 2619 compensamus,
1423 2529 1583 2619 litesque,
1609 2527 1852 2618 dissensiones,
1871 2533 2070 2603 controuer-

516 2652 587 2723 sias
614 2654 650 2723 ct
677 2649 765 2739 odia,
792 2650 885 2721 inter
911 2649 1051 2722 eosdem
1079 2650 1236 2722 dominos
1260 2650 1444 2733 Nicolaum
1471 2655 1509 2723 et
1525 2649 1721 2723 Jobannem
1739 2650 1909 2741 plebanos
1927 2657 2072 2742 propter

517 2773 584 2845 boo
610 2777 768 2863 exortas,
789 2772 853 2843 sub
881 2793 993 2863 poena
1019 2771 1200 2862 praedicta
1226 2773 1468 2863 extinguimus,
1485 2778 1523 2843 et
1547 2773 1763 2863 perpetuum
1780 2772 1964 2845 silentium
1992 2774 2072 2863 ipsu

516 2895 700 2985 superbis
727 2894 944 2986 imponimus,
973 2915 1076 2984 quam
1104 2894 1243 2984 quidem
1270 2895 1486 2984 sententiam,
1511 2895 1841 2985 pronuntiationem,
1868 2894 2014 2967 laudum
2038 2902 2070 2966 et

516 3016 699 3089 arbitrium
727 3016 777 3087 sic
803 3020 842 3087 ut
867 3016 1105 3108 praemittitur
1131 3036 1194 3107 per
1220 3036 1285 3087 nos
1310 3014 1404 3087 facta
1421 3021 1458 3087 et
1474 3008 1690 3107 provulgata,
1707 3016 1821 3087 dictae
1840 3022 1963 3106 partes
1981 3038 2069 3088 com·

515 3139 769 3228 promittentes,
806 3137 922 3209 omnia
949 3138 1107 3228 superius
1134 3114 1330 3228 nominata,
1357 3138 1536 3209 humiliter
1562 3137 1687 3211 devote
1712 3143 1750 3209 et
1775 3130 1855 3209 cum
1880 3140 2070 3228 gratiarum

274 3264 278 3277 ⁴
384 3331 393 3345 ,
517 3258 711 3332 actionibus
746 3259 971 3350 emologsndo
999 3260 1277 3351 ratificavcrunt,
1303 3260 1608 3352 gratificarerunt,
1635 3259 1921 3352 approbaverunt
1946 3266 1985 3333 et
2009 3282 2068 3353 pro

514 3365 850 3473 ratificatis,'ratis,
877 3383 989 3474 gratis
1017 3387 1053 3454 et
1079 3383 1188 3455 firmis
1225 3383 1355 3456 babere
1382 3384 1576 3457 voluerunt
1615 3383 1657 3456 ln
1683 3403 1829 3474 quorum
1857 3384 2013 3457 omniurn
2036 3391 2069 3456 et

513 3503 726 3600 singulorum
755 3505 1026 3595 praemissorum
1052 3503 1157 3578 fidem
1183 3510 1220 3577 et
1244 3504 1456 3605 evidentiam
1483 3505 1684 3597 pleniorem,
1711 3511 1915 3596 praesentes
1934 3514 2068 3581 nostum

515 3626 652 3700 litteras
680 3626 784 3718 laudi,
802 3627 1052 3719 arbitramenti,
1071 3627 1365 3719 pronuntiationis
1383 3634 1420 3700 et
1437 3627 1683 3700 declarationis
1709 3647 1751 3700 ac
1768 3629 1967 3700 sententiae
1979 3630 2068 3702 arbi·

513 3749 622 3839 tralis,
642 3770 703 3822 seu
726 3769 892 3840 praesens
910 3751 1086 3840 publicum
1108 3750 1377 3823 instrumentum
1404 3771 1468 3842 per
1481 3749 2068 3824 discretumlobannemJaeobide

511 3871 816 3965 Szkotbnyky
843 3871 1100 3964 infrascriptum
1127 3873 1301 3945 notarium
1327 3873 1512 3965 publicum,
1538 3893 1579 3945 ac
1596 3893 1720 3946 causae
1737 3873 1939 3946 huiusmodi
1954 3893 2068 3947 ooraur

514 3993 615 4064 nobis
643 3994 792 4065 scribam
820 3994 935 4085 scribi,
962 4014 1002 4066 aa
1030 3994 1222 4085 sigillorum
1249 3999 1448 4067 nostrorum
1466 3995 1677 4086 appensione
1693 3993 1838 4068 fecimus
1855 3997 2066 4068 communiri

513 4112 603 4184 Acta
628 4119 711 4186 sunt
739 4115 825 4186 haec
851 4137 941 4190 anno
960 4115 1100 4187 Domini
1118 4116 1300 4188 millesimo
1319 4116 1659 4208 quadringentesimo
1677 4114 1944 4208 quadragesimo
1962 4123 2066 4207 sexto,

514 4233 703 4308 indictione
729 4257 821 4309 nona
848 4236 953 4310 Sacro
981 4237 1125 4310 consilio
1153 4238 1339 4310 Basiliensi
1357 4237 1515 4329 durante,
1532 4239 1589 4311 die
1606 4237 1715 4328 louis,
1733 4238 1904 4328 vigesima
1921 4240 2066 4330 septima

373 4403 379 4420 .
513 4359 640 4432 mensis
668 4359 884 4449 septembris
912 4360 1000 4432 bora
1027 4379 1252 4451 vesperarum
1279 4360 1334 4432 vel
1361 4361 1471 4451 quasi,
1489 4361 1525 4432 in
1543 4360 1644 4432 domo
1663 4360 1944 4434 sanctuariorum
1961 4361 2065 4434 eccle

513 4481 585 4552 siae
612 4480 814 4571 collegiatae
842 4481 988 4579 Sanctae
1014 4481 1150 4554 Mariae
1168 4481 1467 4572 Sandomirienais,
1493 4483 1735 4574 praesentibus
1761 4481 1892 4554 ibidem
1919 4483 2062 4555 bonom-

511 4603 640 4675 bilibus
658 4601 886 4693 discretisque
913 4604 1015 4676 viris:
1044 4603 1183 4678 domino
1201 4604 1345 4676 Nicolao
1364 4604 1408 4676 de
1426 4602 1682 4676 Orobanow
1706 4605 1914 4697 presbytero
1933 4605 2062 4678 notario

513 4724 659 4816 publico,
686 4723 860 4796 Stanislao
887 4725 1065 4815 capellano
1092 4725 1252 4816 magistri
1269 4725 1437 4798 Heliae
1463 4726 1586 4798 decani
1605 4725 1907 4817 Sandomiriensis,
1925 4727 2062 4800 Nicolao

513 4845 906 4939 Thudorowszlry,
934 4846 1066 4920 Jacobo
1094 4847 1136 4918 de
1165 4847 1360 4920 Tarnow
1384 4849 1422 4918 in
1449 4847 1818 4940 Wyelyawyesz,
1845 4853 1885 4920 et
1909 4848 2063 4922 Jobanne

511 4970 547 5040 in
584 4969 784 5040 Trzeszn
796 4989 851 5059 ya
876 4967 1055 5060 magistris
1091 4967 1332 5042 cracoviensis
1362 4969 1548 5061 dioecesis,
1574 4970 1725 5043 testibus
1750 4970 1844 5042 circa
1869 4973 2062 5061 praemissa

512 5089 561 5162 Et
587 5111 650 5181 ego
669 5089 847 5167 Jobannes
873 5089 897 5162 J
907 5092 1041 5164 scobi
1064 5091 1106 5164 de
1134 5091 1439 5184 Szkotbnylry
1465 5077 1611 5164 clericus
1628 5089 1871 5165 Oracoriensis
1889 5093 2060 5182 dioecesis

510 5213 669 5304 publicus
704 5212 875 5304 imperiali
912 5214 1122 5286 auctoritate
1158 5215 1333 5305 notarius,
1365 5234 1406 5286 ac
1441 5212 1639 5286 huiusmodi
1666 5195 1790 5286 causae
1816 5235 1938 5287 coram
1964 5215 2059 5288 diade

511 5334 659 5408 dominis
686 5334 831 5407 arbitris
858 5335 982 5427 scriba,
1010 5355 1098 5427 quae
1124 5335 1382 5427 praedictorum
1407 5335 1628 5425 arbitrorum,
1655 5335 1907 5409 arbitraturum
1917 5341 1962 5435 ⁴et
1985 5336 2060 5408 anni·

511 5456 673 5528 cabilium
708 5457 978 5549 compositorum
1014 5459 1176 5530 electioni
1211 5459 1255 5530 de
1290 5457 1362 5531 alto
1398 5463 1435 5531 et
1460 5458 1563 5530 basso
1591 5457 1911 5555 compromissioni,
1936 5477 2059 5549 poenae

510 5577 659 5650 vadatae
679 5579 884 5670 adiectioni,
912 5581 1106 5653 sententiae
1133 5581 1321 5671 arbitralis,
1348 5581 1547 5672 decretique
1573 5580 1860 5672 pronuntiationi,
1878 5600 2058 5672 eormnque

510 5699 761 5810 emologctioni
788 5701 1042 5805 approbationi,
1070 5701 1216 5802 aliisque
1242 5703 1401 5780 omuibus
1428 5707 1465 5781 et
1492 5702 1638 5794 singulis
1663 5702 1882 5796 praemissis,
1909 5702 1992 5778 dum
2013 5702 2059 5776 sic
