4550 6600
542 736 616 839 aaa
760 797 764 803 -

644 970 882 1059 Znooazam,
919 954 1002 1040 villa
1038 965 1101 1038 sub
1132 961 1298 1057 parochia
1332 960 1376 1035 de
1411 958 1680 1047 Ostroncze
1716 959 1801 1053 sita,
1838 958 1940 1033 cuins
1973 956 2087 1033 haeres

540 1092 696 1163 Mathiaa
724 1090 767 1161 de
794 1089 901 1160 armis
936 1087 1257 1178 Bippennium.
1297 1085 1436 1176 inqua
1471 1091 1553 1158 sunt
1588 1085 1681 1156 lanei
1701 1066 1976 1173 'cmethonalem
2013 1084 2086 1155 item

540 1233 645 1284 unum
672 1211 852 1303 praedium
881 1210 1052 1299 militare,
1088 1208 1131 1279 de
1158 1208 1284 1297 quibus
1310 1207 1458 1278 solvitur
1483 1212 1521 1277 et
1547 1206 1752 1278 conducitur
1778 1206 1916 1277 decima
1942 1206 2087 1293 manipu-

540 1331 702 1405 1661661-
718 1332 893 1422 canapalis
920 1352 983 1423 pro
1012 1329 1158 1402 ecclesia
1184 1330 1220 1400 in
1248 1328 1463 1419 Solyccz,
1491 1334 1527 1399 et
1553 1326 1652 1428 valor
1679 1328 1754 1399 6166
1780 1327 1826 1398 ad
1852 1326 1943 1398 duas
1964 1346 2087 1397 marcas

496 1466 499 1471 '
542 1456 758 1527 aestimatur.
904 1476 907 1487 ·
1379 1463 1386 1481 ’·
1798 1522 1804 1529 ,

521 1622 524 1627 -
645 1576 816 1665 Hminem,
843 1573 926 1645 villa
953 1574 1017 1644 sub
1044 1571 1211 1663 parochia
1235 1571 1279 1643 de
1304 1570 1571 1645 Ostrowcze
1598 1572 1676 1642 sita.
1702 1570 1744 1643 In
1772 1591 1840 1661 qua
1858 1575 1944 1641 sunt
1964 1622 2085 1659 ......

541 1697 736 1799 dequibus
772 1694 920 1766 solvitur
954 1699 990 1765 et
1016 1694 1221 1765 conducitur
1255 1692 1390 1765 decima
1424 1692 1650 1785 manipularis
1686 1712 1751 1783 pro
1786 1690 1939 1763 ecclesia
1966 1690 2000 1760 in
2025 1688 2086 1761 So

540 1818 689 1909 lycon,
716 1821 752 1888 et
778 1816 876 1887 valor
902 1816 976 1887 eius
1004 1816 1105 1886 unius
1132 1814 1287 1887 fertouis.

565 1916 568 1922 ¹
648 1937 856 2027 Sauriam,
884 1937 968 2009 villa
995 1937 1059 2009 sub
1086 1937 1253 2027 parochia
1277 1935 1322 2007 de
1340 1990 1349 2005 .
1368 1990 1376 2005 .
1395 1990 1429 2006 ..
1456 1936 1533 2007 sita.
1560 1935 1689 2026 inqua
1715 1940 1796 2007 sunt
1822 1934 1919 2005 lanei
1946 1934 2084 2004 emetha

542 2059 656 2150 noles,
683 2059 727 2130 de
755 2060 879 2149 quihus
906 2058 1054 2130 solvitur
1081 2058 1215 2129 decima
1250 2057 1477 2147 manipularis
1504 2058 1668 2129 ecclesiae
1695 2058 1731 2127 in
1758 2055 1975 2147 Solyecz;
2001 2055 2085 2125 valor

542 2182 616 2251 6166
643 2180 687 2251 61
715 2200 818 2251 unam
845 2200 1008 2250 marcam.
1069 2250 1074 2259 ,

647 2298 885 2390 (1666661666,
920 2300 1004 2371 villa
1030 2300 1095 2371 sub
1121 2298 1289 2389 parochia
1316 2300 1359 2370 de
1385 2299 1690 2372 Probolowicze
1728 2299 1816 2388 sita,
1847 2296 1949 2367 cuius
1975 2296 2081 2367 haeres

523 2417 720 2493 dolrannes
747 2420 1073 2511 Rapsthinlshy
1100 2419 1144 2492 de
1171 2421 1277 2491 armis
1304 2420 1625 2511 Bippennium.
1652 2420 1692 2490 Iu
1716 2440 1785 2509 qua
1808 2423 1893 2490 sunt
1920 2438 1981 2488 sex
2004 2417 2080 2487 lanei
2118 2414 2121 2419 ’

544 2541 796 2631 omethonales‚
832 2542 916 2612 item
952 2542 1100 2613 taberna
1134 2541 1493 2613 Nadrosznicza
1527 2542 1659 2612 hahens
1690 2560 1798 2631 aegros¹
1829 2539 2017 2631 speciales,
2047 2539 2080 2608 16

545 2660 669 2754 quibus
697 2662 843 2733 solvitur
870 2668 906 2733 et
934 2662 1138 2756 conducitur
1174 2663 1308 2735 decima
1337 2663 1565 2753 manipularis
1592 2668 1629 2733 et
1655 2662 1831 2752 canapalis
1859 2682 1926 2751 pro
1953 2680 2079 2751 praepo

543 2783 656 2855 situra
690 2782 905 2873 Visliciensi‚
942 2788 978 2855 et
1005 2783 1104 2855 valor
1139 2782 1234 2855 eius‘
1251 2785 1456 2855 aestimatur
1481 2785 1525 2855 ad
1553 2790 1631 2855 octo
1658 2764 1802 2855 marcas.
1841 2782 1935 2853 ltem
1970 2786 2020 2851 est
2041 2782 2078 2852 ihi

542 2903 723 2995 praedium
750 2904 889 2976 arricum
916 2905 1083 2996 militare,
1120 2906 1213 2995 quod
1239 2904 1390 2977 decimat
1416 2906 1582 2977 ecclesiae
1609 2906 1645 2980 in
1671 2906 1886 2996 Solyecz,
1913 2902 2076 2973 6616616-

544 3026 654 3097 cimae
681 3024 780 3097 valor
806 3026 1012 3097 aestimatur
1038 3026 1082 3097 ad
1110 3026 1198 3097 duas
1223 3047 1369 3097 marcas.

647 3145 759 3219 hrssa
787 3144 913 3236 Goan,
949 3147 1033 3217 villa
1059 3148 1124 3219 suh
1150 3147 1317 3237 parochia
1352 3146 1395 3218 de
1414 3200 1582 3217 .......
1609 3150 1686 3219 sita
1723 3147 1763 3217 In
1791 3168 1863 3236 qua
1890 3151 1971 3216 sunt
2001 3142 2074 3214 16661

547 3266 802 3359 emethonales,
830 3272 866 3338 et
893 3268 1032 3340 solvunt
1058 3268 1224 3340 decimam
1256 3268 1469 3358 pecunialem
1496 3289 1562 3359 pro
1588 3268 1794 3341 ecclesiola
1823 3266 2073 3358 Solyeez...

544 3386 588 3460 de
614 3388 715 3460 laneo
734 3441 742 3459 .
761 3441 768 3458 .
788 3441 821 3458 ..

648 3505 855 3600 Pomona,
881 3509 964 3581 villa
990 3511 1054 3584 sub
1081 3511 1251 3601 parochia
1269 3563 1384 3582 .....
1411 3510 1491 3583 sita
1526 3511 1567 3582 Iu
1595 3531 1664 3602 qua
1678 3511 1838 3606 ‚deoima,
1878 3510 1923 3581 ad
1949 3507 2071 3579 mediam

544 3648 695 3702 marcam
723 3650 760 3702 66
787 3630 993 3723 extendens,
1020 3631 1169 3704 solvitur
1195 3633 1361 3705 ecclesiae
1388 3633 1424 3703 in
1451 3631 1655 3724 Solyecz.

649 3750 799 3842 Zenon,
835 3751 919 3824 villa
946 3754 1009 3824 sub
1036 3754 1203 3844 parochia
1229 3754 1273 3826 de
1300 3746 1498 3847 Solyeca
1524 3755 1612 3845 sita,
1645 3754 1742 3826 cuius
1767 3754 1896 3825 haeres
1922 3751 2070 3824 Johmnes

388 3942 397 3952 .
427 3950 429 3955 ,
523 3917 529 3933 ³
543 3869 588 3946 dc
614 3870 850 3964 Rithwyani
876 3873 1052 3963 palatinus
1079 3873 1330 3948 Gracoviensis.
1365 3876 1406 3946 In
1428 3897 1498 3966 qua
1515 3883 1597 3946 sunt
1614 3876 1707 3947 lanei
1733 3874 1983 3962 cmptionalm,
2005 3873 2068 3940 item

533 3994 727 4084 tabernae,
754 3994 838 4066 item
865 3995 1060 4086 hortulani,
1089 3997 1277 4088 dequibus
1295 3997 1445 4070 solvitur
1462 4003 1499 4068 et
1516 3997 1720 4068 conducitur
1746 3996 1882 4067 decima
1908 3990 2068 4083 manipule-

543 4113 594 4184 ris
622 4120 658 4184 et
684 4115 859 4206 canapalis
886 4137 949 4206 pro
968 4171 1084 4189 .....
1115 4118 1204 4189 Item
1230 4124 1285 4190 est
1311 4119 1361 4190 ibi
1386 4117 1567 4209 praedium
1584 4118 1733 4191 unicum
1759 4118 1930 4207 militare,
1954 4115 1994 4186 de
2015 4134 2066 4204 quo

544 4233 740 4308 decimator
766 4231 932 4310 ecclesiae
958 4239 994 4310 iu
1022 4237 1237 4331 Solyem,
1263 4240 1361 4311 cuius
1388 4239 1488 4312 valor
1513 4240 1558 4312 ad
1584 4261 1688 4316 uuam
1716 4259 1933 4331 sexagenam.

647 4354 762 4428 Villae
779 4359 1014 4446 parochiales:
1041 4359 1255 4452 Solyecz,
1280 4359 1448 4452 danen,
1474 4361 1677 4453 Zborow‚
1704 4361 1881 4451 Zukow,
1907 4355 2065 4448 Pompei,

545 4471 738 4548 Welnin.

1202 4600 1440 4675 Osnaowoze.

647 4715 741 4792 Villa
775 4721 907 4794 habeus
939 4721 978 4796 ,in
1016 4741 1055 4794 se
1080 4722 1275 4812 ecclesiam
1296 4726 1530 4814 parochialem
1565 4729 1754 4818 muratam,
1789 4725 1918 4798 Sancto
1942 4717 2061 4796 Johauni

361 4833 406 4884 ’-
543 4837 726 4932 Baptistae
753 4842 921 4933 dicatam,
949 4865 1051 4934 quam
1078 4843 1257 4918 lohannes
1283 4845 1499 4938 Naszyon
1521 4849 1740 4939 praepositus
1767 4847 1978 4920 Visliciensls
1999 4843 2058 4913 allo

542 4959 658 5052 lapide
685 4961 886 5054 fabricavit3
913 4965 1010 5036 cuius
1036 4962 1162 5037 haeres
1187 4965 1367 5040 iohannes
1393 4969 1427 5039 N
1432 4989 1583 5060 aszyon
1610 4969 1654 5040 de
1681 4970 1787 5040 armis
1814 4966 2059 5060 Bippeunium.

545 5081 585 5152 In
614 5103 683 5172 qua
709 5091 790 5156 sunt
818 5091 967 5176 quatuor
993 5107 1070 5158 cum
1104 5087 1219 5159 medio
1246 5088 1338 5159 16661
1377 5077 1630 5181 emethonales‚
1665 5091 1748 5162 item
1767 5087 1882 5162 *naum
1916 5086 2058 5181 praedium

542 5201 713 5295 militare,
750 5205 833 5278 item
865 5227 934 5288 una
959 5208 1106 5280 taberna
1141 5209 1334 5297 plebanalis
1369 5210 1503 5283 hahens
1538 5233 1660 5303 agros,
1696 5212 1744 5328 ‘¹6
1776 5213 1903 5302 quihus
1935 5205 2057 5281 omullus

544 5322 692 5396 solvitur
718 5332 754 5422 et
773 5327 977 5402 conducitur
994 5328 1128 5400 decima
1145 5330 1371 5422 manipularis
1395 5338 1432 5404 et
1449 5333 1644 5423 canapalis,
1671 5333 1837 5405 ecclesiae
1856 5334 1892 5404 in
1917 5331 2057 5403 Ostrea·

542 5433 632 5534 cze,
660 5446 757 5518 cuius
792 5448 890 5520 valor
925 5448 969 5520 ad
997 5469 1057 5525 sex
1093 5471 1239 5523 marcas
1273 5451 1362 5522 Item
1399 5453 1545 5525 66616616
1580 5455 1687 5525 habet
1721 5455 1921 5545 tahemam,
1951 5452 1987 5522 de
2007 5463 2055 5536 (111²

543 5561 648 5634 datur
675 5567 740 5638 sibi
768 5588 837 5640 una
863 5588 982 5642 marca
1008 5591 1085 5643 cum
1113 5560 1245 5664 mecho,
1273 5574 1358 5644 item
1375 5573 1483 5647 hahet
1510 5595 1614 5664 agros
1632 5575 1826 5666 praediales
1844 5581 1881 5647 et
1898 5575 1959 5646 duo
1974 5569 2053 5660 poll

649 5682 782 5758 Goarm
809 5688 972 5782 Womn,
1001 5692 1084 5764 villa
1102 5693 1166 5764 sub
1185 5693 1352 5824 parochia
1378 5694 1421 5764 de
1448 5692 1708 5768 Ostrowcze
1735 5683 1821 5786 sita,
1848 5698 1941 5768 cuius
1962 5692 2053 5762 haeres
