4550 6600
494 764 568 839 234

597 972 998 1062 Sruoournwowrezs,
1025 969 1109 1043 villa
1135 969 1200 1043 sub
1225 966 1393 1061 parochia
1426 966 1472 1041 de
1505 964 1869 1061 Proacbouycze
1903 968 1982 1041 sita.
2004 965 2042 1041 ln

494 1110 562 1186 qua
589 1098 670 1165 sunt
695 1092 787 1164 lanei
813 1092 1067 1182 cmethouales‚
1095 1092 1139 1163 de
1166 1091 1291 1181 quibus
1316 1089 1450 1162 decima
1474 1089 1702 1180 manipularis
1729 1090 1880 1163 solvitur
1905 1096 1942 1163 et
1966 1110 2043 1163 con·

333 1230 343 1250 ‘
492 1213 628 1284 ducitur
655 1235 719 1304 pro
747 1268 754 1284 .
782 1269 789 1284 .
817 1268 824 1283 .
850 1213 940 1286 Item
967 1219 1022 1285 est
1047 1213 1094 1285 ibi
1123 1234 1231 1285 uuum
1255 1210 1446 1303 praedium,
1472 1211 1517 1282 de
1543 1210 1641 1283 cuins
1667 1211 1763 1302 agris
1788 1210 1938 1284 solvitur
1955 1210 2043 1281 deci·

491 1356 548 1407 ma
576 1334 803 1425 manipularis
830 1334 995 1407 ecclesiae
1021 1334 1057 1405 in
1084 1332 1360 1422 Thlnczany.

595 1456 921 1546 Laurmrowrczn,
948 1455 1031 1527 villa
1056 1454 1189 1527 habens
1215 1454 1252 1525 in
1279 1474 1317 1525 se
1344 1452 1523 1525 ecclesiam
1540 1453 1784 1555 parochialem,
1802 1452 1951 1525 Sanctae
1970 1451 2043 1541 Tri-

492 1578 596 1649 nitati
631 1577 800 1667 dicatam,
828 1577 925 1648 cuius
961 1577 1086 1649 haeres
1114 1574 1354 1647 serenissimus
1379 1572 1546 1647 Poloniae
1572 1594 1645 1647 rex.
1683 1572 1822 1664 Inque
1847 1580 1930 1645 sunt
1956 1572 2043 1643 lanei

491 1696 734 1786 cmetbonales,
761 1696 805 1768 de
831 1696 955 1787 quibus
982 1696 1130 1768 solvitur
1156 1694 1291 1766 decima
1315 1695 1542 1785 manipularis
1567 1693 1788 1785 praebendae
1815 1693 2043 1783 cracoviensi,

491 1838 578 1908 quae
606 1822 752 1889 vocatur
778 1817 1047 1889 Lanthkouslra.
1073 1813 1161 1887 Item
1188 1821 1270 1887 suut
1295 1816 1346 1888 ibi
1371 1815 1440 1888 duo
1467 1815 1612 1907 praedia
1637 1816 1813 1907 militaria,
1838 1815 2045 1905 deonorum

492 1960 562 2011 uno
592 1940 740 2011 solvitur
766 1938 899 2010 decima
925 1936 1152 2030 manipularis
1178 1936 1344 2009 ecclesiae
1369 1936 1406 2007 in
1423 1935 1794 2027 Lantblrouicze,
1812 1936 1857 2009 de
1873 1935 1946 2007 alio
1964 1955 2044 2007 vero

494 2061 530 2131 in
558 2058 804 2152 Tlnczany.

1167 2176 1374 2251 Woznrur.

597 2300 692 2375 Villa
717 2301 849 2372 habens
876 2299 913 2371 in
941 2317 979 2371 se
1005 2298 1240 2391 parochialem
1266 2298 1446 2372 ecclesiam
1471 2297 1632 2390 ligneam,
1648 2297 1797 2371 Sanctae
1814 2294 1952 2370 Mariae
1968 2296 2043 2389 glo·

492 2422 606 2495 riosae
633 2420 774 2511 Virgini
801 2420 969 2511 dicatam,
996 2420 1093 2491 cuius
1130 2421 1327 2511 proprietas
1353 2420 1399 2493 ad
1424 2420 1674 2493 monasterium
1699 2420 1736 2491 in
1761 2418 1944 2511 Mogila
1968 2441 2047 2510 per·

492 2546 590 2615 tinet.
616 2543 657 2613 In
685 2563 753 2633 qua
779 2546 861 2613 sunt
886 2541 979 2613 lanei
1005 2540 1250 2631 cmethonales‚
1277 2540 1320 2613 de
1347 2540 1472 2631 quibus
1502 2540 1650 2613 solvitur
1667 2538 1800 2612 decima
1816 2540 2044 2631 manipularis
2102 2592 2110 2609 .

493 2664 722 2735 scholastriae
759 2661 997 2751 Cracoviensi3
1033 2662 1095 2734 sed
1130 2662 1233 2735 buius
1259 2662 1438 2753 perceptio
1464 2662 1502 2733 in
1527 2661 1714 2753 manipulis
1739 2667 1795 2733 est
1820 2662 2000 2733 abstracta
2024 2680 2046 2731 a

493 2784 709 2873 scholastria,
736 2788 772 2855 et
798 2783 931 2855 incolae
966 2783 1032 2855 soli
1067 2804 1145 2855 eam
1171 2783 1319 2874 quilibet
1344 2782 1388 2855 de
1414 2782 1509 2873 agris
1536 2782 1608 2855 suia
1634 2802 1699 2874 pro
1726 2802 1764 2855 ae
1790 2782 1985 2873 accipiunt,
2011 2788 2047 2853 et

493 2906 633 2979 solvunt
667 2925 731 2994 pro
768 2924 811 2975 ea
847 2904 1031 2976 summarie
1068 2924 1174 2976 unam
1208 2922 1360 2975 marcam
1395 2890 1547 2975 latorum
1571 2924 1772 2994 grossorum
1799 2902 2047 2993 Pragensium;
2157 2950 2159 2975 2

492 3027 575 3097 item
601 3026 769 3097 tabernae
793 3078 801 3093 .
828 3076 836 3094 .
863 3078 871 3093 .
899 3076 907 3094 .
933 3024 1016 3095 item
1042 3023 1221 3096 hortulani
1248 3076 1256 3093 .
1284 3076 1293 3093 .
1320 3076 1328 3093 .
1355 3076 1363 3094 .
1389 3023 1478 3095 Item
1504 3024 1554 3097 ibi
1579 3024 1726 3097 ecclesia
1751 3023 1860 3096 habet
1884 3024 2046 3114 proprios

492 3167 596 3236 agros
623 3152 659 3217 et
684 3150 796 3235 prata,
822 3164 887 3233 pro
914 3164 977 3217 suo
1004 3165 1069 3216 usu
1095 3150 1132 3216 et
1157 3144 1374 3217 necesdtate.

397 3352 403 3363 Ι
596 3266 941 3356 Zonrconowrczs,
968 3264 1053 3338 uilla
1079 3264 1144 3337 sub
1170 3264 1337 3357 parocbia
1363 3263 1406 3338 de
1431 3262 1664 3359 Woznyky
1690 3266 1767 3357 sita,
1792 3265 1891 3338 cuius
1910 3266 2046 3358 propri·

495 3395 572 3460 etas
599 3387 643 3458 ad
671 3387 917 3458 monasterium
953 3387 989 3458 in
1015 3385 1196 3476 Mogila
1220 3388 1382 3477 pertinet
1415 3385 1456 3458 Iu
1483 3408 1553 3478 qua
1579 3391 1662 3459 sunt
1686 3387 1778 3460 lanei
1803 3389 2046 3477 emethouales,

491 3508 535 3580 de
562 3509 687 3598 quibus
715 3506 862 3580 solvitur
889 3507 1022 3578 decima
1047 3506 1238 3598 pecunialis
1263 3528 1328 3597 per
1353 3528 1459 3580 uuum
1485 3506 1658 3580 fertonem
1674 3509 1824 3582 latorum
1840 3529 2040 3600 grossorum

480 3629 537 3701 'de
563 3628 673 3718 laneo,
700 3628 861 3719 episcopo
889 3627 1130 3718 Gracoviensi3
1157 3627 1240 3700 item
1267 3628 1415 3718 plebano
1443 3648 1505 3699 suo
1532 3629 1680 3702 soluitur
1705 3627 1867 3720 samaa,
1893 3629 1938 3702 de
1966 3651 2046 3722 quo-

491 3749 578 3822 libet
603 3749 702 3822 laneo
729 3769 793 3841 per
818 3769 923 3822 uuam
949 3769 1146 3822 mensuram
1172 3749 1321 3840 siliginis
1345 3754 1384 3821 et
1409 3749 1513 3822 aliam
1539 3769 1681 3824 arenae.

594 3871 775 3962 chzow,
801 3871 885 3942 villa
921 3872 985 3943 sub
1012 3871 1180 3962 parochia
1206 3870 1249 3942 de
1275 3869 1511 3962 Woznyky
1536 3871 1623 3961 sita,
1649 3872 1748 3944 cuius
1773 3873 1974 3963 proprietas
2000 3873 2043 3944 ad

492 3994 740 4065 monasterium
774 3991 969 4081 praefatum
995 3989 1213 4082 Mogiluense
1238 3991 1401 4082 partinet
1427 3991 1468 4062 In
1495 4013 1566 4082 qua
1591 3998 1673 4064 sunt
1689 3993 1781 4066 lanei
1800 3995 2043 4083 cmetbonales,

490 4113 533 4183 de
561 4113 685 4202 quibus
713 4111 860 4182 solvitur
886 4112 1020 4182 decima
1047 4113 1247 4202 pecunialis,
1273 4133 1337 4202 per
1363 4134 1469 4186 unum
1486 4112 1657 4186 fertonem
1675 4115 1827 4188 latorum
1843 4117 2042 4205 grossorum

493 4233 537 4303 de
564 4231 662 4302 laneo
691 4232 863 4323 quolibet,
890 4233 1053 4324 episcopo
1081 4233 1320 4324 (lracoviensi3
1354 4235 1438 4307 item
1464 4233 1618 4307 maclam
1643 4237 1792 4309 solvitur
1818 4237 1862 4308 de
1889 4237 2046 4328 quolibet

491 4351 591 4424 laneo
628 4373 690 4442 per
726 4373 829 4423 unam
865 4374 1061 4426 mensuram
1097 4357 1246 4446 siliginis
1279 4361 1316 4428 et
1349 4377 1414 4446 per
1448 4377 1551 4428 unam
1586 4377 1717 4430 avenae
1743 4358 1892 4448 plebano
1919 4379 1983 4430 sao
2009 4359 2042 4428 iu

1113 4597 1423 4673 Dauaownzrnn

900 4981 1282 5068 Archtdiaoouatua
1314 4983 1641 5067 Sandeczeusta.

594 5199 820 5276 Sandecensis
855 5206 1159 5281 archidiaconatus
1190 5231 1261 5282 non
1287 5214 1365 5282 erat
1390 5207 1479 5282 alias
1505 5215 1663 5299 tempore
1688 5209 1881 5299 priscorum
1907 5209 2040 5301 pontib-

491 5345 567 5398 cum
594 5324 873 5400 Cracovieusium
899 5327 934 5398 in
962 5349 1106 5402 numero
1133 5330 1475 5403 archidiaconatuum
1502 5330 1672 5402 dioecesis
1698 5329 1959 5423 Gracovienais3
1984 5331 2040 5403 sed

490 5451 631 5516 sanctae
658 5447 844 5519 memoriae
870 5447 1040 5539 Sbigneus
1066 5449 1160 5522 tituli
1188 5450 1221 5522 S.
1246 5450 1396 5543 Priscae,
1414 5450 1447 5524 S.
1465 5451 1643 5524 Romanae
1669 5452 1834 5524 ecclesiae
1860 5454 2040 5544 presbyter

415 5657 418 5662 ¹
490 5565 685 5656 cardinalis,
713 5573 750 5638 et
776 5569 958 5661 episcopus
984 5570 1233 5662 Cracoviensis,
1259 5571 1435 5646 fundando
1462 5573 1641 5645 ecclesiam
1660 5573 1878 5665 collegiatam
1896 5573 2039 5646 Sanctae

490 5683 737 5778 Margarethue
772 5689 918 5781 virginis
945 5693 981 5762 in
1009 5691 1214 5764 Sandecz
1240 5714 1331 5765 anuo
1357 5693 1498 5767 Domim
1529 5696 1627 5766 1447
1639 5751 1648 5788 ,
1674 5696 1809 5768 creavit
1835 5695 1872 5768 iu
1899 5695 2040 5770 eeclesia
