4550 6600
1715 784 1791 905 166
1816 769 1819 775 ’

229 981 328 1059 coins
355 985 481 1061 haeres
508 984 881 1081 Raczechowsky
909 987 951 1062 de
979 988 1106 1063 armis.
1136 1046 1143 1061 .
1171 1046 1178 1061 .
1207 1047 1215 1061 .
1241 988 1283 1062 In
1310 1012 1379 1083 qua
1405 998 1487 1065 sunt
1513 990 1606 1065 lanei
1635 994 1789 1065 cmetbo·
1926 1036 1932 1041 »

228 1109 337 1201 nales,
365 1112 408 1181 de
436 1112 559 1202 quibus
587 1112 735 1213 soluitur
748 1118 798 1183 ,61
825 1112 1029 1185 conducitur
1055 1112 1189 1184 decima
1214 1114 1440 1203 manipularis
1471 1120 1507 1185 et
1533 1116 1790 1205 666666116616

230 1234 447 1303 monastario
473 1232 729 1325 Ozyrzyczensi:
769 1234 858 1304 Item
884 1234 1066 1324 praedium
1093 1236 1142 1306 ibi
1169 1244 1238 1305 nob
1266 1240 1328 1305 est.
1354 1236 1443 1306 11616
1476 1238 1613 1307 1611666
1638 1212 1792 1306 cometae
1842 1281 1847 1295 ·

228 1351 379 1428 solvitur
406 1353 448 1423 de
477 1355 631 1443 quolibet
657 1355 756 1426 laneo
783 1376 847 1445 pro
874 1355 1021 1444 plebano
1049 1378 1118 1427 una
1144 1376 1307 1426 mensura
1333 1356 1481 1445 siliginis
1508 1363 1545 1427 et
1561 1378 1630 1428 666
1648 1378 1788 1428 avenae.

338 1474 503 1565 erurn,
534 1476 616 1547 villa
643 1478 706 1547 sub
725 1477 890 1566 parochia
909 1476 951 1547 de
970 1476 1269 1568 Wysznyowa
1295 1478 1373 1549 sita.
1398 1477 1439 1547 In
1459 1499 1526 1568 qua
1544 1484 1626 1549 sunt
1651 1499 1791 1549 novem-

230 1594 352 1665 decem
379 1596 470 1666 lanei
498 1598 731 1668 cmetbonales
758 1601 794 1668 et
820 1619 889 1669 una
915 1598 1070 1688 taberna,
1099 1598 1141 1668 de
1169 1599 1294 1688 quibus
1312 1600 1470 1669 omnibus
1488 1598 1635 1670 solvitur
1654 1598 1790 1669 decima

227 1717 421 1805 pecunialis
456 1737 520 1806 per
555 1739 661 1789 unum
697 1717 866 1790 fertonem
894 1720 937 1789 de
966 1719 1120 1808 quolibet
1146 1719 1263 1809 laneo,
1292 1721 1510 1791 monasterio
1536 1718 1792 1811 Gzyrzyczensi.

228 1836 322 1907 Item
349 1843 403 1908 est
429 1838 478 1908 ibi
506 1839 680 1929 scoltetus,
707 1839 839 1911 habens
867 1860 970 1929 agros
996 1840 1168 1930 proprios,
1195 1812 1390 1930 dequibus
1418 1842 1523 1911 etiam
1552 1840 1702 1912 decimat
1718 1862 1791 1911 mo-

229 1961 387 2031 nasterio
414 1951 669 2051 Gnyrzyczensi.
697 1960 764 2031 Pro
792 1962 939 2051 plebano
976 1966 1091 2032 autem
1118 1961 1155 2031 in
1182 1960 1227 2031 W
1236 1983 1414 2053 ysznyo
1422 1983 1485 2033 wa
1511 1962 1616 2035 solvit
1643 1963 1790 2053 quilibet
1928 1990 1933 2002 ·

229 2082 274 2153 de
302 2082 404 2153 laneo
431 2102 535 2152 1166111
563 2103 758 2153 mensuram
786 2082 933 2172 siliginis
962 2088 998 2154 et
1024 2103 1128 2152 unam
1156 2102 1295 2153 avenae.

337 2202 591 2293 Konrnnurn,
618 2202 702 2273 villa
737 2203 802 2275 sub
836 2204 1004 2294 parocbia
1030 2203 1072 2273 de
1100 2202 1396 2295 Wysznyowa
1422 2204 1500 2275 sita.
1538 2203 1581 2274 In
1613 2225 1682 2295 qua
1708 2211 1790 2275 sunt
1879 2290 1883 2295 ³

230 2330 366 2414 septem
394 2325 485 2394 lanei
514 2325 756 2415 emethonales,
784 2326 867 2396 item
895 2325 1061 2396 scultetus
1088 2326 1221 2394 habens
1247 2326 1408 2415 proprios
1434 2326 1563 2416 laneos,
1591 2326 1634 2396 de
1662 2326 1787 2415 quibus

229 2444 392 2515 omnibus
428 2445 575 2515 solvitur
611 2444 760 2519 decima.
776 2446 982 2537 pecunialis,
1010 2446 1053 2517 de
1090 2445 1245 2535 quolibet
1270 2446 1371 2516 laneo
1397 2467 1461 2536 per
1487 2468 1593 2518 unum
1619 2446 1790 2517 fertonem

229 2588 296 2657 pro
333 2568 461 2638 abbate
492 2565 740 2657 Gzyrzyczensi
766 2568 932 2657 praefato.
973 2569 1061 2638 Item
1088 2573 1143 2637 cst
1169 2567 1219 2637 ibi
1245 2567 1498 2659 molendinum,
1525 2568 1659 2639 babens
1686 2589 1792 2658 agros

232 2688 415 2785 spec-iales
443 2687 485 2757 de
514 2687 638 2777 quibus
666 2688 850 2759 decimat.
878 2744 885 2758 .
914 2742 921 2757 .

338 2809 588 2899 Inznnnown,
620 2809 703 2879 villa
740 2810 803 2880 sub
839 2810 1005 2899 parocbia
1032 2808 1074 2877 de
1101 2807 1400 2899 Wysznyowa
1427 2809 1514 2897 sita,
1542 2810 1638 2879 cuius
1665 2808 1790 2880 1166166

230 2928 427 3001 Stanislans
455 2900 497 3001 de
523 2930 766 3021 Dobzycze
794 2930 836 3001 de
864 2932 996 3001 aruris.
1024 2984 1031 2999 .
1059 2984 1066 2998 .
1094 2984 1101 2998 .
1129 2928 1169 2999 ln
1204 2950 1273 3019 qua
1299 2935 1381 3000 sunt
1407 2935 1556 3020 quatuor
1572 2930 1674 2999 lanei
1702 2952 1792 3001 cnte-

229 3051 403 3140 tbonales,
431 3051 473 3122 de
500 3052 623 3141 quibus
652 3052 800 3121 solvitur
827 3051 960 3121 decima
986 3050 1177 3140 pecunialis
1204 3070 1267 3139 per
1294 3071 1398 3121 unum
1434 3049 1602 3121 fertonem
1622 3049 1665 3120 de
1682 3041 1792 3141 161166,

230 3172 393 3263 61661616
431 3172 641 3243 monasterio
668 3171 934 3263 Gzyrzpczensi3
961 3173 1044 3243 item
1072 3173 1209 3241 ratione
1234 3170 1405 3261 1116661616,
1434 3172 1477 3242 de
1505 3172 1663 3264 quolibet
1688 3172 1791 3242 laneo

215 3272 382 3396 'solvitur
409 3315 478 3365 una
504 3316 666 3366 mensura
693 3294 840 3385 siliginis
868 3301 907 3366 et
930 3315 1000 3365 6116
1017 3314 1166 3382 avonao3
1194 3293 1277 3363 item
1294 3292 1461 3365 scultetus
1483 3297 1537 3364 est
1554 3294 1613 3384 ibi,
1633 3297 1670 3363 61
1686 3293 1793 3364 babet

231 3422 385 3504 quatuor
420 3417 538 3487 laneos
574 3422 610 3487 61
645 3437 750 3487 611616
778 3416 1030 3506 molendinum,
1058 3415 1150 3505 quod
1176 3414 1324 3504 plebano
1353 3415 1458 3487 solvit
1488 3435 1592 3486 unum
1619 3414 1791 3485 fertonem

231 3535 266 3604 in
295 3535 603 3628 Wysznyowa.

909 3657 1118 3729 Dnocrnnn.
1416 3722 1418 3725 ,

336 3778 433 3850 Villa
459 3780 590 3851 habens
618 3780 653 3849 in
681 3799 718 3850 se
745 3779 925 3850 ecclesiam
953 3779 1186 3869 parochialem
1214 3778 1332 3850 Sancti
1359 3777 1559 3869 Adalberti,
1587 3778 1684 3850 66166
1711 3798 1792 3869 pro·

231 3900 364 3990 prietas
391 3901 435 3971 ad
462 3902 707 3973 monasterium
727 3899 983 3992 Gzyrzycnense
1002 3901 1164 3991 pertinet.
1190 3902 1231 3971 In
1251 3922 1318 3990 qua
1337 3907 1418 3971 sunt
1435 3901 1527 3971 lanei
1546 3901 1789 3991 emethonales,

231 4023 274 4093 de
303 4023 429 4112 quibus
457 4023 603 4094 solvitur
630 4030 666 4094 61
692 4023 1056 4096 conducitbrdecima
1082 4023 1308 4113 manipularis
1334 4029 1370 4093 et
1396 4023 1571 4112 canapalis
1599 4043 1686 4112 pro.
1714 4077 1721 4092 .
1749 4077 1756 4092 .
1784 4078 1791 4091 .

230 4143 319 4214 Item
348 4144 687 4215 666166161161161111
716 4144 834 4214 eadem
863 4144 946 4214 villa
972 4145 1132 4234 proprios
1159 4164 1262 4233 agros
1290 4150 1326 4214 61
1353 4150 1463 4233 61616,
1491 4165 1645 4233 616666
1671 4165 1737 4214 usu
1755 4153 1791 4214 61

230 4265 386 4354 praedio.
413 4266 501 4336 Item
529 4266 791 4356 iuspatronatus
819 4265 984 4336 ecclesiae
1004 4267 1038 4334 in
1057 4265 1295 4355 Droginya
1321 4266 1427 4336 babet
1458 4266 1678 4354 praepositus
1707 4264 1791 4334 San-

232 4392 309 4456 ctae
346 4385 515 4475 Hedvigis
551 4388 586 4458 in
614 4386 826 4458 Stradom
836 4408 898 4478 66,
935 4407 1010 4457 cum
1039 4387 1165 4457 61111616
1201 4391 1237 4456 61
1273 4391 1446 4457 conventu
1483 4384 1728 4476 Czyrzyczensi
1756 4386 1792 4454 in

235 4507 384 4579 solidum
425 4509 558 4578 vicibus
598 4509 798 4598 alternatis,
834 4511 969 4578 ratione
1010 4509 1112 4578 villae
1152 4507 1175 4578 J
1185 4508 1422 4598 ugowicze
1462 4507 1507 4577 ad
1542 4507 1790 4577 monasterinm

232 4629 383 4700 Sanctae
419 4628 587 4719 Hedvigis
623 4630 849 4718 pertinentia,
878 4630 920 4699 de
949 4650 1017 4719 qua
1044 4635 1080 4699 et
1107 4636 1187 4718 post
1214 4630 1414 4700 cmetbones
1441 4634 1479 4698 et
1508 4633 1587 4717 post
1612 4627 1792 4717 praedium

233 4751 384 4820 solvitur
410 4755 446 4820 61
472 4748 675 4821 conducitur
702 4750 835 4821 decima
860 4751 1087 4840 manipularis
1114 4759 1151 4820 61
1177 4727 1417 4844 666666116111
1443 4749 1694 4840 Droginya
1816 4781 1820 4786 ·

339 4872 658 4962 anosezowrczn,
685 4871 767 4943 villa
794 4872 858 4943 sub
886 4873 1051 4962 parocbia
1078 4873 1120 4942 do
1147 4866 1386 4963 Dro'ginya
1412 4872 1490 4960 sita,
1517 4871 1614 4940 66166
1633 4869 1791 4960 6166116-

232 4995 288 5065 166
327 4993 372 5064 ad
407 4993 551 5064 Petrum
588 4991 805 5065 Ossowsk
815 5017 838 5085 y
872 4995 914 5064 de
942 4995 1042 5064 domo
1070 4993 1221 5082 Ulyna
1245 4993 1406 5082 pertinet
1445 4991 1485 5061 In
1515 5012 1583 5081 qua
1609 4997 1691 5061 sunt
1716 4996 1790 5061 tres

233 5115 327 5186 lanei
363 5114 615 5205 cmethonalcs,
652 5115 744 5185 item·
770 5115 935 5204 taberna,
959 5115 1056 5212 item
1092 5114 1328 5204 hortulaniae,
1356 5113 1400 5183 de
1429 5113 1557 5202 quibus
1583 5112 1731 5183 solvitur
1756 5116 1795 5181 61

235 5237 441 5308 conducitur
467 5236 600 5308 decima
628 5237 852 5326 manipularis
880 5241 917 5307 61
943 5235 1128 5324 6611666116,
1156 5255 1220 5324 pro
1237 5233 1436 5325 praebenda
1454 5231 1685 5323 Gracovienst,
1704 5253 1792 5323 quae

232 5367 380 5432 vocatur
408 5356 615 5448 Goreczslra,
643 5365 679 5428 et
704 5359 804 5429 valor
830 5359 903 5427 6166
932 5357 1136 5427 aestimatur
1163 5356 1207 5426 ad
1226 5361 1374 5446 quatuor
1391 5375 1535 5425 marcas.
1562 5355 1650 5425 Item
1669 5361 1724 5424 661
1742 5353 1792 5425 ibi

156 5459 160 5468 Δ
232 5483 414 5572 praedium
452 5480 620 5570 militare,
650 5479 740 5569 quod
776 5480 899 5549 haeres
927 5499 990 5568 per
1016 5477 1265 5567 depositionem
1294 5477 1512 5547 cmetbonum
1540 5476 1787 5566 augmentavit,

232 5609 268 5674 et
295 5625 373 5675 curn
410 5601 539 5672 iniuria
573 5601 791 5690 praebendae
828 5600 1067 5672 cracoviensis
1103 5599 1251 5669 decimat
1278 5599 1443 5686 ecclesiae
1471 5599 1506 5668 in
1532 5597 1784 5688 1116661666.

337 5724 585 5814 Juoowrozn,
613 5723 694 5794 villa
729 5724 798 5793 sita
832 5724 896 5794 sub
923 5721 1086 5812 parocbia
1114 5721 1156 5792 de
1184 5721 1441 5811 Droginya,
1469 5721 1566 5794 cuius
1594 5721 1795 5810 proprietas
