4550 6600
1771 707 1819 833 aa

966 962 1121 1038 Woa'rn.

367 1081 473 1176 Villa,
499 1106 587 1177 quae
613 1085 721 1160 habet
747 1086 924 1159 ecclesiam
951 1087 1110 1191 ligneam,
1137 1087 1174 1158 ia
1199 1087 1398 1158 honorem.
1425 1138 1433 1154 .
1460 1138 1468 1154 .
1495 1139 1502 1155 .
1529 1081 1688 1175 dicatam
1717 1084 1817 1156 cuius

265 1204 433 1278 haeredes
461 1212 543 1279 sunt
639 1262 647 1279 .

896 1326 1189 1433 Snaczramraw.

369 1448 481 1539 Villa,
507 1448 639 1520 habens
670 1448 904 1541 parochialem
939 1449 1119 1521 ecclesiam
1153 1454 1326 1521 muratam
1361 1450 1397 1522 in
1425 1472 1481 1545 se,
1508 1454 1614 1531 Petra
1641 1466 1678 1533 et
1705 1459 1816 1534 Paulo

265 1566 403 1641 Sancus
430 1570 587 1660 dicatam,
614 1570 717 1669 cuius·
737 1571 860 1641 haeres
887 1568 1051 1640 Nicolaus
1070 1568 1501 1665 Sanczygnyeuslry
1527 1577 1571 1649 dc
1588 1578 1689 1652 dorna
1708 1574 1817 1674 aye-

264 1690 408 1781 lytha,
435 1690 472 1761 in
499 1708 568 1781 qua
594 1696 676 1762 sunt
704 1695 781 1761 octo
807 1690 899 1761 lanei
926 1690 1167 1780 emethanales,
1195 1689 1389 1781 dequibus
1416 1694 1564 1768 solvitur
1588 1705 1626 1771 et
1652 1702 1814 1774 conduci·

262 1816 325 1883 tur
350 1808 485 1883 decima
515 1811 745 1902 manipularis
781 1816 818 1883 et
844 1811 1017 1901 canapalis
1043 1812 1305 1901 praepositurae
1331 1812 1626 1911 Scarbimiriensi,
1654 1827 1690 1893 et
1716 1822 1817 1894 valor

264 1932 341 2003 eius
368 1930 414 2001 ad
439 1932 589 2022 quiaque
624 1950 757 2003 marcas
784 1932 1008 2021 aestimatum
1034 1932 1117 2002 item
1145 1938 1200 2003 est
1226 1932 1275 2004 rbi
1300 1934 1457 2027 taberna,
1483 1944 1557 2011 tres
1582 1941 1810 2034 hortulaniae,

145 2117 146 2126 ,
262 2052 435 2123 habentes
462 2072 575 2143 agras,
602 2052 798 2143 dequibus
825 2052 959 2124 decima
985 2053 1088 2124 datur
1115 2052 1227 2123 eidem
1244 2052 1523 2129 Scarhimlriensi
1539 2063 1813 2150 praepositurae.

262 2172 354 2243 Item
380 2178 435 2243 est
459 2172 510 2244 ibi
535 2194 641 2244 naum
667 2172 847 2263 praedium
873 2172 1024 2243 militare
1049 2172 1191 2264 bonum,
1214 2172 1257 2245 de
1284 2175 1381 2247 cuius
1408 2178 1502 2267 agris
1521 2179 1668 2251 soluitur
1685 2182 1818 2253 decima

263 2293 432 2365 ecclesiae
467 2293 504 2363 in
539 2292 881 2384 Sanczygnicw3
917 2294 1001 2364 item
1032 2292 1181 2385 ,ecclesia
1215 2294 1323 2365 habet
1356 2296 1407 2367 ihi
1432 2300 1593 2389 proprias
1625 2302 1747 2392 agras,
1767 2272 1820 2373 'ad

261 2434 371 2484 unum
398 2413 535 2483 laneum
571 2414 788 2503 aestimatae,
815 2432 940 2503 gayam
968 2412 1098 2484 dictum
1125 2412 1346 2506 Pazelaw,
1369 2420 1405 2487 et
1429 2424 1569 2508 pratum
1596 2422 1661 2492 sub
1688 2421 1820 2511 eodem,

261 2534 349 2604 item
374 2534 481 2605 habet
507 2533 601 2605 aliud
627 2538 766 2624 pratum
791 2554 897 2605 unam
924 2533 988 2605 sub
1015 2533 1098 2605 villa
1123 2532 1392 2627 Kayschyn3
1418 2537 1502 2611 item
1519 2560 1624 2612 naam
1641 2542 1820 2633 piscinam,

261 2650 477 2726 adiacentem
505 2654 609 2726 harto
634 2653 789 2758 eiusdem
815 2653 991 2725 ecclesiae.

370 2775 760 2865 Brnnazrcnawrczn,
787 2772 870 2845 villa
904 2774 969 2844 sub
1004 2770 1170 2863 parochia
1202 2773 1368 2846 ecclesiae
1402 2775 1447 2847 de
1471 2776 1817 2873 Sanczygnyew

263 2896 347 2986 sita,
374 2895 471 2967 cuius
498 2894 622 2966 haeres
648 2894 813 2965 Nicolaus
831 2892 1266 2985 Sancaygnyewslry
1292 2893 1479 2988 praefatus,
1496 2898 1533 2968 in
1552 2920 1621 2989 qua
1638 2906 1720 2972 sunt
1737 2906 1816 2974 aeta

251 2993 361 3089 'lanei
387 3015 629 3105 amathonales,
656 3014 739 3085 item
766 3034 836 3086 una
861 3014 1009 3086 taberna
1035 3018 1070 3084 et
1096 3018 1246 3103 quatuor
1271 3014 1500 3108 hortulaniae,
1517 3018 1686 3091 habentes
1704 3042 1818 3111 agros,

262 3136 463 3227 dequibus
491 3136 648 3207 amnibus
684 3134 830 3207 solvitur
866 3142 908 3205 et*
928 3133 1131 3206 conducitur
1158 3133 1290 3206 decima
1315 3136 1541 3227 manipularis
1576 3144 1613 3209 et
1639 3140 1816 3231 canapalis

262 3276 330 3347 pro
354 3256 500 3329 ecclesia
526 3256 563 3339 iu]
589 3251 864 3346 Slabaszow,
891 3260 929 3327 et
953 3254 1052 3328 valor
1076 3251 1217 3327 eiusad
1235 3258 1314 3328 acto
1331 3244 1465 3330 marcas
1483 3258 1697 3331 aestimatur.
1724 3259 1814 3332 ltem
1918 3262 1923 3267 “

264 3378 315 3449 ibi
343 3377 524 3469 praedium
549 3398 619 3450 non
646 3381 709 3448 est.

372 3495 694 3587 Ornrnuowrcza,
720 3475 804 3568 uilla
830 3495 894 3567 sub
910 3495 1077 3586 parochia
1094 3493 1138 3566 de
1156 3493 1495 3589 Sanazygnyeu
1522 3499 1600 3590 sita,
1619 3499 1716 3571 cuias
1734 3499 1818 3572 hae-

210 3613 214 3623 “
265 3639 325 3690 res
340 3615 517 3708 praefatus
531 3615 695 3688 Nicolaus
713 3616 1138 3706 Sanczygnyewsky
1164 3615 1327 3688 dedomo
1346 3616 1603 3709 Hastarum,
1621 3620 1695 3691 sive
1713 3616 1816 3709 Gye-

265 3739 523 3830 lythanum,
550 3737 587 3808 in
614 3757 683 3829 qua
709 3742 791 3808 aunt
816 3737 933 3808 decem
961 3736 1053 3807 lanei
1079 3737 1323 3826 emethanales‚
1350 3737 1435 3808 item
1451 3759 1522 3809 una
1537 3739 1692 3828 taberna,
1709 3758 1817 3810 unum

265 3859 502 3932 molendinum
530 3862 566 3928 et
591 3857 679 3928 duae
705 3853 935 3946 hortulaniae,
960 3856 1129 3928 habentes
1157 3875 1269 3946 agras,
1288 3857 1331 3927 de
1349 3857 1473 3946 quibus
1491 3857 1649 3928 amnibus
1668 3858 1817 3929 solvitur

264 3988 301 4053 et
329 3980 533 4052 conducitur
560 3978 691 4050 decima
716 3977 941 4067 manipularis
967 3981 1004 4048 et
1029 3975 1205 4066 canapalis
1222 3997 1287 4067 pra
1304 3978 1515 4049 monasteria
1533 3976 1817 4068 Andrzeovieasi,

266 4102 366 4172 auius
393 4100 490 4172 valor
517 4099 720 4170 aestimatur
746 4097 791 4169 ad
818 4097 935 4169 decem
961 4115 1104 4168 marcas.
1130 4096 1220 4168 Item
1245 4117 1316 4168 naa
1341 4103 1397 4169 est
1421 4096 1471 4168 ibi
1498 4097 1687 4188 praedium.

371 4219 656 4308 Iazrnowrchn,
684 4219 768 4289 villa
792 4219 856 4290 sub
874 4217 1041 4308 parochia
1059 4216 1101 4288 de
1120 4216 1458 4310 Sanczygnyew
1485 4218 1562 4308 sita,
1580 4218 1677 4289 caius
1693 4216 1819 4289 haeres

266 4341 448 4414 lohannes
476 4338 750 4430 Gzyzawsky
776 4338 819 4410 de
846 4337 947 4410 doma
973 4337 1229 4428 Palukaza,
1256 4338 1292 4408 in
1319 4359 1388 4429 qua
1412 4343 1495 4410 suut
1521 4357 1583 4409 sex
1608 4337 1700 4409 lanei
1726 4358 1818 4409 ame-

136 4445 141 4454 ’
267 4460 448 4552 thonales,
475 4459 519 4531 do
550 4459 674 4550 quibus
700 4457 848 4530 solvitur
875 4462 911 4529 et
937 4455 1141 4530 conducitur
1171 4457 1305 4529 decima
1328 4457 1554 4548 manipularis
1580 4462 1617 4528 et
1643 4457 1820 4547 canapalis

267 4603 333 4674 pro
369 4579 516 4652 ecclesia
550 4585 587 4652 et
621 4580 696 4650 eius
731 4575 877 4669 plebano
912 4579 948 4648 in
975 4576 1291 4670 Slabaschaw,
1318 4579 1393 4650 eius
1419 4578 1518 4650 valor
1543 4577 1747 4648 aestimatur
1773 4573 1818 4648 ad

268 4707 422 4793 quatuor
456 4719 608 4790 marcas,
636 4699 820 4791 aliquanda
856 4698 902 4770 ad
936 4695 1106 4789 paulaque,
1131 4696 1177 4768 de
1202 4719 1272 4769 uua
1299 4702 1415 4769 autem
1442 4715 1563 4788 campa
1588 4695 1697 4768 tertio
1725 4715 1817 4768 anno

269 4821 367 4894 cedit
393 4821 526 4892 decima
551 4819 715 4892 ecclesiae
741 4819 777 4890 in
804 4818 1109 4890 Dzerzaszna.

375 4941 598 5031 Buscrruow,
624 4939 708 5013 villa
736 4940 800 5011 sub
826 4939 992 5029 parochia
1018 4936 1183 5009 ecclesiae
1210 4935 1253 5009 de
1278 4935 1578 5009 Slabaschau
1603 4935 1691 5026 sita,
1718 4923 1818 5007 caius

268 5063 395 5136 haeres
422 5061 572 5132 Thomas
598 5059 1034 5150 Sanczygnyewsky
1060 5053 1103 5129 de
1122 5057 1228 5129 armis
1246 5051 1490 5150 Gyelytha,
1508 5057 1544 5127 ia
1563 5075 1710 5147 quasex
1728 5053 1821 5126 lanei

270 5182 524 5272 emethanales,
551 5181 634 5254 item
669 5175 743 5253 tres
769 5171 1007 5270 hortulaniae„
1033 5179 1117 5250 item
1143 5197 1214 5248 aaa
1238 5177 1402 5268 taberna,
1429 5176 1597 5248 habentes
1632 5195 1750 5265 agros,
1776 5173 1821 5246 de

271 5305 398 5400 quihus
426 5301 574 5375 solvitur
599 5306 637 5374 et
660 5299 865 5373 conducitur
892 5299 1024 5370 decima
1048 5297 1275 5389 manipularis
1300 5303 1339 5368 et
1363 5296 1539 5387 canapalis
1564 5314 1629 5386 pro
1646 5299 1821 5366 manaste-

269 5428 325 5498 rio
352 5423 639 5513 Aadrzeavieasi,
667 5422 764 5493 cuius
791 5421 890 5493 valor
916 5419 1120 5491 aestimatur
1147 5418 1192 5488 ad
1219 5437 1281 5490 sex
1298 5435 1441 5487 marcas.
1468 5415 1557 5487 Item
1572 5420 1630 5486 est
1647 5414 1697 5486 ibi
1714 5430 1821 5485 unam

270 5543 454 5636 praedium
480 5542 649 5633 militare,
678 5540 720 5613 de
755 5540 853 5612 cuius
880 5540 974 5630 agris
1002 5537 1193 5611 decimatur
1218 5536 1383 5608 ecclesiae
1410 5537 1446 5607 in
1472 5534 1821 5625 Sanczygnyew.

330 5691 335 5696 ·
376 5663 634 5754 Nuascuuaw,
661 5661 745 5734 villa
779 5661 843 5733 sub
870 5660 1035 5751 parochia
1060 5657 1103 5728 dc
1130 5657 1433 5732 Slaboschou
1459 5656 1543 5749 sita,
1560 5655 1668 5728 'auius
1695 5651 1819 5726 haeres

376 5829 533 5874 mumma.
550 5829 581 5872 ra
1241 5848 1246 5864 ι
1612 5793 1654 5852 ¹0
