4550 6600
493 653 560 788 ⁴10x

492 921 543 992 ibi
577 917 762 1010 tabernae,
797 938 866 991 non
902 920 984 990 sunt
1018 912 1246 990 hortulaniae.
1289 910 1378 986 Item
1413 908 1559 986 ecclesia
1584 915 1621 985 et
1652 908 1821 1003 plebanus
1854 909 1963 984 habet
1988 907 2045 983 ibi
2160 934 2161 959 ³

491 1040 650 1132 proprios
687 1061 788 1131 agros
824 1039 954 1111 liberos
981 1042 1016 1109 et
1041 1042 1153 1129 prata,
1188 1057 1252 1127 pro
1278 1055 1341 1107 suo
1367 1056 1451 1124 usu,
1478 1033 1622 1124 praedio
1650 1037 1686 1104 et
1711 1033 1927 1104 necessitate.

594 1159 720 1232 Unmn
745 1158 892 1249 Mmoa,
927 1158 1012 1231 villa
1038 1157 1102 1229 sub
1128 1156 1294 1247 parochia
1320 1153 1486 1227 ecclesiae
1513 1154 1557 1225 de
1582 1152 1758 1224 Maiori
1783 1151 1935 1243 Ulyna
1960 1153 2044 1242 sita,

492 1281 589 1354 cuius
615 1280 784 1352 haeredes
809 1279 938 1352 Paulus
965 1278 1166 1368 Ulinsky
1200 1281 1236 1348 et
1261 1275 1439 1349 Iohannes
1465 1274 1639 1346 Jaroch
1669 1273 1713 1345 de
1740 1272 1841 1345 domo
1867 1272 2042 1364 Ulyua,

354 1495 356 1501 Ι
491 1401 529 1472 in
556 1420 625 1492 qua
651 1404 731 1472 sunt
758 1387 907 1490 quatuor
932 1399 1025 1470 lanei
1042 1398 1284 1487 emethonales,
1310 1395 1356 1468 ad
1371 1397 1623 1487 proprietatem
1648 1393 1868 1484 praebendae
1894 1392 1939 1464 de
1956 1391 2042 1464 Sie-

493 1521 803 1592 ciechowieze
829 1519 1053 1610 pertinentes,
1080 1517 1124 1590 de
1151 1538 1297 1608 quorum
1313 1517 1437 1588 tribus
1463 1515 1611 1588 solvitur
1628 1519 1665 1586 et
1681 1513 1886 1586 conducitur
1904 1513 2038 1584 decima

491 1639 717 1731 manipularis
744 1645 781 1712 et
807 1640 982 1731 canapalis
1012 1659 1076 1730 pro
1103 1637 1304 1729 praebenda
1329 1635 1570 1725 Graooviensi‚
1607 1655 1695 1726 quae
1721 1638 1867 1708 vocatur
1891 1633 2038 1704 Racibo·

492 1760 649 1851 rowska,
686 1765 832 1851 quartus
858 1780 942 1832 vero
968 1759 1090 1831 laneus
1125 1758 1279 1830 eiusdem
1306 1755 1525 1849 praebendae
1557 1755 1602 1826 de
1627 1753 2035 1844 Sieciechowicze,

494 1882 599 1955 solvit
624 1880 792 1952 decimam
817 1879 1069 1971 manipularem
1103 1878 1252 1968 plebano
1286 1878 1324 1950 in
1350 1877 1499 1969 Ulyna
1533 1897 1593 1966 eo,
1629 1874 1722 1965 quod
1756 1879 1835 1946 erat
1869 1873 2030 1965 quondam

492 2001 665 2074 militaris.
691 2001 779 2073 Item
805 2005 887 2072 sunt
912 2000 962 2072 ibi
988 1999 1056 2071 duo
1083 1998 1227 2089 praedia
1251 1997 1418 2070 militaria
1443 2003 1481 2069 et
1506 1996 1595 2068 duae
1616 1995 1847 2085 hortulaniae‚
1872 1995 2034 2066 habentes

494 2143 607 2214 agros,
635 2121 678 2194 de
705 2121 829 2211 quibus
857 2120 1049 2192 decimatur
1075 2119 1239 2191 ecclesiae
1265 2124 1302 2190 et
1326 2117 1474 2210 plebano
1501 2118 1538 2188 in
1563 2116 1732 2207 Ulyna,
1758 2121 1806 2188 et'
1820 2115 1920 2187 rulor
1949 2112 2039 2185 deci-

493 2263 572 2316 mae
595 2242 802 2314 ‘aestimatur
828 2240 874 2312 ad
900 2244 1048 2331 quatuor
1074 2259 1219 2312 marcas.

889 2362 892 2368 ’
1182 2357 1372 2432 qunrczn.

600 2481 711 2574 Villa,
746 2481 879 2554 habens
914 2480 1148 2574 parochialem
1183 2480 1363 2552 ecclesiam
1397 2478 1547 2568 ligneam
1582 2479 1701 2568 inse,
1737 2477 1863 2549 Sancto
1898 2475 2044 2548 Nicolao

497 2601 685 2676 confessori
703 2603 863 2693 dicatam,
881 2603 977 2674 ouius
995 2603 1118 2674 haeres
1136 2599 1334 2673 Jochannes
1352 2597 1461 2672 Ozul
1473 2600 1541 2670 icz
1552 2598 1635 2689 sky
1662 2598 1705 2670 de
1728 2599 1834 2669 armis
1852 2596 2045 2687 Gzernia

497 2725 534 2796 in
561 2745 629 2815 qua
656 2727 736 2796 sunt
753 2729 831 2796 octo
858 2724 950 2795 lanei
968 2722 1215 2812 emethonales,
1242 2721 1285 2793 de
1312 2721 1438 2811 quibus
1464 2720 1611 2791 solvitur
1628 2724 1665 2789 et
1681 2718 1886 2791 conducitur
1911 2717 2049 2789 decima

496 2846 721 2938 manipularis
757 2851 794 2917 et
829 2845 1004 2935 canapelis
1039 2863 1103 2934 per
1135 2848 1285 2932 quatuor
1319 2841 1458 2930 ierugas
1492 2860 1556 2930 pro
1591 2839 1792 2930 praebenda
1823 2838 2048 2911 Gracoriensi

496 2973 621 3040 vocata
647 2964 894 3056 Gosczyczska,
922 2965 1019 3035 cuius
1046 2963 1144 3034 valor
1170 2963 1375 3032 aestimatur
1405 2960 1451 3050 ad
1482 2959 1663 3032 duodecim
1690 2981 1835 3032 marcas.
1874 2960 1963 3031 ltem
1990 2963 2048 3030 est

496 3087 535 3158 in
562 3087 681 3158 eadem
699 3086 784 3156 villa
810 3085 907 3155 curia
924 3083 1095 3172 militaris,
1122 3083 1255 3154 hahens
1282 3102 1398 3171 agros,
1425 3081 1509 3152 item
1527 3087 1686 3172 quatuor
1712 3083 1889 3171 tabernae,
1913 3080 2049 3151 habeu-

497 3212 552 3276 tes
579 3226 692 3295 agros,
719 3205 803 3276 item
830 3225 892 3276 sex
917 3203 1146 3292 hortulaniae‚
1173 3203 1342 3273 habentes
1369 3222 1482 3292 agros,
1508 3202 1551 3274 de
1570 3203 1695 3293 quibus
1713 3203 1872 3274 omnibus
1899 3200 2051 3273 solvitur

499 3326 632 3397 decima
667 3326 891 3417 manipularis
927 3325 1091 3397 ecclesiae
1118 3329 1155 3396 et
1180 3324 1328 3415 plebano
1355 3324 1429 3395 eius
1459 3325 1497 3395 in
1524 3323 1757 3415 qulicze,
1784 3330 1821 3395 et
1845 3324 1945 3396 valor
1970 3323 2049 3395 eius

498 3420 703 3518 aestimatur
728 3446 773 3517 ad
800 3451 948 3538 quatuor
973 3466 1117 3517 marcas.
1143 3445 1233 3517 Item
1258 3446 1365 3517 habet
1391 3446 1441 3517 ibi
1467 3446 1613 3519 ecclesia
1636 3451 1673 3517 et
1689 3445 1857 3537 plebanus
1884 3444 2049 3536 proprios

498 3587 600 3659 agros
627 3566 757 3639 hberos
783 3572 819 3639 et
844 3573 954 3659 prato,
980 3587 1044 3658 pro
1064 3587 1126 3639 suo
1153 3588 1220 3639 usu
1245 3571 1282 3638 et
1307 3566 1528 3639 necessitate.

602 3686 762 3761 Wnonm
787 3688 927 3780 Maron,
956 3689 1038 3760 villa
1064 3689 1128 3760 suh
1155 3688 1321 3779 parochia
1346 3687 1389 3759 de
1416 3686 1635 3759 (lzulicze
1661 3689 1738 3778 stta,
1765 3687 1863 3759 cuius
1889 3686 2048 3778 proprie-

498 3815 553 3882 tas
580 3808 625 3881 ad
659 3810 906 3881 monasterium
932 3809 1052 3882 Sancti
1079 3808 1230 3900 Spiritus
1265 3810 1300 3881 in
1333 3807 1563 3882 cracovia
1596 3810 1766 3900 pertinet,
1802 3808 1934 3900 inqua
1962 3814 2048 3880 sunt

500 3930 695 4023 quindecim
713 3930 805 4001 lanei
832 3931 1073 4022 emethonales,
1100 3931 1184 4002 item
1202 3931 1349 4002 taberna
1365 3950 1444 4020 una,
1470 3931 1555 4002 item
1571 3929 1791 4001 hortulaniae
1808 3935 1891 4020 tres,
1916 3929 2050 4001 haben-
2160 3923 2161 3932 ’

499 4058 553 4123 tes
581 4072 693 4142 agros,
720 4051 771 4123 ita
790 4050 881 4142 quod
899 4052 1046 4123 taberna
1064 4056 1100 4123 et
1117 4051 1337 4123 hortulanIae
1363 4050 1540 4141 praefatae
1561 4051 1693 4123 habent
1718 4050 1893 4141 iutegrum
1909 4050 2048 4121 laneum

500 4172 700 4263 specialem,
736 4173 829 4244 iuter
856 4192 915 4244 eos
942 4172 1127 4263 partitum,
1166 4172 1361 4261 dequibus
1397 4172 1555 4243 omnibus
1591 4172 1739 4243 solvitur
1774 4177 1811 4243 et
1843 4171 2050 4243 conducitur

501 4293 634 4365 decima
659 4293 886 4384 manipularis
913 4299 949 4365 et
976 4292 1152 4382 canapelis
1186 4313 1251 4382 pro
1287 4291 1487 4383 praebenda
1513 4290 1753 4383 cracoviensi,
1789 4312 1878 4383 quae
1904 4296 2050 4365 vocatur

500 4414 742 4503 Kamiowska,
769 4420 805 4486 et
831 4414 930 4486 valor
956 4416 1030 4485 eins
1057 4414 1262 4485 aestImatur
1288 4414 1333 4483 ad
1359 4413 1484 4504 viginti
1510 4432 1653 4483 marcas.
1678 4413 1768 4484 Item
1795 4418 1850 4484 est
1874 4413 1924 4484 ibi
1949 4433 2051 4503 prae-

502 4536 597 4607 dium
624 4534 833 4625 coenobiale,
861 4534 904 4606 de
932 4535 1028 4607 cuius
1055 4535 1150 4626 agris
1176 4534 1262 4605 nnlh
1280 4534 1385 4607 solvit
1411 4534 1586 4624 decimam,
1614 4534 1675 4606 sed
1702 4554 1777 4606 eam
1804 4534 2049 4608 monasterium

501 4656 595 4729 tolht
620 4676 684 4746 pro
712 4676 749 4727 se
776 4660 811 4726 et
837 4656 873 4727 iu
899 4656 1063 4728 horreum
1091 4654 1195 4727 ducit

606 4776 812 4868 Knnrrow,
839 4777 923 4849 villa
949 4778 1012 4849 sub
1030 4776 1197 4868 parochia
1223 4775 1266 4847 de
1293 4773 1510 4848 Caulicze
1537 4776 1615 4865 sita,
1642 4776 1739 4848 cuius
1756 4776 1881 4849 haeres
1898 4774 2051 4848 lacobus

503 4898 547 4971 de
572 4896 934 4991 Konyeczpolye
961 4897 1004 4970 de
1031 4898 1136 4969 armIs
1163 4896 1395 4987 Pobodze,
1422 4897 1459 4969 in
1486 4917 1554 4987 qua
1571 4901 1654 4967 sunt
1679 4896 1941 4987 quatuordecim
1958 4897 2051 4968 lanei

503 5020 746 5110 emethonales,
772 5020 856 5090 item
883 5018 971 5091 duae
997 5020 1175 5109 tabernae,
1201 5018 1286 5088 item
1313 5024 1462 5109 quatuor
1488 5018 1717 5107 hortulaniae‚
1743 5018 1912 5089 habentes
1938 5038 2050 5107 agros,

504 5141 547 5213 de
575 5142 698 5231 quibus
727 5140 885 5212 omnibus
921 5140 1070 5212 solvitur
1096 5144 1132 5211 et
1159 5138 1364 5211 conducitur
1391 5139 1524 5210 decima
1559 5138 1787 5228 manipularis
1813 5144 1850 5209 et
1876 5138 2052 5229 canapaHs

504 5282 567 5351 pro
594 5260 792 5352 praebenda
818 5259 1048 5351 Oracoviensi,
1076 5280 1164 5351 quae
1190 5266 1334 5331 vocatur
1351 5259 1593 5349 Karniowslra,
1619 5260 1717 5329 ouius
1743 5259 1842 5330 valor
1868 5260 1913 5330 ad
1930 5259 2054 5351 viginti

505 5400 639 5452 marcas
666 5383 879 5453 aestimatur.
906 5382 993 5453 Item
1021 5386 1075 5452 est
1100 5381 1150 5453 ibi
1175 5380 1355 5472 praedium
1380 5380 1540 5471 militare,
1567 5379 1610 5451 de
1629 5380 1725 5451 ouius
1752 5380 1846 5470 agris
1863 5380 2055 5451 decimatur

506 5501 671 5573 ecclesiae
698 5508 734 5573 et
760 5503 909 5594 plebano
937 5504 972 5573 in
1001 5500 1235 5593 qulicze,
1262 5507 1298 5573 et
1315 5502 1413 5574 valor
1438 5502 1512 5572 eius
1531 5502 1737 5572 aestImatur
1755 5501 1801 5572 ad
1817 5506 1892 5573 tres
1910 5521 2053 5572 marcas.

609 5620 912 5717 ernurnonow,
947 5623 1032 5695 villa
1058 5623 1122 5711 sub
1149 5623 1316 5714 parochIa
1351 5624 1395 5695 de
1421 5621 1640 5695 Ozulicze
1676 5623 1762 5714 sita,
1798 5622 1895 5695 cuius
1929 5622 2054 5697 haeres
