4550 6600
468 744 544 815 aaa
594 825 598 835 p

468 950 643 1040 canapalis
670 968 733 1038 pro
761 948 912 1037 capitulo
937 942 1169 1035 Cracoviensi‚
1202 951 1239 1017 et
1269 946 1367 1017 valor
1397 946 1473 1017 eius
1500 946 1706 1017 aestimatur
1724 946 1769 1017 ad
1789 966 1850 1018 sex
1867 966 2016 1037 marcas,
2154 1038 2156 1045 .

468 1074 553 1143 item
579 1091 648 1141 non
676 1074 757 1141 sunt
784 1069 832 1139 ibi
859 1066 1086 1149 hortulaniae.

573 1190 812 1280 Kouczrsm,
839 1190 922 1261 villa
949 1190 1013 1260 sub
1040 1188 1207 1279 parochia
1234 1188 1277 1259 de
1296 1187 1705 1280 Oppathkowycze
1731 1190 1807 1279 sita,
1826 1165 1923 1260 cuius
1940 1190 2019 1261 bae·
2154 1214 2156 1223 ·

466 1314 567 1386 redes
607 1312 800 1384 Stanislaus
840 1306 1177 1401 Wroblowsky,
1217 1308 1396 1381 lohannes
1437 1310 1787 1402 Thaszyczsky,
1827 1310 2019 1383 Stanislaus

467 1436 625 1525 Trzop,
653 1434 712 1524 qui
739 1433 784 1516 de
810 1433 881 1503 suis
909 1433 1003 1522 agris
1029 1430 1265 1522 praedialibus
1291 1432 1431 1503 solvunt
1456 1431 1623 1503 decimam
1642 1432 1893 1522 manipularem
1912 1433 2018 1504 eccle·
2154 1464 2156 1477 ·

468 1557 541 1627 siae
576 1559 612 1625 61
646 1554 792 1643 plebano
829 1552 865 1623 in
901 1552 1322 1643 Oppathlrouycae‚
1349 1558 1393 1623 et·
1421 1549 1531 1623 valor
1553 1554 1628 1624 eius
1654 1553 1861 1624 aestimatur
1891 1553 1937 1623 ad
1963 1574 2022 1624 sex
2154 1548 2156 1551 ⁴

467 1696 612 1747 marcae.
648 1674 736 1745 Item
772 1677 853 1743 sunt
879 1674 928 1744 ibi
954 1672 1046 1744 lanei
1073 1673 1325 1762 cmctbonales,
1352 1673 1395 1743 de
1422 1674 1548 1763 quibus
1574 1674 1708 1744 decima
1733 1674 1962 1764 manipularis
1988 1682 2023 1745 et

468 1795 642 1886 canapalis
669 1794 816 1866 solvitur
843 1798 879 1864 61
905 1793 1108 1865 conducitur
1134 1814 1198 1883 pro
1226 1794 1377 1883 capitulo
1404 1794 1635 1883 Gracoviensi,
1654 1800 1690 1866 61
1707 1795 1807 1865 valor
1825 1795 1899 1865 cius
1919 1796 2021 1865 aesti-

469 1922 583 1989 matur
610 1915 653 1987 ad
681 1920 830 2006 quatuor
858 1934 1011 2004 marcas3
1038 1916 1121 1985 item
1149 1935 1219 1986 non
1246 1920 1328 1985 sunt
1352 1916 1402 1986 ibi
1434 1916 1620 2005 tabernae,
1647 1936 1761 2005 neque
1795 1916 2024 1987 hortulaniae.
2154 1956 2156 2005 5

571 2038 787 2126 Bassania,
815 2036 878 2107 sub
914 2036 1080 2126 parochia
1107 2034 1149 2106 dc
1180 2034 1587 2126 Oppathkowycze
1615 2036 1699 2125 sita,
1727 2036 1825 2107 cuius
1852 2037 2021 2108 haeredes
2154 2046 2156 2095 ³

468 2161 646 2233 anzslaw
671 2159 860 2249 Kadsky
896 2158 939 2229 dc
971 2158 1075 2229 armis
1103 2212 1252 2227 .....
1287 2158 1329 2228 16
1356 2179 1425 2249 qua
1451 2164 1534 2229 sunt
1568 2158 1635 2229 duo
1662 2158 1755 2229 lanei
1782 2160 2022 2246 cmetbonales,

470 2283 512 2354 de
541 2283 665 2373 quibus
700 2280 835 2352 ratione
872 2280 1024 2351 decimae
1060 2279 1208 2351 solvitur
1235 2300 1323 2352 unos
1348 2278 1439 2351 ferto
1467 2300 1531 2370 pro
1559 2280 1710 2370 capitulo
1739 2278 1962 2353 Gracoviensi
1988 2282 2022 2353 in

471 2424 615 2477 summa.

539 2592 545 2607 ,
575 2523 758 2613 Vrnmun,
786 2522 869 2594 villa
895 2522 958 2592 sub
987 2522 1153 2611 parochia
1179 2522 1223 2593 de
1249 2521 1655 2615 Oppathkowycze
1681 2522 1758 2612 sita,
1786 2525 1884 2620 cuius
1902 2526 2022 2597 haeres
2154 2550 2156 2571 ³

470 2646 636 2719 Albertus
664 2643 915 2735 Gezowsky
943 2644 985 2714 de
1012 2646 1116 2716 armis
1143 2644 1321 2735 Strepe.
1350 2644 1438 2716 Sunt
1464 2646 1513 2717 ibi
1540 2645 1629 2717 dnae
1655 2646 1877 2717 hortulaniae
1894 2647 2022 2717 haben-

469 2774 523 2839 tes
550 2787 664 2857 {aegros²
691 2769 726 2835 et
753 2765 928 2855 quaelibet
955 2764 1058 2836 solvit
1084 2787 1148 2855 pro
1176 2765 1309 2837 decima
1335 2786 1458 2837 novem
1484 2788 1636 2857 grossos,
1664 2771 1699 2836 61
1725 2767 1908 2857 praedium
1935 2768 2021 2837 mili-

470 2894 547 2960 tare
582 2888 618 2958 in
653 2887 771 2959 valore
808 2886 953 2958 duarum
989 2907 1203 2977 arancarum,
1239 2886 1483 2959 mansionariis
1520 2888 1639 2959 Sancti
1658 2882 1797 2959 'Jacobi
1829 2889 1866 2959 16
1903 2889 2025 2961 Casi-

458 3007 618 3084 'miria

583 3128 738 3218 Roman,
766 3127 848 3199 61116
884 3128 947 3199 sub
983 3128 1150 3217 parochia
1185 3128 1228 3199 de
1264 3113 1451 3200 Ila'dlow
1486 3131 1572 3219 sita,
1598 3131 1634 3203 in
1671 3150 1740 3221 qua
1774 3132 2050 3228 muscetanum·

472 3250 694 3341 Thyuczense
729 3268 792 3338 pro
827 3268 897 3319 una
932 3247 1119 3320 medietate
1146 3249 1252 3321 habet
1278 3251 1546 3341 proprietatem,
1572 3252 1609 3322 in
1637 3273 1706 3342 qua
1731 3252 1918 3327 medietate
1944 3260 2024 3326 sunt

473 3376 622 3460 quatuor
648 3370 741 3439 lanei
768 3369 1010 3460 cmetbonales‚
1038 3370 1122 3440 item
1148 3392 1218 3441 uua
1244 3372 1392 3443 taberna
1417 3372 1548 3443 habens
1575 3393 1688 3463 agros,
1707 3375 1790 3445 item
1807 3375 2024 3447 hortulauiae

472 3497 545 3562 tres
572 3491 741 3561 habentes
769 3511 880 3580 agree,
908 3490 992 3560 item
1019 3491 1199 3580 praedium
1227 3493 1436 3583 coenobiale,
1463 3493 1555 3584 quod
1582 3495 1674 3565 tollit
1699 3517 1763 3585 pro
1791 3495 2026 3587 sedecimam,

473 3612 516 3684 de
544 3613 701 3684 omnibus
729 3611 845 3682 autem
871 3612 965 3702 agris
993 3613 1279 3703 emethonalibus,
1305 3614 1472 3686 tabernac
1498 3620 1534 3686 et
1558 3616 1854 3708 bortulauiarnm,
1879 3619 2025 3690 solvitur

473 3739 510 3807 et
536 3734 739 3806 conducitur
765 3733 898 3805 decima
923 3735 1149 3826 manipularis
1177 3742 1213 3807 ct
1239 3737 1413 3827 canapalis
1439 3758 1503 3826 pro
1530 3737 1677 3809 ccclesia
1701 3739 1737 3809 in
1765 3738 2024 3830 Oppathko·

473 3857 615 3946 wicze,
643 3861 679 3926 et
705 3855 803 3926 valor
831 3855 905 3928 eius
932 3857 1137 3929 aestimatur
1165 3857 1210 3928 ad
1238 3858 1388 3948 quinque
1406 3879 1550 3930 marcas.
1577 3859 1617 3929 In
1636 3859 1880 3931 altercantem
1898 3862 2024 3933 medie·

376 3979 381 3990 '
473 3981 547 4048 tate
565 3977 763 4067 praedictae
781 3978 894 4066 villae,
913 3983 968 4050 est
985 3979 1111 4050 haeres
1126 3977 1304 4050 Johannes
1322 3979 1496 4070 Slanlra
1521 3976 1564 4052 de
1583 3981 1689 4051 armis
1707 3980 2026 4074 Kopascnyna

475 4097 603 4188 quide
631 4118 692 4170 suo
719 4097 861 4187 praedio
889 4099 1032 4170 militari
1059 4099 1208 4170 decimat
1235 4100 1398 4172 ecclesiae
1426 4102 1461 4170 in
1489 4101 1685 4191 Radlow‚
1712 4103 1756 4173 de
1775 4108 1925 4193 quatuor
1944 4125 2023 4176 rero

474 4218 702 4308 hortularia,
730 4239 817 4307 quae
853 4226 934 4290 sunt
962 4219 1004 4290 dc
1031 4201 1245 4310 proprietate
1264 4222 1427 4292 eiusdem
1453 4222 1623 4294 lobannis
1650 4223 1808 4315 816116,
1835 4225 2025 4298 decimatur

476 4339 694 4430 praebendae
721 4339 928 4430 Visliciensi,
956 4363 1043 4431 quae
1071 4343 1267 4432 appellatur
1291 4343 1544 4415 Drocheczska.

578 4461 871 4550 Β6666661666,
899 4462 982 4533 61116
1018 4464 1080 4535 sub
1116 4464 1282 4554 parochia
1306 4466 1351 4536 de
1377 4465 1499 4538 eadem
1526 4466 1924 4557 Oppathkowicze
1951 4470 2024 4559 sita,

476 4584 573 4654 cuius
600 4581 768 4652 haeredes
795 4581 1129 4655 Wroblousczi
1157 4585 1199 4655 de
1227 4585 1359 4656 armis:
1387 4642 1394 4656 .
1422 4642 1430 4656 .
1456 4587 1497 4659 16
1525 4607 1594 4678 qua
1620 4594 1702 4660 sunt
1719 4588 1812 4658 lanei
1830 4590 2025 4660 6166116666-

475 4705 535 4795 lea,
562 4703 606 4775 de
633 4704 757 4794 quibus
785 4705 942 4776 omnibus
970 4704 1161 4776 decimatur
1187 4728 1251 4796 pro
1270 4707 1416 4779 ecclesia
1433 4707 1551 4781 Sancti
1570 4708 1693 4780 Jacobi
1709 4710 1746 4779 16
1765 4709 2025 4799 Gasimiria,

475 4827 572 4898 ouius
599 4826 697 4898 valor
724 4827 927 4898 aestimatur·
954 4827 998 4898 ad
1026 4883 1033 4896 .
1061 4883 1068 4897 .
1096 4883 1103 4898 .

578 4947 863 5024 Waoucowmzc
899 4969 1097 5041 suemuon,
1133 4949 1215 5021 villa
1250 4951 1315 5021 sub
1352 4951 1471 5022 eadem
1507 4953 1690 5042 parochia,
1719 4953 1816 5024 cuius
1855 4954 2022 5025 haeredes

475 5069 578 5140 iidem
615 5068 978 5162 Wroblowsczy'‚
1008 5071 1170 5143 videlicet
1202 5073 1381 5144 lohannes
1416 5074 1533 5144 senior
1559 5080 1596 5144 et
1621 5073 1800 5146 lohannes
1827 5075 1952 5147 iunior.
1987 5075 2024 5146 Iu

475 5211 544 5280 qua
570 5195 651 5262 sunt
677 5191 769 5262 lanei
796 5191 1030 5264 cmethonales
1058 5193 1132 5263 sive
1159 5194 1389 5284 lrortulaniae‚
1417 5193 1459 5265 de
1488 5195 1613 5285 quibus
1640 5195 1788 5267 solvitur
1814 5195 1949 5268 decima
1966 5218 2025 5287 pro

475 5311 619 5382 ecclesia
646 5312 763 5384 Sancti
790 5313 913 5385 ¹iacobi
940 5314 975 5383 in
1003 5313 1278 5404 Gasimiria3
1303 5316 1388 5388 item
1415 5316 1483 5387 duo
1511 5316 1655 5414 praedia
1680 5317 1856 5408 militaria,
1882 5317 1926 5389 de
1954 5319 2024 5409 qui·

477 5431 542 5502 bus
569 5434 726 5506 omnibus
763 5434 954 5507 decimatur
980 5457 1043 5526 pro
1071 5437 1315 5511 mansionariis
1342 5438 1460 5511 Sancti
1485 5435 1672 5510 Jacobi'in
1699 5436 1965 5530 0661611616,
1990 5444 2024 5510 61

362 5607 366 5620 .
478 5553 576 5624 valor
603 5555 676 5626 eius
703 5557 747 5627 ad
775 5557 860 5630 duas
887 5579 1021 5630 marcas
1048 5561 1260 5632 aestimatur.

581 5671 799 5750 1166666666
826 5701 1023 5772 66666166,
1051 5679 1135 5752 villa
1162 5682 1226 5752 sub
1252 5682 1420 5771 parochia
1446 5684 1490 5755 de
1516 5679 1925 5774 Oppathknwycze
1951 5683 2022 5771 situ,
