4550 6600
1139 1438 1419 1511 Bssznzrnnza.

609 1560 704 1632 Villa
729 1560 861 1633 habens
888 1559 925 1631 in
952 1580 989 1631 se
1016 1561 1247 1650 parochialem
1274 1561 1466 1650 ecclesiam,
1493 1560 1639 1633 Sanctae
1666 1563 1832 1635 Trinitati
1858 1570 1897 1634 et
1913 1562 2062 1635 Sanctae

505 1681 745 1775 Margarithae
773 1682 946 1771 fficatam„
959 1686 995 1753 et
1020 1702 1084 1772 per
1109 1682 1355 1772 Helvigum
1382 1682 1568 1754 haeredem
1594 1683 1637 1753 de
1663 1684 1811 1773 ibidem,
1839 1685 1992 1755 nobilem
2020 1684 2062 1756 de

505 1804 606 1875 domo
634 1801 886 1895 Grzymala,
913 1808 1095 1893 muratam,
1122 1804 1214 1874 turri
1239 1810 1276 1874 et
1302 1805 1511 1876 coemeterio
1530 1804 1573 1875 de
1590 1804 1706 1894 lapide
1724 1825 1788 1894 per
1806 1826 1886 1876 eum
1905 1807 2062 1896 impensu

508 1930 545 1997 et
570 1925 739 1997 fabricata
776 1926 1044 2013 circumdatam
1081 1926 1141 2016 qui
1167 1924 1397 2015 Helrigus
1429 1925 1521 1995 illius
1548 1926 1650 1997 villae
1677 1934 1714 1997 et
1740 1927 1908 1997 ecclesiae
1935 1928 2060 1998 haeres

505 2048 626 2119 unicus
653 2053 689 2118 et
715 2052 883 2137 patronus
920 2046 993 2117 luit.
1029 2047 1069 2117 In
1098 2068 1167 2136 qua
1194 2053 1276 2117 sunt
1301 2047 1394 2117 lanei
1421 2048 1676 2137 cmethonales,
1702 2049 1786 2119 item
1813 2070 1884 2119 una
1910 2050 2059 2120 taberna

505 2170 636 2241 hahens
671 2190 792 2259 agrae,
818 2169 902 2239 item
936 2167 1116 2258 praedium
1153 2168 1292 2238 ramicum
1327 2168 1478 2238 militare
1504 2170 1652 2258 celibi,
1679 2170 1722 2240 de
1749 2170 1876 2259 quibus
1903 2172 2062 2241 omnibns

507 2292 655 2363 solvitur
681 2295 717 2361 et
742 2288 946 2361 conducitur
977 2288 1111 2360 decima
1138 2288 1363 2378 manipularis
1389 2295 1427 2359 et
1452 2290 1628 2379 canapalis
1654 2290 1820 2361 ecclesiae
1846 2295 1885 2363 et
1911 2291 2061 2381 plebane

506 2413 542 2484 in
570 2410 904 2503 Beszdzyedza,
931 2410 1027 2481 cuius
1054 2410 1155 2481 valor
1181 2410 1386 2481 aestimatur
1412 2411 1457 2481 ad
1484 2398 1634 2481 sedecim
1661 2432 1815 2500 usercae,
1841 2413 1927 2483 item
1954 2414 2062 2484 eccle-

504 2534 559 2605 sia
585 2534 692 2605 habet
727 2534 777 2605 ihi
813 2552 917 2623 agros
944 2538 980 2603 et
1006 2536 1125 2622 prata,
1152 2531 1235 2602 item
1261 2531 1368 2602 habet
1393 2532 1538 2604 ecclesia
1563 2537 1601 2603 et
1627 2539 1701 2603 tres
1728 2534 1938 2623 piscinulas;
1966 2535 2061 2605 cuins

508 2676 598 2725 nunc
624 2654 791 2745 plebanus
811 2652 974 2725 Nicolaus
1001 2653 1044 2725 de
1070 2652 1314 2724 Pnznania'
1331 2652 1524 2744 presbyter.
1552 2653 1665 2725 Villae
1691 2655 1928 2745 parochiales:
1957 2655 2059 2726 Bes

508 2776 722 2868 dryadas,
750 2773 1061 2864 Beszdzadha,
1082 2774 1277 2865 'Sorrina
1304 2774 1540 2846 Lublicza.

611 2899 877 2987 annzranm,
903 2896 988 2967 villa
1014 2896 1078 2967 sub
1105 2896 1272 2986 parochia
1297 2895 1342 2968 de
1368 2896 1697 2987 Beszdzyedza
1722 2897 1800 2988 sita,
1818 2899 1916 2969 cuius
1935 2899 2060 2970 haeres

507 3020 736 3109 Helvigus
771 3019 815 3091 de
841 3018 1172 3108 Beszdzyedza
1197 3016 1241 3089 de
1267 3019 1374 3089 armis
1401 3017 1656 3109 Grzymala
1695 3019 1736 3088 ln
1764 3040 1834 3109 qua
1859 3025 1943 3090 sunt
1969 3020 2060 3091 lanei

509 3141 761 3229 emethnnales,
799 3140 842 3211 de
879 3139 1004 3230 quihus
1040 3140 1198 3211 omnibns
1233 3140 1380 3211 solvitur
1414 3140 1548 3211 decima
1581 3141 1807 3229 manipularis
1834 3141 2003 3213 ecclesiae
2028 3144 2062 3212 in

507 3262 845 3353 Beszdzyedza,
872 3266 1013 3352 praeter
1040 3280 1169 3351 paucas
1195 3282 1310 3352 agrae,
1336 3262 1396 3353 qui
1422 3261 1683 3354 Zagumnye
1711 3268 1890 3354 vocantur,
1916 3284 1961 3336 er
1989 3264 2061 3355 qui-

507 3387 572 3456 hus
598 3384 734 3455 tollitur
760 3383 894 3455 decima
919 3382 963 3454 ad
989 3382 1270 3454 Przeczicza
1297 3383 1414 3455 villam
1440 3382 1594 3476 episcopi
1621 3382 1871 3475 Graccvieusis,
1898 3392 1936 3457 et
1964 3387 2059 3457 valer

508 3506 660 3578 decimae
687 3505 891 3577 aestimatur
917 3503 961 3575 ad
988 3523 1112 3576 novem
1140 3523 1284 3575 marcas.

612 3627 823 3716 Lcnsrczl,
851 3625 934 3698 villa
960 3625 1024 3697 sub
1051 3625 1216 3716 parochia
1242 3626 1409 3698 ecclesiae
1434 3626 1479 3698 de
1505 3625 1834 3718 Beszdzyedza
1858 3629 1939 3718 sita,
1966 3629 2060 3700 cuins

507 3749 632 3821 haeres
659 3747 888 3838 Helvigus
914 3747 958 3820 de
985 3746 1320 3838 Beszdzyadza.
1346 3748 1386 3819 ln
1413 3769 1484 3838 qna
1509 3754 1592 3820 suut
1617 3769 1678 3821 sea
1706 3749 1798 3820 lanei
1815 3750 2059 3839 cmethcuales,

507 3877 544 3942 et
571 3869 716 3960 quilibet
742 3870 878 3969 emetha
905 3869 949 3940 de
976 3869 1077 3940 laneo
1105 3872 1243 3940 tenetur
1269 3868 1355 3940 dare
1381 3870 1528 3959 plebano
1546 3869 1583 3940 in
1601 3867 1931 3961 Beszdzpedza
1958 3892 2059 3942 unum

507 3992 650 4062 chorum
678 3990 834 4079 siliginis
861 4011 966 4060 unum
993 4011 1133 4079 avenae,
1160 4011 1265 4061 unum
1291 4011 1449 4080 grossum
1477 4011 1542 4080 pro
1567 4011 1673 4062 censu
1697 3992 1757 4081 qui
1774 3989 1928 4062 inmetata
1946 3993 2060 4082 appel·

501 4111 619 4198 latur3
646 4111 729 4181 item
756 4111 956 4182 emethcnes
984 4111 1137 4182 eiusdem
1165 4110 1268 4182 villae
1295 4110 1424 4182 nubam
1451 4111 1537 4182 dant
1563 4111 1739 4202 decimam,
1766 4133 1878 4203 neque
1905 4115 2059 4203 manipu-

507 4232 625 4320 larem,
652 4251 763 4322 neque
790 4231 1013 4321 pecunialem.

611 4351 782 4441 Somnum,
809 4352 892 4422 villa
920 4351 984 4424 sub
1012 4352 1178 4443 parochia
1204 4353 1369 4425 ccclesiae
1395 4352 1439 4424 de
1466 4353 1781 4444 Bcszdzedza,
1808 4353 1906 4426 cuius
1935 4355 2055 4427 haeres

507 4473 759 4564 Helvigius
787 4471 830 4564 dc
858 4473 1194 4564 Beszdzyedza.
1221 4475 1262 4545 In
1290 4495 1359 4565 qua
1384 4478 1466 4546 suut
1491 4474 1583 4545 lanei
1610 4475 1855 4565 emethcuales,
1881 4475 1967 4546 item
1995 4497 2061 4547 una

506 4595 672 4677 scoltetia,
692 4595 823 4666 habens
850 4613 972 4685 agros,
1000 4594 1043 4666 de
1071 4595 1195 4684 quibus
1231 4595 1408 4686 omnibus,
1435 4615 1554 4666 amnes
1581 4598 1781 4668 emethcnes
1807 4601 1949 4668 etcum
1976 4598 2059 4669 scal·

507 4722 601 4806 teto,
628 4715 774 4807 singulis
808 4715 910 4787 annis
945 4721 1111 4788 tenentur
1145 4715 1230 4788 dare
1265 4715 1413 4807 plebano
1441 4717 1477 4787 in
1503 4716 1819 4806 Beszdzedza,
1845 4717 1881 4788 in
1907 4719 2059 4808 pecnnia

506 4833 571 4930 pro
598 4837 731 4909 decima
757 4841 830 4908 tres
856 4857 934 4908 cnm
960 4837 1074 4910 media
1100 4857 1246 4928 marcas,
1271 4837 1385 4909 minus
1412 4837 1547 4910 duobus
1572 4837 1714 4928 grossis

610 4956 882 5048 Kraonowrczs,
908 4957 993 5030 villa
1019 4959 1083 5031 sub
1110 4958 1277 5050 parochia
1302 4958 1346 5030 de
1364 4959 1596 5050 Bessczye
1623 4959 1701 5048 sita,
1719 4957 1819 5030 cuius
1836 4959 1963 5030 haeres
1983 5015 1991 5029 .
2018 5014 2026 5029 .
2051 5015 2058 5031 .

508 5081 544 5152 in
563 5098 632 5169 qua
649 5083 732 5150 sunt
749 5077 841 5150 lanei
868 5079 1114 5169 cmethonales,
1141 5080 1226 5152 item
1252 5079 1409 5170 taberna,
1427 5079 1510 5151 item
1527 5078 1757 5168 hortulaniae,
1775 5078 1860 5149 item
1877 5080 2054 5169 praedium

508 5221 613 5272 unum
639 5200 799 5291 militare,
811 5199 870 5272 ·de
897 5221 966 5292 quc
993 5200 1142 5298 solvitur
1168 5201 1303 5274 decima
1326 5199 1553 5292 manipularis
1579 5201 1615 5270 in
1633 5198 1932 5271 Bessdzedza
1957 5201 2057 5272 eccle

507 5322 591 5411 siae,
616 5326 653 5392 et
678 5321 776 5393 valor
794 5321 868 5394 eins
895 5322 1100 5395 aestimatur
1126 5322 1172 5396 ad
1198 5329 1272 5396 tres
1299 5343 1445 5413 marcas,
1470 5321 1605 5395 ratione
1623 5321 1720 5394 cuius
1738 5319 1919 5410 praelatus
1936 5322 2055 5395 nabilis

508 5489 515 5507 .
545 5447 656 5514 ..est
682 5449 851 5533 patronus
878 5443 1044 5516 ecclesiae
1070 5444 1106 5516 in
1133 5444 1438 5518 Beszdzedza

611 5560 818 5636 Praebenda
843 5564 879 5635 in
908 5564 1208 5658 Besdzycdza
1233 5567 1270 5637 in
1297 5567 1466 5639 honorem
1493 5562 1599 5636 Sanct
1617 5617 1651 5633 ..
1674 5617 1682 5632 .
1709 5567 1827 5635 erecta
1853 5568 1891 5635 et
1910 5562 2053 5652 fundata,

510 5700 613 5774 quam
639 5681 815 5757 fundando
842 5685 1009 5778 plebanus
1032 5688 1069 5763 in
1086 5687 1413 5777 chrzcchcw,
1432 5686 1524 5759 datis
1542 5685 1676 5778 aliqum
1693 5685 1851 5759 centenis
1868 5703 2052 5759 marcarum
