4550 6600
423 790 426 797 ,
499 730 572 805 lid

529 1034 534 1038 ,
600 938 832 1028 Ρ33333333,
858 934 942 1009 villa
968 936 1032 1009 snb
1051 936 1219 1029 parochia
1245 936 1289 1011 de
1315 931 1595 1031 Kouyuscba
1622 937 1699 1032 sila,
1726 939 1824 1014 cuiun
1850 938 2043 1032 proprietas

495 1058 538 1130 ad
566 1059 800 1148 episcopatum
828 1056 1092 1130 (iracorieusem
1119 1060 1282 1149 pertinet
1327 1059 1367 1131 Iu
1395 1081 1464 1150 qua
1490 1066 1573 1131 sunt
1598 1060 1691 1132 lanei
1718 1061 1969 1151 cmetlrooaim,
2003 1063 2044 1133 de

495 1180 619 1269 quibus
646 1179 779 1249 decima
806 1179 953 1251 solvitur
980 1186 1019 1255 et
1043 1180 1249 1251 conducitur
1274 1200 1339 1270 pro
1366 1181 1565 1270 praebenda
1586 1180 1821 1272 cracoviensi,
1849 1182 2045 1272 33331131-

429 1360 441 1381 ,
493 1306 553 1371 133
572 1354 579 1369 .
599 1355 606 1369 .
626 1354 632 1371 .
653 1355 659 1369 .
681 1282 773 1371 Ι11333
801 1282 863 1370 331
882 1301 932 1371 ibi
958 1322 1062 1372 uuum
1091 1301 1270 1389 praedium
1298 1302 1501 1392 episcopale,
1530 1303 1573 1373 de
1600 1303 1697 1374 cuius
1724 1303 1818 1392 agris
1846 1324 1910 1393 pro
1928 1302 2045 1376 eadem

493 1420 694 1510 praebenda
720 1420 942 1493 Oracovieusi
970 1420 1171 1509 decimatur,
1197 1427 1234 1492 31
1259 1422 1358 1493 33133
1383 1424 1492 1493 totius
1519 1423 1678 1494 undecim
1705 1444 1908 1495 marcarum.

608 1540 749 1631 (iomar,
777 1541 859 1613 villa
887 1542 950 1612 snb
969 1542 1133 1631 parocbia
1160 1541 1203 1612 de
1229 1541 1508 1633 Kouyuscba
1532 1544 1618 1633 alta,
1655 1545 1752 1615 cuius
1778 1544 1980 1621 baereditas
2005 1544 2046 1615 ad

495 1662 682 1733 Matthiam
718 1662 1033 1753 Poborowslry
1069 1662 1111 1733 de
1139 1663 1245 1733 armis
1271 1646 1585 1754 Antiquarum
1620 1664 1850 1756 Equorum
1886 1667 2045 1755 pertinet

494 1784 534 1853 13
563 1804 631 1873 qua
658 1788 739 1855 3331
766 1784 860 1855 13331
887 1784 1140 1875 cmetbonalea,
1176 1785 1259 1857 item
1295 1805 1400 1855 uuum
1435 1786 1616 1875 praedium
1647 1788 1816 1876 militare,
1850 1787 2046 1876 dequibus

495 1904 653 1975 omuibus
673 1904 805 1975 decima
824 1904 970 1977 solvitur
996 1909 1033 1975 et
1051 1904 1256 1976 conducitur
1282 1926 1346 1996 pro
1373 1907 1506 1978 vicario
1531 1908 1752 1996 praebendae
1779 1908 2048 1995 Lautblrowslm,

345 2110 355 2117 ῃ
495 2029 531 2094 31
556 2024 655 2097 33133
681 2025 756 2095 eins
784 2026 987 2097 aestimatur
1013 2026 1057 2097 ad
1084 2047 1144 2097 sex
1171 2047 1315 2097 marcac.

599 2144 808 2231 Wrazarm,
845 2146 928 2224 villa
954 2147 1018 2217 sub
1045 2148 1212 2236 parocbia
1246 2148 1290 2219 de
1325 2147 1601 2239 Conyuscba
1635 2148 1720 2238 sita,
1758 2149 1855 2221 cuius
1892 2169 1978 2238 para
2004 2148 2045 2219 ad

494 2266 744 2357 proprietatem
772 2266 869 2337 Petri
904 2267 1231 2359 Maszlowsky,
1266 2275 1303 2339 31
1329 2290 1412 2359 para
1446 2270 1493 2341 ad
1519 2270 1768 2359 proprietatem
1803 2270 1978 2342 lobannis
2012 2276 2048 2339 et

495 2387 660 2459 Stauislai
680 2440 820 2459 ......
847 2389 1008 2477 pertinet.
1052 2389 1092 2459 ln
1122 2410 1191 2479 qua
1218 2398 1299 2462 sunt
1325 2391 1416 2461 lanei
1443 2392 1690 2480 cmetbouaies,
1725 2392 1769 2462 de
1796 2413 1947 2481 quorum
1975 2393 2048 2481 qui-

494 2508 639 2579 busdam
667 2508 858 2579 decimatur
884 2530 948 2599 pro
976 2510 1203 2599 collegiatura
1228 2510 1468 2583 Gracovicusi:
1505 2513 1589 2583 item
1616 2517 1699 2582 suut
1724 2513 1773 2583 ibi
1800 2512 1870 2584 dno
1896 2512 2049 2601 praedia,

496 2629 539 2701 de
574 2630 699 2719 quibus
733 2637 768 2701 et
804 2630 847 2701 de
878 2630 1022 2721 reliquis
1058 2633 1153 2721 agris
1189 2633 1465 2705 cmetlroualibus
1500 2634 1694 2705 decimatur
1727 2654 1792 2723 pro
1828 2635 1980 2724 plebano
2015 2634 2049 2702 iu

496 2749 790 2842 (iouyuscba,
818 2758 854 2823 31
881 2754 979 2824 valor
1005 2754 1079 2825 eius
1107 2754 1313 2824 aestimatur
1338 2754 1383 2825 ad
1409 2775 1533 2826 norem
1560 2776 1703 2826 marcas.

601 2871 861 2961 Sauourszuu,
897 2874 980 2945 villa
1007 2874 1070 2945 sub
1097 2875 1264 2963 parochia
1298 2875 1342 2945 de
1368 2874 1642 2965 Gonyuscba
1677 2878 1765 2965 sita,
1799 2877 1898 2948 cuins
1924 2876 2050 2947 haeres

493 2991 672 3065 dobarmes
698 2994 1078 3085 Szyedlpeczslry
1106 2995 1150 3065 da
1176 2996 1282 3066 armis
1301 3051 1309 3065 .
1328 3052 1336 3065 .
1355 3050 1390 3065 ..
1416 2997 1550 3086 inqua
1576 3003 1659 3068 sunt
1684 2998 1775 3069 lanei
1802 2998 2049 3084 metonomice,

493 3113 689 3203 dequibus
717 3116 893 3203 perceptio
920 3114 1073 3187 decimae
1102 3117 1275 3204 variatum
1311 3138 1390 3188 uam
1417 3117 1461 3187 de
1488 3118 1695 3207 quibusdam
1721 3118 1818 3208 agris
1853 3138 1918 3208 pro
1946 3118 2048 3190 colie-

492 3234 631 3324 glatura
658 3233 887 3324 Gracovieusi,
916 3235 959 3306 da
986 3236 1191 3326 quibusdam
1219 3259 1303 3349 vero
1329 3238 1479 3328 plebano
1505 3240 1542 3310 iu
1569 3239 1857 3330 Gonyusclaa
1879 3240 1971 3311 Item
1998 3244 2049 3310 eat

438 3383 440 3388 ·
493 3355 543 3426 ibi
569 3355 749 3443 praedium
777 3377 892 3446 unum,
920 3357 964 3428 de
992 3357 1089 3430 cuius
1117 3361 1211 3447 agris
1237 3360 1811 3450 311331331331333333313313
1837 3361 1874 3432 iu
1893 3361 2050 3450 (13333-
2157 3438 2158 3447 ,

494 3476 621 3564 acha,
648 3477 746 3548 cuius
772 3477 870 3550 valor
897 3479 1104 3550 aestimatur
1132 3471 1176 3550 a'd
1203 3486 1278 3550 tres
1305 3501 1450 3552 marcas.

596 3597 851 3689 Lrsuowmzu,
877 3599 960 3670 villa
986 3601 1050 3672 sub
1078 3601 1244 3690 parocbia
1269 3602 1410 3691 33133,
1445 3603 1543 3673 cuius
1569 3603 1694 3674 haeres
1720 3602 2049 3693 Staduyczslry

494 3716 537 3788 de
565 3720 670 3790 annis
690 3773 804 3790 .....
832 3721 872 3790 13
901 3743 969 3812 qua
996 3729 1077 3793 sunt
1104 3723 1196 3793 lauei
1222 3724 1467 3815 cmctbouales,
1494 3724 1538 3794 de
1557 3745 1703 3813 quorum
1731 3723 1938 3814 quibusdam
1956 3725 2048 3796 deci·

390 3927 394 3932 .
492 3847 609 3912 matur
636 3861 699 3930 pro
726 3843 925 3932 praebenda
952 3844 1079 3916 ibidem
1110 3845 1148 3916 in
1183 3843 1478 3935 Oouyuscha,
1513 3846 1612 3916 cuius
1639 3847 1738 3916 valor
1773 3848 1979 3918 aestimatur
2005 3845 2047 3916 ad

494 3967 573 4032 octo
600 3983 755 4050 marcas3
790 3963 833 4034 de
860 3965 1065 4053 quibusdam
1093 3987 1177 4036 vero
1214 3985 1278 4055 pro
1305 3967 1453 4054 plebano
1480 3969 1585 4037 etiam
1617 3967 1653 4036 iu
1679 3967 1980 4058 Konyuscba,
2014 3971 2049 4036 et

492 4081 590 4151 valor
617 4083 692 4151 eius
720 4083 924 4154 aestimatur
951 4084 995 4154 ad
1017 4090 1091 4156 tros
1118 4107 1263 4157 marcas.
1290 4086 1378 4156 Item
1396 4091 1451 4157 331
1468 4087 1517 4158 ibi
1535 4087 1715 4176 praedium
1743 4107 1859 4176 33333,
1886 4087 1930 4158 13
1948 4088 2046 4158 cuius

494 4201 588 4290 agris
615 4201 748 4271 decima
774 4223 838 4291 pro
865 4203 1011 4292 plebano
1039 4205 1075 4276 iu
1103 4204 1396 4296 Gouyuscha,
1422 4207 1520 4278 cuius
1547 4208 1646 4279 valor
1673 4208 1878 4278 aestimatur
1903 4208 1968 4278 ad.
1987 4262 1995 4276 .
2015 4261 2047 4275 ..

521 4365 526 4378 ·
599 4319 863 4413 Pouuoauczu,
900 4324 984 4394 villa
1010 4326 1074 4397 sub
1101 4328 1269 4416 parocbia
1295 4328 1339 4398 de
1365 4327 1642 4418 Gouyuscb'a
1677 4329 1763 4420 sita,
1798 4329 1897 4400 cuius
1915 4329 2047 4414 ,haeres

399 4480 402 4488 v
494 4442 665 4532 Sbigueus
679 4441 967 4516 cracoviensis
994 4445 1037 4516 de
1064 4447 1170 4517 armis
1197 4448 1516 4537 Bippeuuium.
1542 4449 1584 4520 iu
1602 4470 1672 4538 qua
1689 4454 1770 4520 3331
1786 4449 1880 4520 13331
1897 4451 2048 4520 cmetbo·

494 4563 600 4652 uoles,
628 4563 671 4634 13
699 4565 824 4654 quibus
851 4566 1011 4638 omuibus
1038 4568 1231 4640 decimatur
1257 4590 1322 4659 pro
1347 4570 1548 4670 praebenda
1573 4571 1609 4640 in
1636 4569 1932 4660 Oouyuscba:
1964 4571 2048 4640 item

494 4690 576 4756 suut
601 4686 650 4756 ibi
677 4686 745 4758 duo
773 4686 924 4776 praedia,
952 4687 995 4758 de
1023 4689 1149 4778 quibus
1176 4691 1281 4761 etiam
1309 4691 1500 4762 decimatur
1526 4712 1592 4780 pro
1617 4692 1737 4762 eadem
1764 4691 1978 4781 praebenda,
2012 4697 2049 4761 et

494 4805 594 4877 valor
620 4808 729 4878 totius
756 4809 962 4880 aestimatur
988 4809 1031 4880 ad
1061 4810 1209 4882 sedecim
1236 4831 1381 4884 marcas.

579 4925 889 5017 ·Gunauowmzu,
916 4930 999 5001 villa
1025 4931 1090 5002 sub
1117 4932 1239 5002 eadem
1261 4933 1428 5022 parocbia
1454 4934 1532 5023 sita,
1559 4934 1656 5006 cuius
1683 4935 1882 5025 proprietas
1909 4935 2046 5006 3111131-

497 5069 622 5138 gueum
650 5048 963 5121 Gracovieusem
991 5053 1153 5141 pertinet.
1181 5053 1221 5123 lu
1248 5074 1318 5143 qua
1343 5062 1425 5125 sunt
1451 5055 1543 5126 lanei
1570 5056 1821 5146 cmetboualeS,
1848 5057 1893 5128 de
1921 5057 2044 5147 quibus

493 5169 687 5240 decimatur
713 5191 777 5258 pro
805 5171 1004 5260 praebenda
1030 5172 1252 5244 Gracoviensi
1279 5195 1367 5265 quae
1393 5181 1539 5246 vocatur
1557 5230 1753 5266 ........
1785 5182 1821 5247 31
1847 5178 1948 5249 33133
1972 5178 2044 5248 eius

494 5292 700 5362 aestimatur
727 5291 771 5362 ad
800 5297 878 5364 octo
905 5314 1049 5366 marcas.
1077 5294 1165 5365 Item
1193 5302 1247 5366 331
1273 5295 1322 5366 ibi
1349 5296 1529 5384 praedium
1556 5297 1722 5387 militare,
1759 5297 1803 5368 de
1830 5301 1928 5370 cuius
1955 5298 2045 5387 agris

493 5409 685 5482 decimatur
711 5413 746 5482 in
775 5411 1027 5504 Thaucziu,
1054 5416 1152 5486 cuius
1179 5416 1277 5488 valor
1304 5417 1447 5490 adires
1475 5439 1610 5489 marcas
1637 5419 1851 5490 aestimatur.

597 5531 806 5623 11333333,
821 5534 916 5607 'villa
943 5537 1006 5609 sub
1034 5537 1155 5610 eadem
1182 5539 1357 5628 parocbia,
1384 5539 1483 5610 cuius
1509 5541 1704 5629 proprietas
1732 5539 1777 5611 ad
1795 5595 1803 5610 .
1823 5595 1830 5611 .
1849 5595 1884 5610 ..
1911 5541 1951 5612 lu
1977 5560 2043 5629 qua

492 5671 561 5724 nou
588 5660 669 5726 sunt
695 5655 786 5725 lanei
813 5659 1061 5750 cmetboualeS,
1090 5659 1152 5730 sed
1178 5659 1358 5747 praedium
1385 5659 1624 5732 tautummodo
1651 5682 1759 5732 unum
1784 5667 1822 5734 et
1847 5661 2043 5734 bortulauia
