4550 6600
536 752 607 825 148

532 951 982 1048 Grzyegorzowsky,
1009 949 1069 1039 qui
1095 947 1203 1019 hahet
1226 965 1332 1017 unum
1358 944 1515 1033 laneum,
1550 961 1654 1013 unam
1689 940 1871 1011 tabernam
1906 941 1944 1009 et
1977 958 2071 1009 uuam

533 1074 892 1159 hortulaniarn.rltem
919 1076 1001 1143 sunt
1027 1070 1076 1141 ibi
1103 1068 1172 1139 duo
1198 1065 1342 1157 praedia
1367 1065 1532 1137 militaria
1553 1061 1789 1155 praefatorum
1815 1059 2011 1148 haeredum,
2034 1060 2071 1133 de

533 1199 656 1288 quibus
684 1196 842 1267 omnihus
870 1192 1017 1266 solvitur
1044 1194 1079 1261 et
1105 1188 1311 1262 conducitur
1337 1186 1470 1258 decima
1494 1183 1720 1276 manipularis
1746 1181 1844 1255 etde
1865 1180 2072 1253 laneiscne

533 1316 734 1388 thonalibus
762 1312 946 1404 canapalis,
973 1333 1037 1402 pro
1056 1310 1203 1381 ecclesia
1228 1308 1264 1378 in
1290 1306 1319 1377 Z
1327 1306 1579 1399 yelyonky,
1605 1310 1643 1378 et
1659 1305 1757 1379 valor
1774 1303 1851 1375 eius
1876 1301 2073 1375 aestimatur

533 1438 578 1509 ad
605 1442 757 1528 quatuor
781 1453 927 1505 marcas.

637 1556 784 1627 Wouun
801 1554 1125 1639 chrrnszowsKA,
1153 1548 1236 1621 villa
1258 1548 1322 1619 suh
1339 1548 1506 1639 parochia
1523 1547 1567 1619 de
1591 1545 1864 1639 Zyelyoukp
1889 1544 1970 1634 sita,
1987 1544 2073 1617 cuius

533 1677 732 1770 proprietas
758 1675 805 1747 ad
830 1672 1019 1764 capitulum
1045 1670 1275 1743 Gracoviense
1301 1668 1463 1759 pertinet.
1498 1668 1540 1739 In
1566 1688 1636 1758 qua
1661 1673 1745 1739 sunt
1769 1671 1849 1738 octo
1876 1665 1971 1737 lanei
1996 1687 2074 1737 cme·

416 1822 420 1833 ·
533 1798 701 1887 thonales,
729 1796 813 1867 item
837 1784 909 1865 'una
934 1793 1081 1864 taberna
1106 1792 1239 1862 hahens
1266 1810 1387 1881 agros,
1423 1789 1466 1861 de
1493 1790 1617 1880 quibus
1645 1788 1793 1861 soluitur
1818 1793 1855 1859 et
1881 1787 2074 1859 conducitur

534 1920 667 1991 decima
692 1916 919 2006 manipularis
946 1920 983 1985 et
1009 1912 1186 2002 canapalis
1212 1931 1276 2000 pro
1304 1911 1435 1983 vicaria
1460 1910 1679 2001 praebendae
1705 1907 1964 1998 Gracoriensis,
1997 1930 2074 1998 quac

534 2044 680 2111 vocatur
705 2036 930 2124 Naazowska,
958 2054 1019 2104 seu
1046 2031 1345 2121 Glambiuowska,
1374 2038 1412 2103 et
1437 2032 1536 2103 valor
1562 2033 1637 2103 cius
1664 2031 1868 2103 aestimatur
1897 2029 1944 2101 ad
1970 2030 2074 2101 decem

533 2180 678 2231 marcas.
704 2158 792 2227 Item
819 2158 855 2227 in
882 2154 1002 2227 eadem
1028 2154 1112 2225 villa
1139 2158 1193 2224 est
1218 2152 1399 2244 praedium
1425 2153 1634 2244 capitulare,
1669 2151 1713 2223 de
1740 2151 1837 2224 cuius
1864 2150 1962 2243 agris
1987 2156 2075 2224 tenu·

535 2282 646 2353 tarius
662 2279 777 2349 ‘villae
803 2299 873 2349 non
900 2276 1005 2347 solvit
1030 2274 1208 2364 decimam,
1235 2274 1399 2345 sedeam
1425 2294 1489 2365 pro
1517 2296 1555 2347 se
1580 2274 1683 2346 tollit.

638 2399 867 2469 Zrunuonrrr
894 2396 1034 2485 Rscrn,
1071 2414 1159 2485 quae
1191 2394 1273 2464 olim
1298 2395 1411 2467 reteri
1446 2396 1584 2470 nomine
1609 2396 1800 2468 vocabatur
1824 2394 2074 2484 Inzruowrcrr,

537 2521 621 2591 villa
647 2520 712 2591 sub
739 2517 904 2607 parochia
930 2515 1270 2606 de'Zyelyonky
1296 2514 1571 2606 Capitulari
1597 2516 1684 2606 sita,
1719 2516 1818 2589 cuius
1843 2515 2074 2587 serenissimus

533 2641 698 2712 Poloniae
725 2660 788 2710 rex
814 2638 939 2709 haeres
966 2642 1029 2709 est.
1056 2636 1096 2707 In
1125 2657 1194 2727 qua
1219 2641 1301 2707 suut
1326 2642 1459 2727 septem
1487 2658 1564 2708 cnm
1594 2636 1707 2708 medio
1724 2636 1817 2707 lanei
1844 2636 2076 2725 cmethcnales,

534 2763 618 2833 item
646 2765 794 2850 quatuor
819 2759 1005 2848 tabernae,
1041 2758 1124 2829 item
1160 2778 1283 2829 novem
1314 2756 1551 2847 hortulaniae,
1584 2758 1669 2829 item
1695 2758 1766 2829 tria
1790 2757 2008 2847 molendina,
2039 2755 2074 2827 de

535 2876 661 2973 quibus
688 2880 841 2951 decimae
876 2878 1103 2968 manipularis
1138 2878 1395 2951 diversificatur
1428 2879 1623 2970 perceptio,
1659 2900 1740 2951 nam
1766 2878 1810 2951 de
1834 2878 1953 2951 tribus
1978 2878 2074 2949 laneis

535 3023 612 3074 cnm
638 3000 762 3089 medio,
789 3000 873 3070 item
892 2998 1088 3071 de-duobus
1114 2998 1279 3089 tabernis,
1306 3000 1391 3069 item
1417 2998 1461 3069 de
1477 3020 1547 3071 uno
1574 3000 1781 3090 molendino,
1807 3000 1894 3071 item
1913 2999 1958 3073 de
1974 2998 2074 3071 tribus

533 3121 742 3194 hortulaniis
770 3125 806 3190 et
832 3120 947 3191 trihus
983 3118 1106 3191 stadiis
1141 3120 1249 3189 trium
1284 3120 1432 3193 aliorum
1466 3122 1645 3193 laneorum
1680 3120 1971 3211 cmethcnalium,
2002 3120 2074 3191 item

535 3242 578 3315 de
604 3242 717 3326 tribus
745 3240 874 3330 campis
900 3239 1134 3330 praedialihus
1162 3260 1225 3314 seu
1251 3242 1449 3334 curialibus,
1477 3262 1566 3334 quae
1592 3247 1760 3316 vocantur
1786 3239 1948 3338 iotrzyaa',
1985 3241 2075 3313 datur

535 3363 669 3436 decima
708 3361 934 3450 manipularis
970 3365 1007 3432 et
1041 3362 1218 3451 canapalis
1257 3364 1425 3436 ecclesiae
1463 3365 1668 3456 parochiali·
1696 3363 1816 3436 Sancti
1854 3363 2023 3455 Stephani
2044 3363 2073 3432 in

536 3483 784 3573 Gracovia,
812 3483 911 3556 valor
929 3487 1078 3572 quatuor
1096 3503 1300 3554 marcarum:
1327 3485 1410 3555 item
1429 3485 1472 3557 de
1490 3487 1584 3576 agris
1606 3485 1841 3577 praedialibus
1858 3490 1896 3557 et
1915 3485 2074 3575 aliquibus

535 3604 819 3694 cmethcnalihus,
847 3604 906 3694 qui
933 3602 1368 3701 vocanturprryrnyarlcy,
1400 3627 1489 3697 quae
1516 3607 1598 3679 olim
1624 3613 1727 3680 erant
1752 3605 1961 3698 praediales,
1987 3605 2076 3677 datur

535 3727 639 3798 altari
667 3725 785 3796 Sancti
811 3724 982 3796 Vladislai
1008 3725 1044 3796 in
1071 3725 1218 3796 ecclesia
1244 3725 1476 3816 Gracoviensi;
1501 3730 1586 3800 item
1613 3729 1656 3800 de
1684 3735 1833 3820 quatuor
1858 3729 1972 3799 laneis
1997 3745 2074 3799 cme

534 3827 744 3936 thonalibnS,
772 3845 906 3917 duabus
925 3845 1091 3936 tabernis,
1118 3846 1253 3918 duobus
1278 3847 1495 3938 molendinis,
1521 3871 1584 3922 sex
1611 3850 1828 3939 hortulaniis,
1856 3847 1963 3920 datur
1987 3867 2074 3938 prae

534 3968 668 4040 hendae
696 3966 927 4056 cracoviensi,
955 3987 1043 4056 quae
1062 3973 1208 4040 vocatur
1234 3967 1478 4061 Zahrzowslra,
1502 3971 1599 4043 cuins
1626 3971 1725 4042 udor
1743 3971 1788 4041 ad
1806 3971 1926 4042 decem
1944 3987 2073 4040 murras

641 4087 947 4177 Manszowrczn,
974 4088 1057 4160 villa
1084 4089 1148 4160 suh
1174 4090 1342 4180 parochia
1367 4091 1531 4163 ecclesiae
1558 4092 1601 4163 de
1628 4091 1656 4161 Z
1664 4092 1738 4182 yel
1747 4091 1900 4183 yonhy
1927 4091 2002 4162 sita
2040 4088 2074 4158 ln

538 4229 608 4299 qua
651 4229 719 4278 non
765 4213 845 4279 sunt
888 4209 981 4281 lanei
1025 4211 1279 4301 cmethcnales,
1328 4233 1440 4302 neque
1480 4214 1664 4304 tabernae,
1699 4233 1812 4303 neque
1849 4211 2073 4296 hortulaniac,

538 4329 599 4400 sed
625 4333 680 4399 est
705 4329 884 4418 praedium
912 4333 1045 4422 regium
1073 4333 1224 4422 amplum
1252 4339 1288 4404 et
1313 4335 1454 4424 honum,
1483 4334 1526 4405 de
1552 4335 1650 4406 cuins
1676 4355 1747 4408 una
1772 4334 1958 4406 medietate
1983 4331 2074 4402 datur

535 4451 668 4522 decima
694 4450 920 4541 manipularis
956 4453 1057 4524 altari
1086 4453 1204 4526 Sancti
1231 4454 1402 4526 Vladislai
1428 4455 1465 4526 in
1492 4456 1635 4528 ecclesia
1661 4453 1902 4556 cracoviensi,
1928 4459 1964 4526 et
1988 4451 2074 4524 valor

404 4647 408 4656 ,
535 4572 609 4644 eius
637 4571 681 4642 ad
709 4571 794 4641 duas
821 4593 974 4661 marcas;
1002 4574 1044 4644 de
1072 4576 1142 4646 alia
1167 4597 1251 4647 vero
1278 4577 1464 4648 medietate
1491 4577 1626 4668 praedii
1653 4578 1801 4648 solvitur
1826 4575 1961 4648 decima
1977 4573 2073 4646 ercle·

532 4691 604 4765 siae
631 4698 667 4763 et
693 4692 840 4782 plebano
867 4694 904 4764 in
932 4694 960 4764 Z
968 4695 1224 4787 yelyonlry3
1253 4697 1349 4768 cuius
1376 4699 1474 4770 valor
1500 4698 1657 4770 adduas
1683 4719 1827 4770 marcas.

643 4813 944 4906 Wrrrnrowrczs,
971 4816 1055 4886 villa
1073 4817 1137 4888 sub
1156 4817 1322 4906 parochia
1339 4817 1382 4890 de
1408 4820 1682 4912 Zyelyonlsy
1709 4820 1788 4910 sita,
1814 4819 1912 4890 cuius
1929 4817 2073 4910 proprie

535 4938 591 5005 tas
618 4934 663 5004 ad
691 4936 879 5023 capitulum
907 4935 1136 5008 Cracoviense
1164 4937 1325 5026 pertinet.
1351 4939 1393 5010 In
1420 4961 1489 5030 qua
1516 4947 1598 5012 sunt
1619 4946 1698 5012 octo
1725 4941 1818 5011 lanei
1844 4937 2072 5024 cmethcnalcs,

535 5055 578 5127 de
606 5057 730 5145 quibus
757 5056 949 5127 decimatur
968 5059 1119 5128 vicariae
1147 5059 1365 5147 praebendae
1392 5059 1642 5153 Craeoviensis,
1669 5083 1758 5153 quae
1783 5068 1930 5133 vocatur
1947 5059 2072 5152 Zyrna-

536 5177 610 5264 ska,
637 5175 798 5246 et=valor
825 5177 971 5248 eiusad
998 5184 1076 5249 octo
1104 5199 1248 5249 marcas.
1292 5180 1380 5250 Item
1407 5187 1461 5253 est
1487 5183 1537 5253 ibi
1563 5183 1746 5273 praedium
1781 5187 1818 5254 et
1841 5203 1915 5254 una
1938 5181 2073 5254 taberna

534 5297 666 5367 habens
694 5317 806 5387 agros,
837 5297 880 5366 de
908 5297 1037 5388 quibus
1064 5299 1241 5389 praelatus
1268 5321 1393 5392 regens
1420 5303 1538 5374 villam
1572 5305 1667 5376 tollit
1693 5304 1870 5375 decimam.

503 5477 507 5490 .
640 5415 783 5507 Genus,
811 5418 894 5488 villa
920 5419 984 5490 sub
1011 5421 1177 5510 parochia
1204 5421 1247 5492 de
1272 5423 1516 5515 Zyelyonk
1524 5448 1557 5517 y,
1585 5425 1683 5498 cuius
1708 5427 1906 5516 proprietas
1923 5424 1967 5496 sd
1983 5439 2071 5515 prae

534 5533 681 5606 hendam
708 5535 980 5630 Gracoviensem,
1007 5561 1095 5634 qnae
1122 5540 1323 5620 Goreczska
1349 5544 1477 5618 dicitur
1502 5547 1665 5639 pertinet.
1693 5546 1734 5620 ln
1753 5567 1821 5640 qua
1838 5552 1922 5620 sunt
1937 5548 2071 5637 quatuor
