4550 6600
757 969 914 1050 Altaria
949 974 987 1050 in
1022 971 1171 1051 eadem
1204 973 1390 1052 ecclesia
1423 972 1465 1051 8.
1498 970 1656 1052 Annae.

535 1155 688 1227 Primum
716 1157 825 1228 altare
853 1159 887 1228 in
912 1159 1017 1228 choro
1037 1163 1072 1228 et
1090 1157 1134 1227 ad
1152 1159 1350 1248 aquilonem
1379 1159 1483 1228 situm
1502 1164 1537 1228 et
1555 1158 1591 1228 in
1609 1158 1777 1229 honorem
1794 1157 1983 1228 Beatorum
2081 1197 2094 1210 -

343 1359 346 1367 ,
431 1277 528 1349 Petri
555 1283 591 1348 et
617 1277 718 1348 Pauli
737 1278 981 1367 Apostolorum
1009 1285 1180 1368 erectum,
1208 1280 1269 1349 sed
1295 1279 1448 1349 nondum
1476 1279 1732 1368 confirmatum,
1760 1300 1870 1368 neque
1897 1280 1983 1348 rati-

433 1399 581 1470 ficatum.
608 1399 707 1470 Bona
725 1404 853 1488 autem,
872 1400 916 1470 ad
930 1400 1059 1470 dictum
1074 1399 1184 1470 altare
1198 1400 1418 1489 pertinentia,
1436 1400 1590 1489 pecuniis
1609 1400 1767 1490 magistri
1780 1400 1986 1470 Piczhovv·

433 1520 506 1609 sky
534 1523 614 1589 sunt
640 1525 814 1608 coempta,
851 1541 939 1610 quae
965 1520 1068 1591 hodie
1096 1510 1327 1590 Glethnar
1363 1520 1482 1590 consul
1513 1519 1752 1592 cracoviensis
1778 1525 1894 1607 tenet;
1920 1541 1986 1590 nec

314 1619 318 1628 ¹
437 1641 597 1711 altarista
624 1640 668 1710 ad
693 1640 780 1710 illud
808 1641 918 1710 altare
945 1646 1000 1711 est
1026 1642 1230 1730 investitus,
1258 1642 1428 1712 rationem
1455 1662 1604 1730 ponens,
1640 1641 1721 1730 qnia
1746 1642 1839 1712 bona
1864 1641 1925 1710 illa
1950 1645 1987 1711 et

433 1781 555 1833 census
583 1761 687 1831 annui
710 1782 780 1832 non
799 1781 862 1853 pro
882 1761 1004 1852 altari,
1032 1761 1093 1832 sod
1120 1782 1183 1852 pro
1203 1761 1428 1853 collegiatura
1454 1767 1536 1832 sunt
1562 1761 1802 1852 principaliter
1827 1765 1987 1850 coempta

432 1887 469 1954 et
497 1882 665 1952 ordinate.
1896 1953 1901 1962 ,

537 2003 643 2072 Aliud
670 1979 783 2074 altare
808 2003 844 2072 in
872 2003 977 2074 choro
1005 2024 1126 2074 versus
1152 2003 1331 2074 meridiem
1358 2003 1463 2073 situm
1490 2009 1527 2074 et
1552 2004 1678 2075 honori
1696 2056 1811 2073 .....
1834 2003 1985 2074 dicatum

434 2131 469 2195 et
507 2129 676 2212 erectum,
714 2124 806 2213 quod
843 2124 885 2194 de
921 2125 1077 2213 pecuniis
1112 2130 1193 2214 post
1228 2129 1374 2195 mortem
1408 2124 1568 2213 magistri
1603 2123 1774 2196 Johannis
1809 2123 1985 2213 Preger

415 2238 417 2246 '
433 2246 573 2334 plebani
600 2243 746 2315 Sanctae
774 2244 896 2315 Annae
923 2245 1114 2334 derelictis,
1143 2265 1206 2334 per
1224 2251 1446 2334 executoroS,
1472 2246 1569 2316 iuxta
1587 2266 1627 2315 ac
1646 2246 1690 2316 ab
1709 2247 1755 2316 eo'
1769 2245 1987 2316 commissum

435 2370 527 2454 erat,
563 2363 744 2436 fundatum
772 2370 826 2436 est
853 2385 893 2435 ac
920 2366 1088 2455 dotatum,
1124 2367 1220 2436 cirins
1256 2366 1413 2436 altarista
1448 2365 1634 2436 modernus
1661 2370 1715 2436 est
1740 2365 1916 2437 Johannes
1943 2365 1997 2435 de.

433 2485 654 2576 Schebnya,
669 2487 724 2556 cui
742 2507 804 2574 pro
824 2506 938 2557 annuo
962 2507 1066 2556 censu
1085 2486 1266 2557 solvuntur
1286 2485 1329 2556 de
1342 2484 1656 2557 Proschovvicze
1680 2485 1829 2557 sedecim
1842 2506 1987 2556 marcae.

382 2684 388 2692 ,
494 2589 497 2596 ’
539 2606 661 2677 Altare
698 2608 839 2677 tertium
867 2607 903 2677 in
930 2607 1050 2678 eadem
1084 2606 1232 2678 Sanctae
1268 2605 1390 2677 Annae
1425 2607 1571 2678 ecclesia
1596 2607 1641 2678 ad
1668 2607 1857 2678 sacrarium
1883 2608 1987 2678 situm

437 2733 472 2797 et
498 2727 603 2797 Sanct
622 2781 651 2796 ..
825 2727 993 2817 dicatum,
1028 2728 1070 2798 de
1099 2749 1166 2818 quo
1193 2727 1395 2798 fraternitas
1430 2729 1673 2817 pincernarum
1708 2728 1814 2798 solvit
1839 2728 1988 2817 plebano

436 2847 582 2918 Sanctae
609 2847 731 2919 Annae
758 2869 821 2940 pro
849 2849 1061 2938 quibuslibet
1097 2853 1247 2938 quatuor
1273 2848 1488 2936 temporibus
1514 2868 1639 2919 novem
1674 2869 1815 2938 grossos
1850 2849 1988 2919 ratione

289 2983 294 2992 “
436 2971 579 3059 missae,
599 2992 686 3060 quae
714 2969 758 3040 ad
781 2970 867 3040 illud
885 2970 995 3040 altare
1015 2969 1160 3058 singulis
1183 2968 1385 3058 septimanis
1403 2968 1525 3040 diebus
1544 2969 1724 3040 dominicis
1742 2990 1806 3060 pro
1824 2969 1991 3040 memoria
2131 3011 2202 3068 ,:

435 3067 478 3160 de
506 3090 634 3160 Sancta
661 3089 764 3159 Anna
791 3094 961 3160 cantatur.

541 3209 709 3296 Quartum
736 3210 847 3280 altare
875 3209 911 3278 in
938 3209 1105 3279 honorem
1132 3209 1251 3279 Sancti
1269 3209 1446 3279 Valentini
1473 3209 1624 3280 dicatum
1647 3216 1683 3281 et
1700 3217 1862 3301 erectum,
1889 3212 1988 3283 cuius

435 3352 526 3401 nunc
553 3332 713 3402 altarista
739 3330 910 3401 Matthias
945 3330 1159 3421 Dysputh
1186 3332 1303 3401 senior
1329 3332 1364 3401 in
1392 3332 1525 3421 capella
1560 3331 1708 3402 Sanctae
1741 3332 1924 3404 Trinitatis
1951 3334 1989 3403 in

437 3458 552 3523 castro
598 3450 838 3542 cracoviensi,
885 3452 981 3523 cuius
1018 3452 1202 3523 collatores
1238 3458 1274 3523 et
1308 3453 1447 3542 patroni
1482 3452 1862 3545 Morsthenovvye
1898 3455 1991 3525 cives

438 3571 692 3644 Cracovienses.
1155 3653 1158 3659 ,

544 3694 709 3783 Quintum
745 3695 855 3767 altare
882 3696 917 3765 in
945 3696 1077 3785 capella
1112 3694 1349 3766 Teschnar
1384 3717 1453 3766 non
1490 3700 1544 3766 est
1580 3700 1750 3786 erectum,
1786 3717 1850 3767 nec
1884 3696 1993 3786 aliqui

438 3837 559 3887 census
587 3839 651 3907 pro
679 3837 719 3888 eo
748 3818 956 3907 comparati,
992 3817 1074 3888 licet
1102 3838 1236 3887 summa
1269 3817 1433 3888 notabilis
1465 3838 1529 3906 pro
1558 3816 1650 3887 dicto
1687 3818 1790 3887 altari
1827 3817 1992 3907 erigendo

436 3958 499 4027 per
525 3943 661 4027 patrem
688 3958 806 4009 eorum
834 3938 956 4009 relicta
981 3936 1104 4026 fuerit,
1133 3958 1221 4027 quae
1248 3942 1368 4027 postea
1395 3958 1457 4027 per
1484 3938 1573 4007 lilios
1603 3944 1807 4027 consumpta
1825 3943 1888 4009 est.

542 4057 685 4128 Sextum
718 4058 827 4129 altare
855 4059 890 4129 in
918 4058 1050 4147 capella
1076 4057 1209 4147 Hostii,
1246 4080 1334 4148 quae
1366 4058 1493 4129 dicitnr
1519 4058 1840 4151 Zarogowsky,
1876 4060 1994 4149 situm,

439 4184 474 4248 et
500 4180 535 4249 in
562 4179 728 4250 honorem
756 4180 873 4250 Sancti
900 4178 1036 4250 Nicolai
1064 4178 1234 4269 dicatum,
1261 4180 1358 4249 cuius
1386 4179 1547 4250 altarista
1572 4177 1759 4251 Dobrnl.

543 4299 733 4390 Septimum
761 4301 872 4371 altare
899 4302 963 4371 sub
991 4321 1121 4389 organo
1150 4301 1255 4371 situm
1274 4306 1310 4371 et
1333 4300 1459 4371 Sancto
1486 4300 1623 4372 Donato
1643 4300 1810 4391 dicatum,
1838 4301 1883 4371 ad
1901 4302 1995 4390 quod

440 4422 577 4491 eteius
612 4422 849 4493 fundationem
885 4422 1006 4493 domus
1042 4443 1085 4492 ex
1119 4422 1277 4511 opposito
1313 4421 1449 4511 collegii
1485 4422 1689 4493 artistarum
1723 4443 1787 4513 por
1823 4422 1995 4513 quendam

439 4543 469 4612 B
479 4542 722 4633 yelonkam
750 4543 915 4614 derelicta
942 4549 978 4613 et
1005 4543 1182 4632 assignata
1208 4549 1271 4613 est.
1732 4622 1741 4631 ‚
1840 4538 1851 4545 ”

543 4664 712 4737 Octavum
748 4666 858 4737 altare
885 4666 982 4735 iuxto
1019 4664 1239 4753 sepulchrum
1274 4664 1482 4735 venerahilis
1517 4664 1704 4757 Kanthy
1738 4668 1860 4755 situm,
1896 4672 1932 4735 et
1958 4666 2031 4757 in,

440 4787 607 4858 honorem
634 4786 739 4858 Sanct
757 4842 764 4856 .
784 4842 791 4856 .
864 4841 871 4855 .
891 4841 924 4857 ..
952 4786 1120 4875 dicatum,
1158 4786 1201 4857 de
1227 4788 1450 4876 pecuniisque
1491 4787 1669 4859 cuiusdam
1705 4787 1834 4858 domini
1861 4786 1998 4857 Nicolai

441 4909 632 4980 sacerdotis
670 4915 823 4979 erectum
851 4913 887 4978 et
913 4907 1113 4997 fundatum,
1150 4907 1247 4977 cuius
1275 4929 1365 4978 nunc
1392 4908 1554 4979 altarista
1588 4910 1754 4999 magister
1788 4908 1925 4981 Blasius
1953 4908 1997 4993 de

440 5068 448 5084 ·
468 5084 581 5099 .....
610 5034 645 5100 et
670 5050 734 5121 pro
763 5049 876 5101 annuo
905 5048 1009 5099 censu
1035 5028 1142 5100 habet
1169 5027 1350 5099 duodecim
1375 5048 1519 5100 marcas

752 5238 941 5319 Ecclesia
976 5238 1117 5361 Sancti
1151 5239 1351 5344 Stephani
1387 5241 1425 5317 in
1459 5238 1681 5321 cracovia.

546 5426 652 5499 Cocto
670 5427 779 5497 latere
798 5432 952 5517 murata,
971 5426 1067 5498 cuius
1082 5427 1322 5499 serenissimus
1340 5426 1505 5498 Poloniae
1523 5448 1586 5501 rex
1599 5432 1769 5518 patronus
1787 5435 1824 5501 et
1841 5428 1997 5520 collator,

347 5580 350 5585 ·
441 5550 538 5620 cuius
565 5569 655 5618 nunc
689 5548 856 5638 plebanus
885 5553 919 5618 et
945 5554 1060 5619 rector
1087 5550 1254 5637 magister
1289 5548 1473 5619 Florianus
1501 5549 1543 5619 de
1563 5603 1676 5620 .....
1687 5605 1694 5641 ,
1723 5572 1812 5644 quae
1839 5551 1904 5624 snb
1933 5571 1998 5625 sua

340 5684 342 5689 '
443 5670 611 5762 parochia
639 5670 881 5763 infrascriptae
909 5670 1063 5743 continet
1089 5669 1224 5761 plateas
1252 5673 1287 5741 et
1315 5669 1426 5740 vicos:
1488 5750 1494 5761 .
