4550 6600
1680 776 1991 859 391,’

197 990 235 1063 in
263 987 504 1061 Schidlow
530 992 567 1059 et
592 990 731 1079 pratum
758 986 892 1076 curiae,
928 986 1017 1059 alter
1042 985 1079 1057 in
1106 986 1177 1058 alia
1202 991 1304 1077 parte
1331 986 1453 1076 villae,
1488 986 1589 1059 iuxta
1614 984 1759 1060 eandem

198 1110 308 1200 riam,
336 1110 382 1183 da
409 1110 534 1201 quibus
561 1109 707 1185 solvitur
733 1107 867 1181 decima
891 1108 1118 1199 manipularis
1145 1108 1311 1181 ecclesiae
1338 1108 1527 1201 parochiali
1552 1109 1590 1181 in
1616 1108 1760 1183 Loko-

195 1246 281 1323 ιη,
310 1236 349 1307 et
378 1232 476 1306 valor
503 1231 578 1303 eius
605 1230 650 1302 ad
677 1230 763 1305 duas
790 1251 924 1305 marcas
951 1230 1163 1305 aestimatur.

306 1351 503 1443 Osrnczr,
530 1352 614 1424 villa
640 1352 704 1425 sub
732 1352 897 1442 parochia
924 1352 966 1425 de
992 1352 1179 1445 Lyssow
1207 1344 1303 1443 sita,¹
1329 1352 1426 1425 cuius
1451 1350 1620 1424 haeredes
1644 1350 1759 1425 Steni-

163 1456 297 1547 'slaus
325 1474 443 1547 dictus
471 1472 790 1565 Sayeczipywo
826 1473 869 1545 de
896 1474 1002 1546 armIs
1030 1472 1219 1576 anwya
1250 1495 1314 1565 pro
1341 1494 1411 1545 una
1436 1472 1622 1545 medietate
1648 1472 1761 1562 villae,

197 1618 263 1687 pro
292 1596 410 1669 altera
444 1599 559 1667 autem
587 1595 775 1667 medietate
801 1595 927 1669 Petrus
954 1596 1394 1689 Szwyaszkowszhy
1431 1595 1474 1667 de
1501 1595 1607 1667 armis
1634 1594 1758 1667 Szro-

198 1719 298 1789 hom
311 1716 322 1788 l
334 1740 358 1810 y
369 1739 399 1789 a.
426 1716 466 1789 In
481 1738 550 1809 qua
568 1722 651 1789 sunt
666 1737 790 1789 novem
807 1717 900 1789 lanei
918 1719 1162 1809 emethouales‚
1188 1720 1271 1790 item
1289 1718 1456 1790 tabernae
1475 1716 1564 1789 duae
1589 1718 1758 1791 hahentes

199 1860 315 1931 agros,
343 1840 430 1911 item
456 1840 657 1912 hortularia
676 1860 752 1917 una
777 1839 909 1911 hahens
935 1814 1058 1931 agros,
1085 1840 1129 1911 de
1156 1841 1281 1931 quihus
1308 1841 1466 1912 omnihus
1493 1838 1640 1910 solvitur
1667 1838 1759 1910 deci-

199 1982 258 2045 ma
284 1961 516 2052 manipularis
542 1966 579 2033 et
605 1961 782 2051 canapalis
809 1980 873 2052 pro
900 1962 1099 2053 praehenda
1125 1962 1341 2052 Kyelcieusi‚
1379 1981 1467 2052 quae
1498 1960 1627 2031 dicitur
1653 1960 1760 2030 Brze-

200 2083 399 2174 ohowszka,
425 2088 461 2157 et
486 2083 586 2157 valor
611 2083 687 2157 eius
713 2082 918 2156 aestImatur
945 2082 989 2155 ad
1009 2104 1069 2155 sex
1088 2104 1232 2155 marcas.
1258 2084 1347 2155 Item
1374 2084 1409 2155 in
1437 2082 1559 2155 eadem
1576 2082 1660 2154 villa
1678 2086 1760 2153 suut

201 2205 269 2279 duo
296 2203 447 2296 praedia
471 2204 657 2295 militaria,
692 2203 887 2296 dequibus
923 2204 1070 2277 solvitur
1105 2205 1239 2285 decima
1272 2205 1497 2296 manipularis
1524 2226 1589 2295 pro
1614 2203 1760 2275 ecclesia
1908 2209 1911 2219 “

202 2328 238 2405 io
264 2326 329 2419 Iry
342 2348 470 2418 ssow,
498 2331 534 2401 et
559 2326 657 2401 valor
683 2326 758 2401 eius
785 2327 990 2401 aestimatur
1016 2326 1061 2399 ad
1088 2326 1175 2401 duas
1201 2348 1345 2399 marcas.
1493 2359 1498 2369 ·

305 2448 530 2539 Sczsrrscz,
556 2449 641 2523 villa
658 2449 722 2523 θιὼ
741 2449 1098 2539 parochiaecclesiae
1125 2440 1169 2523 de
1195 2448 1531 2541 Pyandziczow
1557 2448 1635 2537 sita,
1662 2446 1759 2518 ouius
1873 2532 1881 2544 Ι
2006 2468 2013 2477 ·

201 2571 327 2643 haeres
365 2569 526 2645 Andreas
561 2570 1014 2669 Pyandziczowszlry
1051 2572 1094 2643 de
1130 2571 1233 2645 domo
1268 2572 1482 2643 Damhno.
1517 2570 1558 2641 In
1585 2589 1654 2660 qua
1680 2572 1761 2639 sunt

202 2692 387 2765 duodecim
422 2692 514 2765 lanei
549 2692 802 2783 cmethonales,
838 2694 921 2767 item
955 2692 1102 2767 taberna
1135 2714 1206 2765 una
1240 2694 1371 2766 hahens
1398 2713 1520 2783 agros,
1556 2692 1600 2763 de
1635 2690 1759 2781 quihus

204 2815 366 2889 omnihus
403 2814 551 2891 solvitur
575 2820 613 2891 et
640 2815 843 2889 conducltur
878 2816 1010 2889 decima
1045 2812 1271 2906 manipularis
1298 2821 1334 2887 et
1359 2814 1534 2905 canapalis
1569 2833 1633 2906 pro
1660 2833 1761 2903 prae·

203 2936 317 3014 musa
342 2936 560 3030 Kyelciensi,
588 2957 677 3028 quae
695 2936 821 3009 dicitur
839 2937 1053 3029 Zidowszha‚
1080 2943 1116 3011 et
1133 2938 1232 3011 valor
1249 2938 1324 3009 eius
1342 2915 1547 3010 aestimatur
1564 2935 1609 3006 ad
1627 2938 1760 3024 septem

203 3046 346 3133 marcas.
383 3060 472 3133 Item
500 3064 582 3136 suut
607 3060 657 3135 ihi
683 3059 791 3150 aliqui
818 3061 912 3152 agri,
948 3061 1050 3151 pauci
1076 3058 1212 3149 tamen',
1248 3059 1291 3131 de
1318 3060 1442 3150 quihus
1478 3058 1671 3132 decimatur
1695 3076 1760 3146 pro

204 3182 408 3274 episcopatu
435 3180 667 3272 Gracoviensi,
693 3182 791 3255 cuius
817 3182 916 3257 valor
934 3182 979 3255 ad
997 3182 1146 3277 mediam
1172 3202 1324 3253 maroam
1351 3180 1566 3253 aestimatur.
1592 3180 1680 3252 Item
1706 3182 1762 3249 est

151 3314 155 3324 '
205 3305 253 3378 ihi
286 3305 428 3378 unicum
464 3304 644 3396 praedlum
680 3305 849 3396 militare,
885 3306 928 3378 de
964 3305 1078 3378 cuius*
1099 3305 1194 3395 egris
1228 3304 1419 3376 decimatur
1453 3323 1518 3394 pro
1553 3301 1698 3374 ecclesia
1723 3301 1760 3372 iu

206 3425 404 3520 Lyssow,
430 3431 467 3503 et
492 3426 591 3500 valor
617 3426 692 3501 eius
719 3427 923 3504 aestimator
950 3427 995 3503 ad
1022 3427 1172 3521 quinque
1198 3447 1342 3500 marcas.
1422 3490 1426 3499 .

306 3548 542 3639 Mruozmus,
568 3548 652 3622 villa
678 3549 742 3622 suh
769 3549 935 3639 parochia
961 3548 1005 3621 de
1025 3601 1140 3620 .....
1167 3548 1244 3621 sita
1261 3533 1265 3538 ⁸
1280 3548 1321 3620 In
1349 3567 1419 3639 qua
1444 3551 1526 3620 sunt
1552 3545 1645 3618 lanei
1671 3564 1761 3616 eme·

205 3669 373 3761 thonales
400 3669 444 3744 de
471 3669 595 3761 quihus
622 3670 769 3745 solvitur
795 3671 929 3744 damma
947 3723 1114 3740 .......
1141 3671 1230 3742 Item
1257 3669 1384 3742 ibidem
1403 3674 1485 3740 sunt
1502 3666 1644 3758 praedia
1670 3666 1760 3736 mili-

206 3789 305 3882 taria,
331 3791 377 3864 de
404 3790 528 3883 quihus
555 3789 701 3863 solvitur
727 3789 860 3864 decima
885 3791 1051 3864 eeclesiae
1078 3791 1114 3862 iu
1141 3790 1329 3880 Lissow,
1355 3789 1492 3872 ratione
1518 3786 1625 3876 fundi,
1652 3785 1760 3878 privi-

206 3909 285 4002 legii
311 3919 349 3985 et
375 3911 667 4004 praescriptionis.

307 4033 437 4107 Puera
463 4033 799 4125 morasmoras,
826 4034 910 4108 villa
928 4035 992 4108 sub
1010 4034 1176 4125 parochia
1193 4033 1358 4107 ecclesiae
1381 4034 1424 4106 de
1451 4031 1761 4125 Pyotrlrowicze

206 4155 281 4226 sita.
307 4157 349 4230 Iu
378 4177 447 4250 qua
472 4161 554 4230 sunt
579 4156 723 4247 praedia
749 4155 926 4247 nobilium,
955 4177 1042 4248 quae
1069 4177 1132 4248 per
1158 4178 1220 4230 eos
1247 4161 1401 4248 arantur,
1427 4133 1614 4247 dequibus
1640 4175 1761 4227 secun-

208 4275 286 4348 dum
313 4277 542 4350 assertionem
569 4278 708 4370 plebani
735 4280 770 4350 in
798 4278 985 4370 Lissow,
1013 4279 1163 4352 dabatur
1188 4279 1322 4351 decima
1339 4278 1564 4370 manipularis
1591 4277 1637 4350 ad
1655 4276 1762 4349 eccle-

209 4397 292 4470 siam
318 4401 354 4472 in
383 4400 567 4491 Lissen,
595 4400 656 4472 sed
684 4400 836 4472 alienata
862 4406 917 4472 est
944 4407 980 4472 et
1007 4402 1193 4492 abstracta,
1219 4407 1256 4472 et
1281 4402 1447 4474 ecclesIae
1473 4402 1509 4472 in
1535 4399 1761 4491 Pyotrko-

209 4519 343 4594 nicae
370 4521 534 4596 adiuncta
560 4526 598 4594 et
624 4522 859 4613 appropriata,
886 4527 923 4594 et
948 4523 1009 4594 illa
1035 4543 1126 4596 nunc
1153 4528 1208 4596 est
1225 4525 1261 4596 iu
1279 4523 1354 4595 eius
1381 4522 1581 4614 posessione
1608 4521 1760 4613 pacifica

144 4736 147 4750 Ι
309 4643 489 4733 Bouron,
525 4643 608 4716 villa
634 4645 697 4716 θιὼ
725 4643 891 4734 parochia
926 4645 969 4717 de
988 4699 1157 4716 .......
1185 4645 1271 4736 sita,
1305 4646 1403 4718 cuins
1430 4645 1555 4717 haeres
1581 4642 1759 4716 Iohannes

209 4759 498 4856 Budkowslry
525 4764 568 4838 de
595 4765 701 4838 armis
728 4764 1047 4859 Kopaschyna.
1073 4768 1114 4838 Iu
1142 4788 1212 4858 qua
1230 4767 1422 4840 suntlauei
1447 4765 1691 4856 emethouales‚
1718 4764 1762 4838 de

211 4885 330 4972 quihus
358 4885 504 4958 solvitur
532 4886 666 4958 decima
684 4940 798 4958 .....
825 4887 913 4960 Item
932 4894 986 4962 est
1004 4889 1053 4961 ihi
1076 4889 1257 4980 praedium
1274 4889 1436 4980 militare,
1463 4888 1507 4960 de
1533 4889 1630 4962 cuius
1657 4888 1761 4979 agris,

210 5001 398 5082 decimatur
432 5027 497 5098 pro
533 4999 677 5080 ecclesia
712 5008 748 5080 in
783 5007 981 5101 Lyssow,
1026 5015 1062 5081 et
1097 5011 1196 5082 valor
1232 5011 1307 5084 eius
1342 5010 1544 5083 aestimatur
1577 5010 1623 5082 ad
1657 5029 1761 5081 uuam

211 5143 424 5220 sexagenum.
460 5129 660 5202 Notandum
697 5135 831 5221 autem,
868 5132 959 5223 quod
995 5131 1078 5206 villa
1114 5131 1273 5223 praefata
1307 5132 1510 5206 Budlrow
1544 5132 1615 5211 sita
1643 5136 1699 5227 est
1724 5133 1761 5204 in

211 5243 356 5322 dioecesi
381 5255 417 5324 et
442 5255 540 5324 terra
566 5251 841 5344 Przemysliensi,
868 5253 1054 5345 praedialis
1080 5260 1198 5328 tamen
1224 5255 1359 5328 decima
1376 5255 1420 5327 de
1437 5255 1498 5326 illa
1525 5255 1628 5327 dator
1654 5254 1761 5326 eecle-
1809 5255 1813 5263 “

212 5366 284 5440 sire
306 5372 342 5444 in
368 5372 556 5464 Lissen,
591 5375 728 5447 ratione
754 5374 851 5448 fundi
878 5381 915 5448 et
940 5377 1133 5468 privilegii,
1161 5383 1196 5449 et
1222 5377 1387 5469 antiquae
1412 5377 1696 5468 praescriptionis
1723 5377 1760 5448 iu

213 5485 387 5580 dloeoemm
415 5493 688 5588 (trecorensem,
716 5503 753 5570 et
771 5497 815 5570 ad
834 5497 1012 5588 ecclesiam
1031 5497 1224 5590 praefatam
1250 5500 1287 5571 in
1314 5499 1483 5591 Lissen,
1510 5499 1639 5590 absque
1667 5499 1761 5572 omni

212 5613 392 5688 renitentia
418 5621 455 5690 et
480 5617 736 5710 impedImento.

310 5736 485 5831 Souracz,
512 5739 596 5813 villa
615 5741 678 5813 suh
696 5743 863 5833 parochia
881 5741 924 5816 de
943 5797 950 5815 .
969 5797 977 5816 .
997 5797 1004 5816 .
1023 5798 1030 5818 .
1050 5744 1126 5821 sita.
1153 5743 1195 5816 Iu
1213 5765 1283 5847 qua
1300 5748 1382 5829 sunl
1397 5743 1490 5830 leuel
1515 5743 1760 5848 cmethoaales,
