4550 6600
1779 735 1826 812 al

283 935 318 1008 a
354 931 524 1029 quadrato
557 935 674 1032 lapide
709 937 807 1034 albo,
842 948 905 1033 per
939 937 1054 1015 nescio
1091 937 1287 1034 qnempiam
1322 939 1524 1036 episcopum
1559 939 1832 1036 cracoviensem,

282 1077 380 1164 muro
415 1059 644 1154 fabricatam,
679 1063 776 1134 cuius
811 1065 933 1136 haeres
970 1064 1145 1136 Johannes
1180 1063 1467 1156 Pieniaszeh
1502 1064 1833 1158 Gywanowslcy

282 1177 324 1251 de
352 1181 453 1254 domo
481 1181 812 1276 Odrowansch‚
840 1179 876 1258 ln
904 1207 971 1277 qua
998 1189 1077 1258 sunt
1102 1185 1195 1257 lanei
1222 1187 1476 1277 cmethonales,
1502 1187 1547 1258 ad
1574 1207 1678 1279 qnam
1704 1188 1831 1260 subau-

282 1299 383 1374 diunt
417 1303 522 1375 villae
554 1310 704 1395 quatuor
729 1307 803 1376 iure
828 1307 1026 1396 parochiali,
1054 1305 1216 1378 videlicet
1250 1305 1639 1400 Wyschoczycze,
1666 1307 1832 1380 Zarno-

282 1423 438 1513 wnica,
466 1420 735 1517 Golischyn,
762 1431 798 1497 et
823 1425 1159 1498 Scziborzicze.

396 1541 719 1635 Wxscuoczxczn,
755 1543 854 1636 villa,
891 1547 987 1617 cuius
1022 1546 1148 1617 haeres
1184 1551 1239 1618 est
1264 1567 1453 1637 generosus
1480 1547 1639 1619 dominns
1665 1546 1831 1619 Nicolans

284 1657 684 1754 Grzegorzowsky
711 1683 884 1736 armorum
910 1665 1221 1758 Bippennium
1248 1666 1334 1738 alias
1361 1667 1593 1759 Toporow,
1620 1667 1833 1758 quaehabet

282 1781 410 1873 laneos,
436 1784 618 1855 tabernam
645 1805 685 1856 ac
710 1783 953 1887 molendinum,
981 1808 1024 1857 ex
1052 1787 1178 1878 quibus
1204 1788 1363 1860 omnibns
1389 1788 1494 1859 etde
1520 1787 1663 1878 praedio
1689 1787 1833 1860 militari

279 1901 439 1974 haeredis
467 1903 581 1976 dictae
607 1905 710 1977 villae
737 1898 1094 2000 Wyszoczycze,
1121 1929 1186 1998 pro
1212 1913 1369 2000 tempore
1396 1910 1550 1980 existens
1575 1913 1692 1980 rector
1718 1908 1832 1981 dietae

277 2023 488 2110 parochialis
522 2017 560 2096 in
591 2025 962 2118 Wyschoczycze
997 2029 1148 2119 percipit
1183 2030 1282 2102 annis
1310 2030 1455 2120 singulis
1482 2029 1648 2101 decimam
1673 2029 1832 2121 manipu-

276 2141 387 2213 larem
414 2145 599 2220 cninslibet
633 2149 735 2238 grani
762 2154 798 2220 et
825 2150 984 2240 seminis,
1011 2170 1144 2222 necnon
1172 2151 1354 2242 canapales
1381 2156 1442 2223 aut
1467 2171 1655 2242 cenapum,
1682 2156 1744 2222 aut
1769 2171 1833 2242 per

278 2262 367 2334 dnos
393 2285 534 2356 grossos
562 2267 605 2338 de
631 2267 741 2340 laneo.

351 2385 670 2480 ·ZnauowmczA,
698 2390 791 2480 villa,
819 2391 1030 2462 subaudiens
1058 2391 1101 2463 ad
1128 2394 1402 2484 suprascriptam
1427 2393 1662 2484 parochialem
1680 2393 1717 2464 in
1735 2391 1830 2484 Wy-

279 2507 571 2600 schoczycze,
599 2530 687 2601 quae
714 2510 821 2582 habet
846 2511 966 2583 laneos
993 2517 1029 2582 et
1054 2513 1234 2602 praedium
1259 2514 1427 2606 militare,
1453 2514 1551 2585 cuius
1577 2513 1681 2585 villae
1706 2512 1831 2584 haeres
1862 2557 1866 2563 -

232 2635 235 2648 '
279 2633 333 2699 est
360 2627 617 2720 suprascriptus
644 2651 833 2720 generosus
860 2631 1019 2702 dominns
1036 2631 1201 2703 Nicolans
1219 2630 1620 2723 Grzegorzowslry
1647 2653 1831 2722 armorum,

167 2760 171 2766 '
277 2753 317 2820 ut
353 2771 458 2840 snpra
493 2750 624 2821 dictum
660 2757 731 2841 est,
757 2751 1083 2843 Bippenninm,
1110 2773 1154 2823 ex
1180 2773 1249 2843 qua
1274 2753 1358 2824 villa
1383 2760 1421 2825 et
1446 2753 1590 2843 praedio
1615 2751 1760 2824 militari
1786 2773 1829 2823 ex

279 2871 437 2942 omnibus
465 2871 558 2962 agris
584 2877 656 2942 tam
683 2871 934 2962 praedialibus,
962 2893 1064 2964 quam
1096 2873 1378 2964 cmethonalibus,
1397 2873 1500 2944 datur
1525 2872 1659 2944 decima
1675 2873 1831 2962 manipn-

277 2990 363 3062 laris
389 2993 519 3064 rectori
545 2991 654 3082 ipsius
682 2993 846 3065 ecclesiae
873 3015 937 3084 pro
963 2997 1119 3084 tempore
1147 2994 1310 3066 existenti
1336 2999 1374 3066 et
1399 2994 1584 3084 canapalis.
1618 2993 1723 3064 Dicta
1747 2992 1831 3064 villa

277 3111 608 3184 Zarnownicza
633 3109 739 3185 habet
764 3114 945 3186 tabernam
973 3136 1076 3186 unam
1104 3136 1181 3186 cum
1208 3115 1312 3206 agris,
1338 3135 1381 3186 ex
1406 3135 1477 3206 qna
1503 3114 1664 3186 similiter
1681 3113 1829 3204 plebano

278 3231 388 3324 ipsius
423 3233 589 3306 ecclesiae
612 3235 833 3327 parochialis
860 3237 896 3308 in
922 3235 1282 3328 Wisohoczycze
1317 3235 1421 3309 datur
1447 3236 1580 3308 decima
1603 3234 1830 3326 manipularis

138 3387 143 3395 ·
278 3361 315 3426 et
341 3356 525 3447 canapalis.

380 3475 734 3567 comsummata
768 3478 813 3549 ad
847 3478 1080 3569 parochialem
1107 3479 1234 3551 dictam
1261 3479 1297 3549 in
1323 3478 1691 3571 Wyschoczycze
1717 3478 1827 3569 perti-

277 3618 364 3669 nens
389 3598 466 3669 iure
492 3598 692 3689 parochiali,
719 3599 754 3669 in
783 3620 851 3689 qua
877 3605 958 3671 sunt
983 3600 1075 3670 lanei
1101 3600 1345 3689 emethonales,
1372 3599 1470 3671 cuius
1495 3600 1599 3671 villae
1625 3599 1749 3671 haeres
1777 3604 1831 3670 est

276 3740 466 3809 generosus
493 3716 686 3791 Stanislaus
723 3719 1130 3810 Szwyrczkowsky
1157 3740 1332 3790 armornm
1358 3718 1382 3789 J
1391 3719 1560 3817 anina,
1575 3738 1663 3808 quae
1690 3718 1829 3808 quidem

277 3840 361 3911 villa
386 3840 494 3913 babet
520 3840 700 3931 praedium
727 3840 877 3911 militare
904 3847 941 3911 et
967 3860 1070 3910 unam
1096 3839 1299 3929 tabernam,
1325 3858 1369 3908 ex
1397 3838 1522 3927 quibus
1550 3838 1707 3909 omnibns
1734 3838 1828 3926 agris

136 4032 141 4039 ,
277 3960 391 4032 dictae
418 3961 520 4033 villae
547 3966 619 4032 tam
646 3960 890 4052 praedialibus,
919 3981 1022 4051 quam
1049 3959 1332 4056 cmethonalibns,
1358 3958 1462 4029 datar
1487 3959 1620 4029 decima
1635 3956 1829 4047 manipula·

276 4082 326 4154 ris
354 4082 535 4155 cuiuslibet
561 4084 662 4172 grani
689 4088 725 4154 et
752 4083 892 4153 seminis
920 4081 1034 4153 dictae
1060 4080 1271 4173 parochialis
1298 4080 1464 4152 ccclesiae
1490 4080 1639 4171 plebano
1657 4099 1722 4170 pro
1740 4084 1829 4151 tem-

277 4224 363 4294 pore
390 4204 561 4295 existenti,
589 4208 625 4274 et
651 4224 828 4294 canapnm.

270 4320 274 4329 '
381 4324 673 4415 Sczxaonzxczn,
701 4324 783 4396 villa
811 4325 948 4396 abbatis
976 4330 1012 4395 et
1039 4328 1229 4396 conventus
1247 4324 1283 4394 in
1302 4322 1560 4414 Sczyrzydz
1587 4320 1827 4393 Cisterciensis

279 4444 420 4535 ordinm,
446 4442 577 4517 habens
603 4444 731 4535 laneos,
758 4446 991 4516 molendinum
1018 4450 1054 4515 et
1079 4445 1269 4535 tabernam,
1296 4464 1340 4514 ex
1367 4464 1435 4533 qua
1457 4442 1541 4515 villa
1558 4442 1719 4532 provenit
1737 4440 1829 4510 deci·

278 4587 335 4638 ma
360 4566 585 4657 manipularis
613 4566 773 4657 episcopo
802 4565 1043 4655 Oracoviensi3
1071 4565 1113 4637 de
1140 4564 1283 4656 praedio
1311 4584 1404 4656 vero,
1432 4563 1524 4654 qnod
1551 4562 1707 4633 amnltis
1726 4560 1827 4631 annis

278 4688 463 4776 retroactis
497 4686 648 4758 militare
683 4686 767 4777 fuit,
804 4692 988 4779 antequam
1024 4686 1068 4758 ad
1103 4686 1352 4758 monasterium
1386 4690 1540 4774 emptum
1576 4687 1637 4753 ant
1663 4681 1829 4752 donatum
1903 4771 1911 4781 ,

278 4812 363 4897 erat,
390 4826 527 4897 semper
553 4807 638 4879 alias
665 4808 709 4879 ab
736 4808 999 4881 immemorabili
1017 4813 1183 4896 tempore,
1202 4806 1299 4877 cuius
1317 4805 1409 4875 initii
1426 4802 1594 4875 memoria
1610 4823 1679 4872 non
1698 4801 1828 4891 existit,

278 4928 427 5001 dabatur
462 4934 498 4999 et
533 4928 638 5001 datur
672 4929 804 5000 decima
839 4928 1065 5019 manipularis
1102 4926 1287 4997 cuiuslibet
1322 4925 1423 5015 grani
1460 4928 1496 4995 et
1530 4922 1672 4995 seminis
1697 4922 1828 4993 rectori

279 5050 392 5121 dictae
427 5049 591 5121 ecclesiae
626 5050 835 5141 parochialis
871 5050 906 5121 in
941 5048 1315 5140 Wyschoczycze.
1354 5045 1528 5117 Plebanus
1564 5048 1681 5114 autem
1716 5043 1826 5131 ipsius

278 5168 443 5241 ecelesiae
474 5170 683 5260 parochialis
718 5168 754 5239 in
781 5168 1150 5259 Wyschoczycze
1184 5168 1293 5238 habet
1319 5166 1405 5238 dnos
1431 5164 1551 5236 laneos
1577 5163 1651 5234 sire
1676 5182 1826 5253 mansos,

277 5312 342 5383 pro
368 5290 512 5382 praedio
530 5290 679 5381 vplebani
705 5290 749 5360 ab
776 5288 1040 5360 immemorabili
1066 5295 1223 5377 tempore
1250 5306 1430 5357 concessos
1447 5291 1485 5356 et
1500 5283 1697 5356 liberaliter
1714 5282 1826 5374 datos,

277 5412 364 5484 sitos
390 5412 426 5483 in
453 5412 669 5483 haereditate
695 5408 894 5499 praedictae
920 5408 1024 5479 villae
1050 5406 1407 5498 Sczyborzyeze,
1434 5407 1479 5477 ab
1504 5426 1575 5475 una
1599 5410 1701 5495 parte
1726 5402 1823 5478 duvii

278 5532 362 5604 dicti
387 5532 622 5626 Dlubnya3
649 5530 685 5601 in
712 5530 780 5600 alia
806 5550 890 5601 vero
917 5534 1017 5619 parte
1036 5528 1118 5601 dicti
1138 5528 1241 5618 fluvii,
1260 5528 1414 5599 inbonis
1433 5526 1826 5599 ethaereditatevillae

277 5652 306 5727 Z
316 5644 624 5747 arnownycza,
650 5652 757 5724 habet
775 5656 888 5723 certos
916 5672 1019 5741 agros
1038 5652 1124 5722 satis
1143 5649 1286 5742 amplos,
1304 5648 1391 5720 alias
1408 5645 1508 5747 nimy,
1527 5668 1637 5740 penes
1652 5647 1825 5741 publicam
