4550 6600
486 746 563 817 434

483 953 527 1025 ad
554 950 813 1025 serenissimum
846 946 1013 1018 Poloniae
1048 962 1166 1035 regem
1201 942 1539 1034 pertinet.·1nqua
1574 942 1725 1032 quinque
1752 940 1966 1027 emethones,
1994 938 2037 1008 de

486 1074 611 1165 quibus
629 1071 797 1162 plebanus
816 1067 858 1139 de
876 1068 956 1139 Bol
967 1067 1106 1139 eslaw
1133 1066 1228 1137 tollit
1248 1064 1547 1153 columhationem,
1560 1062 1695 1136 decima
1711 1082 1795 1134 vero
1812 1059 2039 1151 manipularis

485 1194 632 1269 solvitur
658 1192 820 1283 episcopo
848 1187 1077 1303 Cracoviensi.

596 1315 853 1403 Scmrnnrrm,
880 1311 964 1385 villa
999 1312 1063 1383 suh
1100 1308 1267 1399 parochia
1302 1307 1345 1380 de
1381 1306 1633 1379 Stroziska
1666 1306 1753 1397 sito,
1790 1305 1886 1377 cuius
1911 1306 2040 1377 haeres

483 1437 662 1510 lohannes
688 1432 1068 1525 Mlodzyeowslry
1095 1430 1139 1501 de
1166 1431 1273 1501 armis
1300 1410 1547 1521 Starykon.
1574 1429 1614 1500 ln
1642 1449 1711 1518 qua
1738 1433 1820 1499 sunt
1836 1427 1928 1498 lanei
1947 1446 2039 1497 cmc-

483 1557 661 1645 chorales,
690 1556 732 1627 de
765 1556 890 1646 quibus
917 1552 1066 1626 solvitur
1092 1556 1128 1622 et
1156 1550 1360 1623 conducitur
1386 1550 1520 1623 decima
1545 1550 1773 1639 manipularis
1799 1555 1836 1621 et
1862 1547 2040 1639 canapalis

484 1700 548 1769 pro
582 1678 727 1749 ecclesia
765 1676 800 1747 in
837 1674 1089 1763 Balesium,¹
1117 1678 1154 1744 et
1180 1674 1279 1745 valor
1313 1674 1388 1745 eius
1415 1674 1620 1743 aestimatur
1646 1672 1691 1743 od
1718 1676 1867 1762 quatuor
1895 1690 2039 1742 marcas

483 1801 573 1873 Item
600 1803 654 1871 cst
674 1798 729 1869 ibi
756 1818 862 1869 unum
889 1796 1069 1888 praedium
1097 1795 1260 1885 militare,
1286 1795 1329 1866 de
1356 1794 1454 1865 cuius
1482 1794 1576 1883 agris
1603 1792 1752 1865 solvitur
1778 1793 1913 1865 decima
1930 1793 2040 1863 ccele-

485 1922 558 1993 siae
585 1921 621 1992 in
648 1919 906 1992 Stroziska.
933 1917 1022 1989 Item
1051 1922 1106 1988 est
1133 1917 1183 1987 ihi
1211 1917 1357 1987 taberna
1382 1936 1452 1987 nna
1477 1916 1610 1987 hahens
1637 1932 1749 2005 agros.

590 2040 819 2130 (10000000,
846 2038 930 2111 villa
965 2039 1028 2110 sub
1067 2037 1234 2128 parochia
1260 2037 1303 2109 de
1330 2036 1579 2127 Stroziska
1605 2036 1690 2127 sita,
1717 2037 1814 2108 cuius
1840 2036 2039 2126 proprietas

486 2165 530 2238 ad
556 2163 740 2255 plebanum
769 2161 811 2233 de
839 2159 1117 2233 Stroziszka
1144 2155 1306 2249 pertinet.
1333 2159 1374 2231 In
1401 2180 1469 2250 qua
1496 2162 1577 2231 sunt
1603 2158 1695 2230 lanei
1713 2178 1773 2229 sex
1792 2158 2036 2248 emethonales,

485 2286 528 2357 de
556 2286 679 2375 quibus
706 2283 838 2355 decima
864 2282 1089 2372 manipularis
1117 2286 1154 2352 et
1180 2281 1356 2372 canapalis
1373 2281 1522 2353 solvitur
1539 2284 1576 2350 et
1592 2280 1794 2351 conducitur
1810 2301 1875 2371 pro
1894 2281 2038 2353 ecclesia

485 2408 522 2478 10
549 2406 799 2495 Βο100100,
827 2409 869 2475 et'
897 2404 995 2475 valor
1030 2404 1104 2475 eius
1132 2404 1337 2475 aestimatur
1364 2403 1409 2474 ad
1436 2407 1586 2493 quatuor
1611 2421 1755 2473 marcas.
1793 2402 1882 2478 Item
1908 2408 1964 2473 est
1987 2403 2038 2473 ibi

486 2548 590 2600 unum
618 2527 798 2618 praedium
833 2524 972 2616 plebani
999 2526 1042 2596 de
1070 2524 1334 2615 Strozisha‚
1362 2524 1405 2596 de
1432 2546 1500 2615 quo
1526 2524 1694 2614 plebanus
1720 2544 1789 2595 000
1816 2524 1922 2595 solvit
1946 2523 2037 2595 deci-

486 2670 586 2739 mam,
614 2649 675 2721 sed
703 2668 867 2738 eam-pro
896 2668 933 2717 00
960 2646 1062 2717 tollit.
1723 2664 1729 2675 ·

600 2771 816 2859 choczun‚
853 2748 936 2840 villa
976 2768 1039 2839 sub
1080 2766 1247 2861 parochio
1281 2766 1324 2838 de
1359 2765 1626 2839 Ostroucze
1661 2767 1749 2857 sita,'
1782 2766 1879 2838 cuius
1914 2767 2036 2839 haeres

486 2892 640 2964 Mathias
667 2890 1001 2981 Zagorzansky
1028 2889 1071 2961 de
1099 2889 1205 2960 armis
1232 2888 1551 2979 Bippenninm.
1578 2888 1619 2958 In
1647 2910 1716 2979 qua
1741 2888 2036 2961 suntlaneicme·

487 3014 664 3107 thanatan,
692 3012 735 3084 de
763 3012 888 3103 quibus
920 3011 1068 3083 solvitur
1095 3016 1131 3082 et
1158 3009 1362 3082 conducitur
1388 3010 1521 3082 decima
1546 3010 1772 3101 manipularis
1799 3016 1835 3083 et
1862 3011 2052 3101 000000110-

487 3136 524 3206 in
551 3134 801 3224 Boleslau,
828 3138 864 3205 et
898 3133 996 3205 valor
1029 3133 1103 3204 eius
1141 3133 1346 3205 aestimatur
1373 3131 1531 3204 adduas
1558 3153 1703 3205 marcas.
1742 3133 1831 3205 Item
1858 3134 2034 3223 praedium
2107 3121 2109 3124 ’

488 3279 557 3330 000
585 3256 701 3328 estin
728 3254 848 3328 cadem
876 3254 966 3328 villa.

590 3378 760 3468 Hrunow,
788 3377 873 3449 villa
901 3377 965 3448 snb
992 3376 1159 3466 parochia
1185 3375 1228 3448 de
1246 3375 1504 3448 Ostrowcze
1531 3377 1609 3466 site,
1627 3377 1724 3449 cuius
1742 3377 1866 3449 haeres
1884 3376 2033 3448 Mathias

488 3499 820 3590 Zagorzansky
846 3499 889 3570 de
916 3497 1022 3570 armis
1050 3496 1373 3588 Bippenninm.
1408 3498 1449 3570 In
1477 3518 1544 3588 qua
1570 3503 1652 3570 sunt
1677 3499 1768 3570 lanei
1794 3499 2033 3590 cmethonales,

357 3720 362 3728 Ι
487 3621 530 3692 de
559 3621 682 3712 quibus
710 3620 858 3693 solvitur
885 3627 921 3691 et
948 3617 1153 3690 conducitur
1179 3617 1314 3692 decima
1339 3618 1566 3710 manipularis
1592 3625 1631 3692 et
1646 3620 1830 3711 casopolis,
1849 3641 1914 3711 pro
1932 3621 2034 3692 eccle·

489 3743 540 3814 sia
566 3744 601 3813 in
628 3742 869 3832 Boleslaw,
897 3745 934 3813 et
960 3741 1059 3813 valor
1085 3740 1160 3812 eins
1188 3741 1393 3814 aestimatur
1419 3739 1464 3840 ad
1491 3740 1577 3812 duas
1603 3761 1748 3814 marcas.
1774 3742 1864 3814 Item
1891 3764 1960 3815 000
1986 3748 2035 3814 est
2087 3809 2092 3814 .

487 3863 669 3954 praedium
695 3863 753 3934 ibi.
2135 3846 2139 3855 ⁵

590 3985 837 4073 Ζο0000000,
876 3984 959 4055 villa
991 3983 1055 4055 sub
1091 3974 1336 4074 parochia'de
1373 3983 1640 4058 Ostrowcze
1675 3987 1761 4077 sita,
1789 3985 1887 4058 cuins
1915 3986 2033 4058 haeres

489 4107 580 4178 idem
606 4105 761 4176 Mathias
788 4105 1121 4196 Zagorzanslry
1149 4105 1193 4177 de
1219 4106 1325 4178 armis
1352 4105 1670 4197 Bippenninm.
1697 4107 1738 4178 ln
1762 4128 1831 4198 qua
1848 4114 1932 4180 sunt
1948 4107 2035 4178 lanei

488 4226 738 4317 0001100010οᾖ
766 4225 809 4297 de
837 4227 961 4317 quibus
997 4226 1145 4298 solvitur
1171 4232 1207 4298 et
1233 4227 1438 4299 conducitur
1464 4228 1597 4300 decima
1623 4229 1848 4319 manipularis
1875 4236 2035 4301 010000-

487 4349 575 4439 palis
612 4367 675 4438 pro
712 4347 858 4419 ecclesia
893 4349 928 4418 in
966 4348 1216 4438 Bolcslaw‚
1244 4355 1325 4438 post
1359 4371 1465 4420 unum
1501 4371 1676 4442 campum,
1703 4357 1740 4423 et
1767 4351 1866 4423 valor
1892 4350 2034 4423 eiusad

488 4491 594 4541 unum
620 4468 789 4540 fertonem
816 4470 1031 4541 aestimatur.
1055 4470 1145 4541 Item
1172 4470 1352 4560 praedium
1379 4478 1433 4543 est
1460 4472 1519 4562 ibi,
1546 4473 1589 4543 de
1616 4472 1714 4544 cuius
1741 4474 1844 4564 agris,
1872 4478 1909 4545 et
1935 4473 2034 4545 etiam

488 4589 531 4662 de
558 4591 652 4680 agris
679 4590 824 4661 duorum
852 4591 1078 4700 cmethonum,
1106 4591 1298 4662 decimatur
1324 4592 1489 4664 ecelesiae
1516 4594 1552 4663 in
1579 4592 1851 4685 Ostroucze,
1879 4601 1916 4667 et
1942 4595 2034 4666 valor

489 4712 563 4782 eius
600 4711 805 4783 aestimatur
841 4711 886 4782 ad
922 4715 998 4782 octo
1033 4719 1185 4800 scott0s;
1220 4714 1303 4784 item
1339 4715 1487 4786 ecclesia
1521 4715 1565 4786 de
1582 4715 1789 4808 ·Solyecz
1824 4723 1907 4808 post
1933 4737 2064 4788 unum*

490 4853 647 4924 campum
675 4831 870 4922 secundum,
897 4838 977 4922 post
1004 4833 1146 4904 tertium
1173 4853 1256 4905 vero
1284 4855 1441 4926 campum
1468 4837 1614 4909 ecclesia
1640 4837 1683 4909 de
1710 4837 1969 4911 Gorinicze.

593 4953 930 5044 Szmrucuowrczn‚
957 4955 1040 5026 villa
1067 4956 1130 5028 sub
1158 4957 1326 5045 parochia
1350 4957 1394 5029 (10
1420 4957 1722 5031 Samborzecz
1748 4962 1823 5052 sita
1843 4961 1939 5032 cuius
1956 4961 2031 5032 hae-

489 5097 547 5148 res
573 5075 839 5147 Dobeslaus
872 5075 914 5146 de
941 5077 1046 5147 armis
1073 5076 1344 5150 Polulrosza.
1384 5079 1425 5149 ln
1452 5101 1520 5170 qna
1546 5087 1628 5154 sunt
1654 5083 1805 5173 quinque
1831 5083 1922 5154 lanei
1949 5102 2031 5153 ome-

484 5198 667 5287 ¹thomice,
694 5197 778 5268 item
813 5196 1011 5268 hortulanis
1045 5218 1132 5288 una,
1146 5199 1244 5289 'item
1270 5201 1416 5272 taberna
1441 5223 1511 5272 una
1536 5203 1669 5275 habens
1696 5225 1816 5295 agros,
1844 5203 2031 5294 dequibus

491 5319 636 5391 solvitur
663 5324 699 5390 et
726 5318 930 5390 conducitur
957 5318 1089 5391 decima
1116 5321 1341 5411 manipularis
1368 5327 1405 5394 et
1430 5325 1607 5414 canapalis
1633 5346 1697 5416 pro
1716 5325 1861 5398 00010010
1878 5327 1915 5397 10
1932 5324 2030 5397 Sam·

490 5441 692 5530 borzecz,
720 5445 755 5511 et
780 5440 878 5512 valor
904 5441 978 5512 eius
1005 5441 1208 5513 aestimetur
1234 5443 1279 5514 ad
1307 5444 1459 5536 quinque
1485 5467 1628 5548 marcas.
1667 5445 1756 5519 Item
1783 5452 1837 5520 est
1861 5448 1912 5520 ibi
1937 5468 2029 5538 prae

491 5560 586 5632 dium
612 5581 718 5633 unum
745 5561 904 5652 militare,
931 5561 973 5633 de
1001 5563 1097 5657 cuius
1125 5564 1220 5654 agris
1247 5565 1394 5637 solvitur
1420 5567 1553 5639 decima
1579 5569 1744 5642 ecclesiae
1771 5570 1807 5640 in
1826 5569 2028 5659 Boleslau,

492 5681 588 5754 cuius
615 5681 713 5757 valor
740 5682 785 5754 ad
811 5687 883 5754 tres
910 5702 1044 5754 marcas
1071 5684 1285 5757 aestimatur.
