4550 6600
1727 744 1800 827 501

251 952 442 1035 Johaunos.
466 952 508 1025 In
534 975 604 1045 qua
629 959 710 1027 sunt
735 953 827 1033 lanei
852 954 978 1045 amiati
1003 955 1081 1046 duo,
1107 954 1151 1033 ue
1178 956 1302 1048 quibus
1328 934 1475 1033 soluitur
1501 956 1636 1041 decinra
1654 956 1697 1037 de
1716 982 1799 1052 quo·

168 1056 178 1077 ⁰
252 1074 343 1150 libet
376 1074 475 1152 laneo
509 1094 573 1164 per
607 1094 669 1150 sex
694 1095 835 1165 grossos
860 1076 1016 1167 usuales,
1043 1096 1107 1167 pro
1133 1076 1322 1155 scholastia
1347 1077 1635 1171 Sandomiriensi,
1661 1086 1802 1172 praeter
1856 1076 1860 1085 “

254 1200 407 1286 quatuor
431 1195 560 1285 laneos,
587 1195 631 1267 dc
657 1197 782 1286 quibus
808 1198 913 1272 etiam
938 1218 1003 1288 per
1028 1218 1089 1270 sex
1114 1218 1256 1289 grossos
1282 1199 1429 1273 solvitur
1455 1201 1622 1277 eeclesiae
1639 1202 1675 1277 in
1692 1202 1801 1278 Kra-

255 1318 399 1389 sznilr.
433 1317 522 1388 Item
548 1316 695 1407 quilibet
721 1317 765 1389 de
790 1317 907 1409 laneo,
932 1323 1073 1390 tenetur
1098 1319 1292 1396 conducere
1318 1320 1482 1394 ecelesiae
1508 1321 1545 1393 in
1570 1321 1801 1398 Krasanik
1862 1307 1868 1318 “

253 1458 359 1509 unam
385 1438 556 1511 casulam
586 1438 713 1529 tritici,
739 1459 844 1511 unam
869 1439 1017 1529 siliginis
1043 1445 1080 1513 et
1105 1462 1209 1513 unam
1235 1461 1383 1534 avenae,
1410 1447 1447 1515 et
1472 1442 1571 1516 valor
1597 1445 1801 1518 aestimatur
1953 1458 1957 1463 '
2056 1544 2060 1553 .

255 1560 333 1638 eius
358 1559 404 1633 ad
428 1560 580 1651 quinque
605 1580 749 1636 maras
1350 1615 1363 1638 .
1404 1634 1406 1643 ,
1529 1626 1543 1649 .

356 1682 558 1773 Sucnnrrs,
583 1682 651 1756 sub
673 1682 751 1773 ipsa
776 1680 950 1773 parochia
976 1664 1073 1755 cuius
1089 1683 1214 1760 haeres
1229 1683 1331 1763 ,idem
1348 1682 1535 1759 lohannes.
1560 1685 1602 1761 In
1621 1708 1690 1779 qua
1705 1688 1801 1767 lanei

253 1802 450 1895 qaindecim
466 1824 546 1887 cum
562 1802 685 1892 medio,
711 1802 755 1875 de
773 1822 919 1893 quorum
944 1804 1060 1877 tribus
1071 1809 1113 1880 et
1129 1804 1244 1878 medio
1270 1805 1498 1879 scholastriae
1520 1806 1800 1901 Saudomiriensi,

252 1923 299 1999 de
323 1923 475 2001 residuis
492 1942 574 1998 vero
601 1923 768 1997 ecclesiae
793 1923 831 1995 in
856 1922 1093 1996 Krasznik
1108 1944 1183 2015 ,per
1201 1944 1262 1999 sex
1278 1944 1437 2017 grossosq
1461 1928 1545 2002 item
1571 1928 1615 2001 de
1641 1929 1799 2024 omnibus

252 2044 406 2118 sedecim
431 2043 541 2131 laneis
567 2044 715 2123 solvitur
740 2064 811 2116 una
835 2045 972 2117 mesula
997 2045 1155 2135 siliginis,
1182 2066 1251 2119 una
1275 2046 1385 2121 tritici
1412 2052 1448 2121 st
1474 2068 1542 2122 una
1568 2068 1708 2141 avenae,
1734 2070 1798 2141 pro

253 2165 527 2261 normano-in
553 2164 798 2241 Krasznik.

303 2342 307 2348 .
358 2284 638 2378 Garmanuczn,
680 2287 744 2360 sub
771 2286 892 2359 eadem
917 2288 1083 2378 parocbia
1107 2288 1194 2379 sita,
1231 2289 1328 2365 cuius
1355 2289 1479 2363 haeres
1504 2290 1596 2365 idem
1621 2290 1798 2373 lohannes

251 2406 624 2500 Krasznyezsky.
649 2408 691 2481 In
718 2429 788 2499 qua
813 2413 895 2481 sunt
920 2409 1021 2500 lanei,
1047 2408 1091 2481 de
1117 2430 1265 2500 quornm
1291 2408 1465 2501 aliquibus
1493 2411 1640 2485 solvitur
1667 2412 1799 2487 decima

252 2549 317 2619 per
343 2548 404 2601 sen
437 2548 580 2619 grossos
614 2528 821 2601 scholastico
849 2527 1134 2620 Sandomiriensi,
1163 2530 1218 2603 'de
1245 2530 1418 2621 aliquibus
1452 2551 1535 2604 vero
1571 2532 1736 2608 ecclesiae
1762 2534 1798 2605 in

251 2647 504 2740 Krasanik,
530 2654 567 2721 et
591 2650 738 2740 quilibet
763 2650 825 2723 det
846 2650 1011 2724 ecelesiae
1036 2650 1073 2721 in
1098 2649 1336 2723 Krasznik
1362 2672 1466 2733 unarn
1484 2632 1798 2744 cassulamtritici,

251 2790 358 2843 unam
384 2771 532 2860 siliginis
557 2776 595 2843 et
620 2790 725 2843 mam
751 2787 893 2860 avenae
918 2770 986 2843 buit
1002 2770 1052 2844 ibi
1070 2770 1243 2862 qnondam
1261 2771 1406 2845 ecclesia
1423 2769 1632 2863 parochialis
1650 2771 1798 2855 Sanctae

251 2889 387 2962 Mariae
413 2891 537 2981 dicatu,
564 2890 627 2967 sed
652 2891 750 2963 uuita
775 2896 830 2963 est
855 2891 1021 2963 ecelesiae
1047 2892 1082 2963 in
1108 2876 1351 2965 Krasznilr.

356 3011 553 3102 Znnazow,
579 3012 663 3085 villa
688 3012 753 3083 snb
779 3012 944 3101 parocbia
970 3012 1014 3083 de
1039 3011 1274 3085 Krasnnilr
1301 3012 1511 3103 sita,·cuius
1537 3014 1734 3104 propm'stas
1761 3011 1821 3087 et'

248 3132 441 3205 dominium
474 3132 520 3203 ad
545 3133 704 3205 abbatem
739 3138 777 3204 et
802 3133 1051 3205 monasterium
1087 3132 1432 3268 Koprzywnyczffiso
1458 3134 1619 3223 pertinet.
1663 3135 1704 3207 ln
1730 3140 1799 3226 qua

249 3258 309 3326 est
333 3253 510 3345 scoltetia,
549 3253 682 3333 babens
707 3257 785 3326 octo
811 3253 930 3328 laneos
962 3253 1160 3345 proprios,
1181 3254 1225 3326 da
1252 3254 1375 3345 quibus
1396 3251 1563 3328 'nescitur
1597 3274 1661 3346 per
1696 3276 1798 3348 quam

249 3375 497 3466 negligentiam
524 3380 560 3448 et
585 3375 739 3466 abusum,
766 3374 1004 3448 tantummodo
1031 3375 1137 3448 solvit
1163 3371 1241 3450 octo
1266 3361 1406 3466 scottos,
1434 3397 1520 3467 qnos
1547 3376 1605 3448 vix
1633 3397 1799 3468 congrue-

249 3502 309 3572 ret
335 3477 398 3586 pro
423 3516 493 3568 uno
519 3495 619 3568 laneo
637 3496 772 3572 solvere
797 3515 864 3586 pro
880 3496 1091 3571 monasterio
1117 3497 1155 3568 in
1181 3495 1435 3586 Krasznilr3
1462 3497 1696 3580 emetlronales
1714 3519 1823 3572 verny

248 3615 342 3694 lanai
368 3621 497 3707 sunt...‚
524 3621 562 3688 et
578 3616 725 3707 quilibet
741 3637 806 3707 pro
824 3617 957 3690 decima
982 3616 1172 3707 pecuniali,
1199 3616 1305 3691 soluit
1330 3617 1539 3690 monasterio
1567 3615 1797 3712 (loprzywny-

220 3721 366 3809 'czensi
392 3743 470 3810 octo
495 3757 653 3832 grossos3
696 3740 780 3813 iteru
815 3739 892 3830 agri
917 3738 1140 3819 tabernarum
1167 3736 1312 3810 duarum
1339 3737 1508 3810 similiter.
1552 3737 1651 3850 Item,
1669 3745 1723 3812 est
1748 3735 1798 3812 ibi

248 3857 431 3948 praedium
456 3858 667 3950 monasterii,
694 3859 738 3931 de
764 3859 862 3931 cuius
888 3859 983 3950 agris
1002 3879 1071 3932 non
1089 3857 1237 3931 soluitur
1264 3858 1406 3950 antiqua
1433 3857 1575 3951 decima,
1601 3859 1662 3932 sed
1689 3861 1796 3932 abbas

249 3998 328 4049 eam
354 3999 418 4069 pro
444 4000 483 4051 se
508 3977 639 4080 tollit„

354 4099 526 4192 Szunow,
566 4099 650 4174 villa
675 4101 740 4174 sub
766 4099 931 4192 parochia
956 4099 1001 4172 do
1025 4098 1262 4172 Krasznik
1289 4100 1501 4191 anamotus
1527 4100 1724 4193 proprietas
1751 4099 1797 4174 ad

230 4219 442 4310 ‚praefatum
467 4223 716 4331 monasterigrn
741 4221 1079 4314 Ooprzywnycnense
1105 4223 1268 4312 pertinet.
1298 4223 1340 4294 In
1367 4241 1434 4315 qua
1461 4221 1515 4294 det
1541 4221 1710 4295 scultetus
1736 4223 1798 4296 ha-

247 4343 339 4421 beas
365 4347 520 4433 quatuor·
539 4343 660 4417 laneos
687 4364 766 4416 cum
790 4343 918 4433 medio,
954 4343 1060 4416 etde
1087 4342 1221 4417 duobus
1248 4343 1358 4416 laneis
1385 4343 1549 4434 antiquis,
1576 4342 1680 4418 solvit
1706 4343 1797 4416 deci·

246 4483 342 4534 mam
367 4464 618 4555 manipularem
644 4465 808 4536 ecclesiae
833 4464 870 4534 in
887 4462 1138 4554 Krasnnik,
1165 4464 1208 4537 de
1226 4463 1361 4538 duobus
1379 4484 1462 4538 vero
1480 4464 1559 4536 aliis
1585 4483 1662 4539 cum
1680 4464 1794 4538 medio

248 4583 380 4675 laneis,
415 4585 520 4658 solvit
546 4605 622 4658 eam
656 4585 867 4660 monasterio
893 4583 1231 4676 (loprzywnyczensi.
1275 4585 1363 4658 Item
1389 4588 1470 4659 sunt
1504 4584 1540 4656 in
1568 4583 1686 4661 eadem
1714 4583 1797 4657 villa

247 4703 342 4776 lanei
367 4706 603 4778 cmetbonales
630 4707 753 4796 viginti
779 4710 867 4797 octo,
894 4705 938 4777 do
964 4726 1110 4797 quornm
1135 4706 1323 4778 medietate
1355 4706 1502 4780 solvitur
1528 4706 1661 4778 decima
1686 4705 1796 4778 mani-

248 4824 393 4919 pularis,
419 4832 456 4898 et
483 4825 526 4898 de
551 4827 738 4900 medietate
763 4827 953 4918 pecunialis
979 4847 1044 4918 per
1062 4833 1212 4918 quatuor
1237 4845 1387 4918 grossos,
1413 4827 1625 4901 monastario
1644 4825 1796 4918 Goprcy·

248 4947 454 5036 wnyczensi.

884 5145 892 5160 κ
935 5067 1123 5144 Bornoaz.
1793 5125 1798 5132 -

346 5184 604 5262 ⁶lilla-habens
629 5188 864 5279 parochialem
891 5189 1071 5262 ecclesiam
1098 5191 1135 5262 in
1162 5209 1199 5262 se
1226 5190 1384 5284 ligneam,
1412 5187 1539 5264 Sancto
1559 5243 1567 5262 .
1586 5245 1593 5262 .
1612 5245 1620 5262 .
1640 5245 1674 5262 ..
1701 5189 1795 5264 diea—
1944 5229 1947 5242 ·

247 5314 330 5421 tprn,
357 5309 456 5382 cuius
473 5309 611 5383 collatio
628 5311 782 5401 pertinet
799 5311 844 5385 ad
861 5309 1055 5383 Johannem
1080 5310 1372 5404 Rapstinsky
1400 5312 1444 5383 do
1472 5311 1572 5384 domo
1599 5309 1795 5404 Bippen·

246 5431 386 5522 ndum,
413 5431 523 5521 ipsius
549 5431 653 5505 villae
678 5432 872 5522 haeredem,
899 5433 995 5504 cuius
1020 5437 1210 5522 proventus
1237 5438 1318 5504 sunt
1352 5430 1579 5522 infrascripti:
1606 5437 1642 5506 et
1667 5433 1798 5523 primo,

245 5550 354 5627 habet
379 5571 484 5641 agros
500 5558 537 5624 et
553 5559 656 5642 prata
680 5573 744 5642 per
770 5552 946 5624 Andream
974 5552 1326 5644 Thanczynsky‚
1352 5557 1434 5624 tnnc
1459 5553 1568 5643 ipsius
1586 5553 1688 5626 uillae
1707 5553 1790 5624 hae-

246 5671 366 5750 redem
392 5672 538 5746 donatos
564 5681 601 5746 et
626 5673 822 5764 inscriptos,
849 5694 914 5764 pro
940 5673 1079 5764 plebani
1104 5673 1249 5765 praedio
1270 5679 1307 5746 et
1323 5673 1541 5746 necessitate.
1567 5673 1608 5773 In
1626 5671 1695 5766 qna
1712 5679 1793 5748 sunt
