4550 6600
1710 757 1786 830 44⁷

336 964 551 1054 Srnczrcow,
578 962 661 1036 villa
680 965 743 1036 snb
762 914 933 1055 parochia
954 962 996 1035 de
1016 962 1263 1055 Tuczampi
1289 965 1372 1054 sita,
1400 965 1497 1037 cuins
1515 965 1638 1036 haeres
1656 964 1788 1036 Johau-

228 1106 292 1159 nes
327 1086 682 1178 Rythwyensky.
726 1086 766 1157 In
786 1106 854 1177 qua
880 1090 962 1159 sunt
987 1085 1080 1157 lanei
1105 1086 1359 1176 cmethonales,
1394 1087 1479 1157 item
1505 1087 1671 1178 taberna,
1698 1087 1783 1192 item

231 1207 474 1315 hortulaniae,
500 1208 689 1299 dequibus
715 1208 863 1281 solvitur
882 1207 1015 1296 decima
1033 1207 1200 1282 ecclesiae
1226 1208 1263 1279 in
1286 1206 1547 1300 Tuczampi‚
1574 1209 1673 1321 cuins
1689 1208 1788 1283 valor

337 1452 518 1542 Donnow,
553 1451 637 1556 villa
663 1450 736 1523 sub¹
755 1451 921 1543 parochia
946 1451 989 1523 de
1017 1429 1262 1543 Tucrampi
1288 1453 1373 1543 sita,
1409 1452 1508 1523 cuius
1534 1453 1659 1524 haeres
1685 1452 1815 1523 Nico-v

230 1574 310 1647 laus
337 1570 617 1666 Gnoyensky
644 1574 688 1647 de
716 1573 822 1657 armis
849 1570 1106 1666 Crrzymala
1138 1575 1186 1645 ln
1214 1596 1283 1666 qua
1309 1574 1401 1647 lanei
1428 1575 1677 1665 umethonales‚
1704 1575 1789 1645 item

230 1694 413 1786 praedium
440 1717 545 1769 unum
573 1695 738 1786 militare,
765 1694 848 1767 item
867 1696 1030 1785 taberna,
1057 1697 1141 1769 item
1160 1698 1399 1789 hortulaniae,
1425 1697 1614 1787 dequibus
1640 1697 1789 1770 solvitur

230 1821 269 1889 et
295 1815 498 1889 conducitur
525 1816 658 1890 decima
684 1815 910 1908 manipularis
942 1822 978 1889 et
1005 1819 1181 1910 canapalis
1207 1818 1375 1893 ecclesiae
1410 1824 1448 1892 et
1473 1818 1632 1911 plebano=
1647 1820 1684 1891 in
1711 1820 1788 1891 Tu·

231 1939 420 2030 czampi‚
448 1943 484 2010 et
510 1938 608 2010 valor
634 1938 709 2011 eius
736 1938 940 2016 aestimatur
967 1939 1012 2011 ad
1040 1994 1154 2013 .....
1286 1944 1288 1946 ’

338 2043 457 2151 conl,
474 2045 568 2133 =villa
595 2060 659 2133 sub
686 2060 852 2151 parochia
879 2060 1044 2133 ecclesiae
1072 2062 1115 2134 de
1143 2060 1386 2154 Tuczampi
1413 2064 1499 2154 sita,
1536 2064 1634 2135 cuius
1664 2063 1787 2155 haeres

236 2183 418 2257 Johaunes
443 2182 662 2276 Prussky.
702 2182 743 2255 ln
763 2204 831 2274 qua
857 2204 962 2255 unum
989 2184 1169 2275 praedium
1196 2190 1233 2258 et
1249 2185 1341 2256 lanei
1367 2186 1617 2276 cmethonales‚
1645 2184 1688 2257 de
1714 2185 1790 2276 qui·
1912 2282 1917 2290 ι

233 2306 301 2379 bus
336 2286 503 2385 omnihus.
531 2305 678 2377 soluitur
714 2310 750 2377 et
777 2304 982 2379 conducitur
1017 2305 1152 2384 decima
1186 2307 1411 2399 manipularis
1446 2313 1483 2380 et
1515 2306 1695 2398 canapalis
1727 2328 1791 2398 pru

233 2428 381 2501 ecclesia
406 2428 442 2499 in
470 2426 729 2520 Tuccampi,
756 2432 791 2499 et
817 2427 915 2499 valor
942 2429 1017 2501 eius
1045 2483 1186 2501 ......

341 2549 705 2640 alomannorum,
742 2548 829 2639 villa
860 2550 925 2623 sub
959 2526 1127 2641 parochia
1161 2552 1329 2627 ecclcsiae
1364 2552 1409 2623 de
1436 2547 1681 2643 Tnczampi
1713 2552 1791 2641 sita,

233 2674 333 2745 cuins
359 2672 486 2745 haeres
512 2671 692 2745 Johaunes
721 2724 863 2741 ......
898 2672 939 2745 In
967 2694 1037 2764 qua
1063 2678 1145 2745 sunt
1170 2674 1265 2747 lanei·
1288 2674 1542 2764 emethonales,
1577 2674 1662 2744 item
1689 2693 1790 2765 prae·
1915 2697 1921 2709 *

232 2796 328 2871 dium
357 2816 481 2886 noum,
507 2795 550 2868 de
577 2795 702 2887 quihus
730 2794 878 2867 solvitur
905 2794 1039 2867 decima
1064 2817 1128 2887 pro
1158 2796 1305 2869 ecclesia
1330 2797 1367 2868 in
1395 2796 1648 2887 Tuczampi.
1759 2872 1762 2874 Α

339 2917 597 3007 warwicum,
632 2916 716 2989 villa
743 2916 806 2989 sub
833 2917 999 3008 parochia
1035 2918 1078 3023 de
1105 2918 1350 3009 Tuczampi
1377 2919 1462 3009 sita,
1490 2920 1590 2990 cuius
1614 2918 1791 3009 haeredes,

233 3036 414 3114 Johaunes
450 3037 493 3111 de
520 3038 622 3111 domo
650 3092 791 3110 ......
835 3038 875 3109 In
904 3059 974 3130 qua
999 3044 1082 3112 sunt
1107 3039 1199 3112 lanei
1226 3039 1478 3130 cmethonales‚
1504 3040 1586 3112 item
1615 3040 1790 3130 tabernae,

119 3202 120 3205 π
233 3164 321 3235 item
346 3161 583 3251 hortulanum,
619 3160 815 3252 dequibus
851 3161 1001 3234 solvitur
1040 3165 1076 3232 et
1101 3152 1309 3257 conducitur
1343 3161 1477 3233 decima
1506 3162 1733 3252 manipmoris
1759 3166 1815 3233 et.

234 3285 413 3377 canapalis
440 3339 554 3356 .....
554 3338 556 3340 -
573 3339 589 3388 ,ι
621 3283 709 3356 Item
736 3289 791 3358 est
817 3283 866 3356 ibi
893 3282 1073 3375 praedium
1100 3283 1264 3374 militare,
1291 3282 1335 3355 de
1353 3282 1451 3356 cuius
1478 3283 1573 3374 agris
1599 3282 1791 3354 decimatur

235 3409 402 3484 ecclesiae
430 3408 466 3480 in
494 3405 758 3497 Tncaampi,
794 3411 831 3478 et
857 3405 956 3478 valor
981 3407 1189 3480 aestimatur
1215 3404 1261 3478 ad
1287 3459 1403 3476 .....

340 3528 700 3619 lanuscnnowrczn,
732 3528 816 3600 villa
842 3529 906 3602 sub
933 3529 1100 3620 parochia
1126 3528 1170 3601 de
1197 3527 1445 3618 Tuczampi
1471 3527 1557 3617 sita,
1584 3527 1683 3598 cuius
1709 3527 1792 3598 hae·
1909 3547 1914 3560 ·

235 3674 295 3726 ras
322 3652 500 3726 Johaunes
526 3651 833 3742 Szczepyeczky
871 3649 914 3722 de
942 3649 1044 3722 domo
1070 3650 1233 3724 Janina
1277 3650 1318 3720 In
1336 3670 1406 3740 qua
1424 3654 1505 3720 sunt
1522 3649 1615 3719 lanei
1642 3649 1795 3721 cmetho-

235 3776 345 3866 nales
371 3775 454 3846 item
468 3767 638 3864 ¹traberna²
665 3772 750 3844 item
776 3772 964 3864 hortulani,
992 3773 1181 3864 dequibus
1207 3771 1355 3844 solvitur
1382 3775 1420 3842 et
1436 3769 1642 3842 conducitur
1660 3769 1794 3841 decima
1845 3825 1849 3829 ,

235 3895 466 3988 manipularis
493 3900 528 3968 et
555 3893 730 3986 canapalis
757 3947 872 3965 .....

341 4017 652 4109 Jnnosnnwmzn,
688 4017 771 4089 villa
807 4016 871 4090 sub
907 4016 1073 4108 parochia
1107 4016 1152 4090 ‹le
1178 4014 1397 4120 Tuczampi
1424 4015 1510 4105 sita,
1547 4015 1645 4086 cuius
1671 4014 1796 4088 haeres

237 4141 418 4214 Johaunes
438 4139 778 4232 'Sczyepyeczshy
805 4139 968 4212 dedomo
995 4139 1018 4211 J
1024 4138 1155 4211 anina.
1196 4139 1237 4210 In
1256 4159 1325 4231 qua
1341 4143 1425 4210 sunt
1441 4137 1531 4209 lanei
1551 4137 1795 4229 cmethonales,

237 4261 283 4335 de
310 4263 435 4354 quihus
462 4261 611 4336 solvitur
639 4265 674 4334 et
697 4261 901 4334 conducitur
927 4261 1062 4334 decima
1087 4261 1314 4353 manipularis
1340 4266 1377 4332 et
1393 4261 1569 4352 canapalis
1595 4282 1662 4350 pro
1679 4313 1794 4331 .....

343 4384 457 4471 Villae
475 4383 703 4475 parochiales:
731 4383 959 4475 Tuczampi,
987 4382 1157 4476 Nizyny‚
1184 4383 1436 4476 Szyecckow,
1461 4382 1644 4474 Bouron,
1671 4379 1794 4473 Grzy-
1883 4395 1889 4406 ¹

238 4505 358 4598 mala,
387 4503 511 4597 Gora,
538 4505 888 4598 Naczaslawycze.
1521 4492 1525 4499 ’

509 4677 514 4684 -
928 4624 1103 4700 Gnncow.
1184 4699 1188 4704 ,
1278 4683 1282 4688 ·

346 4749 598 4822 villarumne
633 4748 730 4821 inse
757 4747 937 4822 ecclesiam
971 4747 1207 4839 parochialem
1240 4752 1426 4838 muratam,
1458 4746 1585 4819 Sancta
1613 4743 1793 4818 Vladislao

237 4872 315 4963 regi
341 4870 530 4946 confessori
566 4870 729 4962 dicatam,
764 4871 863 4944 cuins
888 4871 1086 4962 proprietas
1124 4871 1169 4942 ad
1195 4870 1453 4955 serenissimum
1484 4868 1651 4941 Poloniae
1676 4887 1795 4959 regem

237 4994 410 5085 pertinet,
439 5013 548 5084 -quam
576 4993 715 5084 quidem
742 4992 920 5066 ecclesiam
949 4997 1047 5066 cocto
1079 4992 1190 5066 latere
1216 4990 1405 5064 Gasimirus
1432 4990 1603 5062 secundus
1629 4989 1796 5062 Poloniae

238 5108 303 5188 rex
330 5114 514 5192 truncam
540 5119 577 5188 et
602 5114 846 5205 catuniano,
872 5113 1184 5206 pulcherrimisque
1210 5114 1392 5205 insignivit
1417 5113 1594 5203 clenodiis,
1622 5118 1659 5184 et
1684 5113 1794 5183 latere

239 5240 339 5310 cocto
366 5235 567 5328 cooperirit
606 5237 647 5310 lu
666 5257 736 5328 qna
762 5235 900 5329 quidem
926 5237 1010 5308 villa
1035 5241 1117 5308 sunt
1142 5236 1235 5308 lanei
1261 5235 1509 5326 cmethonales,
1537 5235 1621 5306 item
1647 5233 1796 5306 taberna

239 5379 327 5450 una,
351 5359 435 5430 item
453 5358 645 5449 hortulani,
672 5357 863 5450 dequibus
889 5357 1048 5432 omnibns
1076 5358 1224 5431 solvitur
1250 5363 1289 5430 et
1306 5341 1510 5430 conducitur
1528 5356 1662 5428 decima
1687 5355 1823 5426 mani·

238 5480 373 5574 pulcris
399 5485 437 5554 et
462 5481 655 5572 canapalis,
690 5501 755 5573 pro
782 5480 929 5553 ecclesia
962 5481 998 5552 in
1026 5477 1205 5571 Carpum,
1231 5485 1267 5552 et
1292 5479 1392 5554 valor
1418 5479 1494 5551 eius
1520 5477 1726 5551 aestimatur
1752 5477 1797 5550 ad
1944 5517 1950 5526 -

239 5623 302 5676 sex
328 5615 473 5678 marcas.
512 5603 600 5676 Item
627 5603 773 5676 ecclesia
797 5607 834 5676 et
850 5601 1018 5694 plebanus
1045 5603 1081 5674 in
1100 5599 1269 5692 Oargcw
1294 5601 1402 5680 lubet
1427 5599 1477 5674 ihi
1500 5599 1663 5697 proprios
1689 5619 1795 5710 agros

237 5723 370 5800 liberos
397 5729 433 5797 et
458 5729 573 5816 prato,
597 5745 662 5818 pro
691 5745 753 5798 suo
780 5745 846 5798 usu
872 5728 909 5809 et
934 5724 1152 5800 necessitate.
