4550 6600
507 692 593 831 tic

505 972 620 1039 autem
656 965 760 1037 iidem
806 962 941 1038 milites·
973 960 1113 1038 solvunt
1145 984 1210 1056 per
1245 960 1506 1056 quatuordecim
1541 985 1683 1058 grossos
1717 984 1782 1059 pro
1815 962 2048 1044 mansionariis

505 1086 889 1163 Oszwanczimensibus.

607 1208 873 1299 Bunsoumzn,
909 1208 992 1281 villa
1022 1209 1087 1280 sub
1113 1208 1281 1299 parochia
1315 1206 1359 1279 de
1385 1207 1698 1282 Oszwanczim
1733 1212 1820 1302 sita,
1854 1212 1952 1283 ouius
1985 1212 2046 1287 duo

503 1330 672 1403 haeredes
700 1330 743 1403 de
770 1330 875 1402 armis
895 1384 902 1401 .
975 1385 1009 1400 ..
1036 1329 1077 1400 In
1105 1350 1174 1419 qua
1199 1351 1270 1401 uon
1297 1336 1378 1402 sunt
1405 1332 1612 1423 omethones,
1640 1333 1703 1404 sed
1728 1332 1966 1405 tantummodo
1983 1334 2044 1405 duo

280 1430 285 1437 ⁸
394 1458 395 1461 ’
503 1452 700 1545 hortulani,
735 1451 903 1523 habentes
929 1450 1181 1542 aliquantulum
1207 1450 1251 1522 de
1277 1451 1391 1541 agris,
1418 1457 1455 1523 et
1482 1451 1525 1523 de
1552 1453 1712 1525 omnihus
1746 1454 1895 1525 solvitur
1921 1454 2047 1525 decima

503 1570 699 1661 pecunialis
725 1590 789 1660 per
817 1575 967 1661 quatuor
1006 1570 1097 1642 latos
1131 1590 1273 1660 grossos
1308 1591 1373 1661 pro
1399 1571 1643 1643 mansionariis
1669 1572 1705 1642 in
1738 1570 2048 1645 Oszwanczim.

606 1692 748 1782 Znsnu,
774 1692 858 1763 villa
885 1692 948 1762 sub
975 1691 1141 1782 parochia
1168 1690 1211 1763 de
1237 1690 1449 1783 Bahycne
1476 1693 1553 1781 sita,
1580 1694 1677 1763 cuius
1694 1694 1891 1784 proprietas
1917 1693 1961 1764 ad
1979 1695 2046 1784 epi·
2146 1699 2147 1708 ’

503 1832 643 1905 scopum
670 1811 934 1885 (iracoviensem
960 1813 1120 1903 pertinet.
1165 1812 1205 1883 In
1233 1834 1301 1905 qua
1327 1819 1410 1885 sunt
1443 1813 1537 1885 lanei
1564 1814 1817 1905 emethonales,
1853 1815 1899 1885 de
1926 1814 2044 1904 quihus

384 2015 392 2030 .
507 1934 665 2006 omnihus
693 1934 840 2007 solvitur
867 1934 999 2005 decima
1024 1933 1253 2025 manipularis
1278 1954 1343 2025 pro
1369 1934 1614 2007 mansionariis
1631 1989 1772 2006 ......

1159 2175 1406 2250 Mousonnnn.

1192 2538 1356 2612 Khurm.
1744 2579 1746 2583 ,
2146 2585 2147 2588 κ

606 2660 779 2754 Oppidum
805 2661 906 2734 iuxta
930 2660 1072 2734 fluvium
1098 2660 1376 2752 Szolasitum,
1402 2665 1438 2733 et
1462 2680 1527 2752 per
1551 2660 1723 2734 Meslaum
1750 2661 1872 2734 ducem
1890 2660 2046 2734 Oszuan
2146 2639 2147 2658 ³

502 2786 705 2858 czimensem
731 2783 930 2875 fundatum,
967 2784 1100 2855 hahens
1126 2783 1164 2853 in
1191 2804 1228 2854 se
1254 2782 1488 2873 parochialem
1515 2782 1695 2854 ecclesiam
1729 2783 1842 2855 latere
1867 2788 2044 2871 muratam,

465 2919 469 2927 '
501 2906 651 2980 Sanctae
677 2906 925 2997 Margarethae
960 2905 1129 2994 dicatam3
1166 2904 1264 2975 cuius
1299 2905 1495 2994 proprietas
1531 2902 1575 2974 ad
1602 2904 1861 2999 serenissimum
1887 2900 2047 2975 Poloniae

502 3050 619 3121 regem
645 3029 806 3119 pertinet.
832 3026 874 3097 In
901 3045 970 3117 qua
996 3030 1078 3096 sunt
1104 3024 1337 3115 quadraginta
1361 3024 1454 3095 lanei
1480 3024 1741 3115 oppidanorum,
1767 3024 1811 3097 de
1839 3024 1963 3115 quihus
1981 3024 2045 3094 sol·
2146 3009 2147 3016 '

502 3150 597 3225 uitur
623 3150 755 3221 decima
772 3146 1019 3239 pecunialis....;
1045 3145 1129 3216 item
1154 3145 1261 3217 habet
1281 3145 1332 3217 ihi
1349 3144 1496 3218 ecclesia
1512 3150 1549 3217 et
1565 3145 1735 3236 plebanus
1759 3146 1922 3236 proprios
1948 3164 2044 3243 agros
2146 3155 2147 3244 ᾗ

501 3269 632 3342 liberos
658 3275 694 3342 et
720 3272 831 3361 preta,
858 3287 922 3359 pro
950 3286 1013 3339 suo
1039 3286 1105 3338 usu
1132 3270 1169 3337 et
1195 3267 1412 3358 necessitate,
1439 3272 1476 3338 et
1502 3271 1653 3357 quatuor
1677 3266 1850 3357 piscinas,
1886 3266 1970 3338 item
1996 3269 2046 3336 est
2146 3247 2147 3252 Ν

378 3428 382 3437 -
501 3391 551 3463 ibi
578 3390 769 3481 advocatia,
796 3387 1246 3481 quaehobettreslaneos,
1273 3387 1464 3479 dequibus
1490 3387 1638 3459 solvitur
1655 3388 1789 3458 decima
1813 3386 2044 3478 pecunialis...„
2146 3484 2147 3489 Ἰ

605 3495 896 3601 Kournnunczn,
921 3509 1005 3582 uilla
1032 3510 1095 3581 sub
1112 3507 1288 3600 ,parochia
1314 3507 1357 3580 de
1382 3508 1561 3580 Kanthi
1588 3509 1666 3599 sito,
1696 3507 1793 3580 cuius
1818 3507 1944 3580 haeres
1961 3507 2043 3579 hiol-

502 3635 600 3710 chior
626 3634 670 3706 de
696 3632 1023 3723 Dambowyecz
1050 3629 1093 3702 de
1120 3629 1222 3701 domo
1249 3627 1464 3723 (lornycz.
1507 3631 1549 3702 In
1576 3652 1646 3722 qua
1671 3635 1753 3703 sunt
1778 3629 1871 3702 lanei
1897 3630 2042 3701 emetha

501 3757 607 3848 noles,
634 3753 677 3827 de
704 3754 828 3846 quihus
855 3751 1014 3826 omnibus
1042 3750 1192 3824 solvitur
1231 3750 1364 3822 decima
1388 3750 1612 3842 manipularis
1639 3773 1704 3842 pro
1731 3750 1940 3824 scholastria
1965 3749 2041 3822 (lra-

500 3877 672 3967 coricnsi3
697 3895 761 3968 per
790 3875 935 3947 abusum
969 3877 1085 3944 tamen
1113 3876 1150 3943 et
1175 3871 1422 3962 negligentiam
1449 3872 1734 3948 scholasticorum
1760 3871 2041 3957 Crotoniensium,

500 4019 668 4075 conversa
694 4002 748 4069 est
773 3997 809 4067 in
835 3994 1071 4086 pecunialem,
1098 3998 1134 4064 et
1160 3993 1299 4065 solvunt
1333 3994 1479 4083 singulis
1506 3993 1606 4065 annis
1637 3999 1711 4065 tres
1737 4014 1874 4065 marcas
1900 3994 2039 4064 latorum

499 4139 701 4210 grossorum
719 4117 954 4208 Pragensium,
981 4119 1018 4187 et
1034 4133 1183 4203 granum
1200 4115 1349 4205 plebano
1366 4116 1403 4186 in
1429 4113 1624 4205 Kanthi,
1651 4135 1796 4188 avenam
1814 4121 1851 4186 et
1869 4113 2040 4203 siliginem

603 4238 816 4312 Porsinna
819 4288 1901 4308 ...................

602 4359 799 4434 Ozsnrncz
801 4411 1900 4430 ...................

602 4481 724 4555 Noun
751 4479 898 4554 Wuusz.

543 4667 546 4679 .
602 4603 835 4677 Bunomozn.
909 4652 1900 4675 .................

1170 4843 1390 4915 Lrnrsnzmn

601 4964 697 5040 Villa
722 4967 759 5038 in
785 4965 914 5039 ducatu
950 4963 1145 5038 Plczinensi
1180 4964 1265 5056 sita,
1301 4964 1434 5036 habens
1470 4964 1508 5033 in
1535 4982 1572 5033 se
1599 4938 1795 5034 ecclesiam.
1812 4958 2039 5052 parochialem

495 5087 655 5182 ligneam,
682 5087 810 5159 Sancto
838 5085 1008 5158 Clementi
1034 5087 1194 5176 dicatam,
1222 5085 1319 5158 cuius
1343 5083 1540 5176 proprietas
1558 5103 1628 5154 una
1646 5104 1723 5154 oum
1749 5083 2038 5174 inrepatronatus,

496 5209 541 5283 nd
566 5207 814 5282 monasterium
833 5206 1145 5280 sanctimonialium
1172 5205 1209 5277 in
1235 5205 1537 5297 Stanypthlry
1566 5204 1670 5295 pleno
1697 5205 1773 5275 iure
1798 5203 1960 5294 pertinet.
2001 5201 2038 5271 In

496 5349 566 5421 qua
592 5335 674 5400 sunt
700 5327 823 5420 viginti
849 5347 926 5398 eum
952 5325 1065 5398 medio
1101 5325 1194 5399 lanei
1220 5326 1471 5417 emethonales,
1507 5325 1589 5396 item
1624 5325 1789 5397 noema<
1807 5345 1879 5395 una
1913 5324 2038 5395 habeus

495 5451 608 5537 moa,
633 5449 718 5519 item
744 5447 925 5539 praedium
951 5447 1159 5538 coenobiale,
1185 5447 1270 5519 item
1296 5447 1515 5519 hortulaniae
1541 5451 1624 5537 tres,
1661 5445 1705 5518 de
1732 5445 1858 5536 quibus
1885 5443 2035 5516 omnibns

495 5564 641 5637 solvitur
668 5572 704 5638 et
730 5568 933 5641 conducitur
958 5567 1092 5640 decima
1118 5568 1343 5658 manipularis
1370 5573 1406 5639 et
1432 5567 1608 5658 canapalis
1635 5565 1803 5638 ecclesiae
1827 5566 1864 5635 in
1904 5563 2035 5655 Lyen-

494 5683 641 5794 dzini,
677 5690 713 5756 et
739 5688 837 5760 valor
862 5689 937 5760 eius
965 5689 1171 5763 aestimatur
1197 5687 1243 5760 ad
1268 5687 1415 5779 triginta
1441 5707 1586 5760 marcas.
1625 5687 1714 5762 Item
1740 5685 1910 5782 plebanus
1936 5683 2033 5756 habet
