4550 6600
1633 751 1706 821 217

174 960 363 1052 saepedicti
389 959 660 1031 Salomones
687 959 780 1031 cives
800 956 1057 1029 cracovienses.
1084 956 1124 1026 ln
1153 956 1220 1045 qua
1248 959 1329 1026 suut
1354 956 1446 1027 lanei
1465 957 1708 1046 cmetlrouales,

173 1083 353 1173 dequibus
380 1082 528 1154 solvitur
555 1086 591 1151 et
618 1080 821 1152 conducitur
847 1080 979 1151 decima
1005 1077 1232 1169 manipularis
1259 1082 1295 1148 et
1321 1078 1496 1168 canapalis
1521 1099 1612 1167 pro.
1640 1134 1647 1146 .
1675 1133 1683 1147 .

831 1200 1040 1271 Mazruuon.

265 1322 434 1421 Oppidum
461 1323 591 1394 habens
618 1323 653 1392 iu
682 1343 719 1392 se
746 1322 978 1411 parochialem
1005 1320 1183 1392 ecclesiam
1210 1320 1379 1410 ligneam,
1406 1319 1511 1390 Sanct
1537 1374 1684 1389 .....

159 1446 326 1532 dicatam,
354 1444 451 1513 cuius
486 1444 609 1514 haeres
644 1442 821 1515 lohannes
857 1442 1082 1533 Pyleczsk
1092 1464 1115 1532 y
1142 1442 1185 1512 dc
1212 1442 1319 1511 armis
1345 1440 1426 1511 Lol
1435 1462 1538 1530 ywa.
1573 1441 1614 1511 In
1642 1462 1710 1531 quo
1768 1520 1781 1538 δ

174 1570 245 1636 sunt
280 1564 403 1653 viginti
439 1568 570 1653 septem
607 1564 699 1635 lanei
735 1563 1002 1654 oppidanorum,
1030 1563 1073 1633 de
1110 1563 1234 1652 quibus
1271 1562 1417 1632 solvitur
1443 1568 1480 1632 et
1506 1560 1712 1632 conducitur

173 1686 293 1757 decima
327 1684 537 1775 pecunialis3
572 1686 633 1755 ubi
667 1684 835 1755 medietas
872 1684 1007 1774 oppidi,
1035 1704 1122 1773 quae
1149 1684 1256 1755 habet
1283 1704 1386 1773 agros
1413 1684 1568 1773 steriles,
1595 1688 1711 1754 otest

172 1807 273 1877 miuor
297 1806 467 1876 medietas
494 1811 530 1875 et
556 1806 593 1874 in
620 1826 688 1896 qua
713 1826 837 1876 novem
864 1806 963 1893 lanei,
990 1805 1093 1875 solvit
1120 1805 1163 1875 de
1181 1805 1282 1875 laneo
1304 1805 1543 1875 tautummodo
1563 1809 1712 1895 quatuor

172 1947 309 2016 grossos,
334 1926 502 1997 medietas
529 1932 646 1996 autem
672 1926 791 2015 maior,
818 1926 855 1996 in
883 1947 951 2016 qua
977 1906 1059 1996 sunt
1085 1926 1203 1996 decem
1230 1930 1267 1995 et
1294 1930 1372 1996 octo
1399 1926 1510 2014 lanei,
1538 1926 1642 1995 solvit
1668 1923 1711 1995 de

172 2047 262 2117 laneo
288 2067 350 2136 per
377 2052 454 2117 octo
481 2067 633 2136 grossos.
672 2046 759 2117 Item
785 2047 893 2118 habet
919 2046 968 2117 ibi
995 2045 1140 2116 ecclesia
1166 2052 1202 2116 et
1229 2046 1396 2135 plebanus
1423 2066 1526 2135 agros
1553 2046 1713 2136 proprios
1741 2072 1743 2076 ·

173 2168 291 2237 liberos
318 2173 355 2239 et
381 2172 494 2257 prata,
521 2188 585 2258 pro
612 2180 685 2239 suo
701 2187 767 2238 usu
794 2172 830 2237 et
856 2168 1072 2238 necessitate.
1111 2158 1145 2249 s
1682 2231 1686 2237 .

124 2376 128 2387 μ
265 2287 419 2377 Nrwnr,
446 2288 529 2360 villa
556 2290 619 2359 sub
647 2288 812 2379 parocbia
838 2288 1002 2359 ecclesiae
1030 2286 1072 2359 de
1100 2286 1343 2378 Mrzyglod
1371 2288 1448 2377 sita,
1475 2288 1572 2358 euius
1590 2288 1714 2358 haeres

174 2408 253 2479 idem
280 2408 458 2479 Johannes
485 2408 749 2499 Pyleczsky.
776 2408 815 2479 Iu
844 2430 912 2499 qua
939 2414 1019 2479 sunt
1037 2409 1126 2478 lanei
1146 2408 1387 2498 cmethonaleS,
1407 2409 1449 2479 de
1468 2410 1592 2498 quibus
1611 2410 1715 2481 solvi-

173 2534 223 2598 tur
252 2535 286 2599 et
312 2529 517 2600 conducitur
552 2530 685 2600 decima
720 2530 946 2619 manipularis
983 2536 1029 2601 et
1055 2530 1232 2619 cauapalis
1268 2530 1433 2600 ecclcsiae
1460 2531 1651 2619 parochiali
1678 2532 1714 2600 in

173 2650 287 2739 oppido
314 2633 629 2743 Plschyua,·et
652 2651 752 2722 valor
778 2652 851 2722 eius
879 2651 923 2722 ad
950 2672 1010 2722 sex
1039 2672 1173 2723 marcas
1200 2652 1412 2722 aestimatur.

265 2770 488 2860 anrcuon,
514 2771 598 2841 villa
624 2772 689 2843 sub
716 2774 881 2863 parochia
904 2772 946 2843 de
965 2771 1209 2863 Mrzyglod
1236 2773 1362 2862 oppido
1381 2773 1461 2863 sita,
1477 2774 1574 2844 cuius
1592 2774 1714 2843 haeres

174 2890 337 2980 praelatus
365 2892 543 2963 lohannes
569 2892 829 2983 Pyleczsky
857 2893 899 2963 de
927 2892 1027 2965 domo
1055 2893 1249 2984 Lelywa.
1275 2894 1316 2963 In
1344 2915 1437 2983 qua.
1465 2948 1473 2964 .
1500 2950 1528 2983 .-

265 3014 483 3104 Banouscu,
509 3014 593 3085 villa
620 3015 683 3083 sub
710 3014 876 3103 parochia
903 3014 945 3084 de
972 3014 1217 3105 Mrzyglod
1245 3015 1321 3104 sita,
1340 3015 1437 3085 cuius
1456 3014 1623 3085 haeredes
1638 3014 1715 3085 Sta-

177 3133 297 3205 uislaus
323 3140 360 3204 et
388 3134 514 3206 Petrus
539 3133 668 3205 fratres
695 3134 870 3233 de-armis
898 3190 1046 3204 .....
1078 3135 1117 3205 Iu
1146 3156 1214 3225 qua
1240 3140 1321 3205 sunt
1347 3136 1599 3226 quinquaginta
1625 3136 1717 3206 lanei

177 3255 407 3346 cmetbouales,
434 3256 477 3328 de
505 3258 628 3347 quibus
656 3255 803 3329 solvitur
830 3312 838 3326 .
865 3312 873 3328 .
900 3313 907 3328 .

858 3378 1024 3450 Pouuou.

186 3563 190 3568 .
267 3497 361 3570 Villa
388 3499 520 3571 habens
547 3499 723 3571 ecclesiam
751 3499 1003 3590 parochialem,
1031 3499 1110 3570 albo
1137 3499 1253 3589 lapide
1279 3499 1502 3591 fabricatam,
1529 3506 1566 3570 et
1591 3499 1718 3571 Sancto

180 3617 319 3690 iohanni
355 3620 537 3710 Baptistae
573 3621 740 3711 dicatam,
768 3622 865 3692 cuius
900 3620 1067 3692 haeredes
1094 3620 1289 3711 lohannes,
1317 3620 1461 3710 Petrus,
1488 3620 1657 3710 Seraphin
1684 3627 1721 3691 et

176 3737 263 3810 Felix
289 3741 457 3831 germani,
485 3741 527 3811 de
554 3743 660 3812 armis
687 3741 941 3833 Srenyawa.
977 3741 1017 3810 In
1046 3762 1114 3830 qua
1141 3747 1222 3810 sunt
1248 3737 1339 3810 lanei
1367 3741 1607 3831 emethonales,
1634 3743 1718 3810 item
1776 3802 1780 3810 .

176 3860 348 3952 tabernae,
378 3863 462 3932 item
487 3861 724 3952 hortulauiae,
750 3863 833 3932 item
866 3862 934 3932 duo
961 3860 1105 3951 praedia
1131 3860 1312 3950 militaria,
1340 3859 1382 3931 de
1409 3862 1534 3950 quibus
1560 3862 1719 3932 omnibus

177 3981 311 4053 solvitur
337 3988 376 4053 et
403 3981 607 4053 conducitur
643 3982 775 4053 decima
800 3981 1025 4072 manipularis
1053 3987 1089 4052 et
1116 3981 1293 4070 cauapalis
1319 4002 1384 4071 pro
1411 3982 1556 4052 ecclesia
1580 3983 1617 4052 iu
1643 3982 1720 4052 Po-

178 4101 297 4194 thok,
324 4110 362 4174 et
389 4104 487 4175 valor
514 4105 587 4174 eius
615 4103 821 4174 aestimatur
848 4103 892 4173 ad
920 4102 1114 4193 quindecim
1142 4122 1286 4193 marcas.
1325 4103 1414 4188 Item
1441 4103 1587 4174 ecclesia
1612 4105 1721 4175 habet

179 4221 221 4290 ibi
245 4224 404 4313 proprios
441 4245 543 4314 agros
571 4229 607 4294 ot
633 4229 744 4314 prata,
771 4244 834 4312 pro
862 4245 925 4294 suo
951 4224 1095 4312 praedio
1123 4229 1159 4294 et
1185 4224 1413 4313 necessitate,
1439 4224 1523 4294 item
1550 4223 1721 4295 habetet

179 4343 349 4414 tabernam
378 4345 559 4435 desertam,
587 4345 630 4415 de
658 4365 726 4434 qua
752 4349 832 4414 ante
851 4365 960 4415 annos
977 4345 1095 4435 plnres
1114 4345 1315 4416 solvebatur
1333 4345 1480 4434 plebano
1499 4354 1568 4415 uua'
1585 4367 1720 4433 marca3

179 4460 252 4532 item
277 4465 386 4535 babet
412 4466 556 4536 ecclesia
582 4465 631 4535 ibi
658 4471 695 4535 et
720 4485 825 4536 unam
851 4465 1094 4556 hortulauiam,
1122 4465 1165 4535 de
1193 4487 1261 4555 qua
1287 4487 1351 4555 pro
1378 4486 1493 4536 annuo
1520 4486 1624 4536 censu
1651 4465 1720 4536 sol·
1806 4514 1808 4519 -

180 4588 295 4654 vuntur
330 4585 479 4676 plebano
516 4585 665 4656 sedecim
691 4585 822 4676 grossi,
849 4586 933 4656 item
959 4586 1066 4657 habet
1092 4585 1127 4654 in
1156 4586 1274 4656 eadem
1304 4586 1388 4658 villa
1414 4586 1560 4656 eeclesia
1586 4569 1748 4676 partem

181 4700 292 4776 borrae
319 4726 396 4776 cum
423 4705 614 4796 mellificiiS,
642 4727 706 4795 pro
734 4727 796 4776 suo
823 4727 889 4777 usu
916 4710 952 4776 et
977 4706 1195 4777 necessitato.

273 4824 464 4916 Prnssnn,
491 4827 575 4898 villa
601 4827 665 4898 sub
692 4827 858 4916 parochia
889 4827 932 4897 de
958 4826 1139 4898 Potholr
1167 4828 1253 4917 sita,
1276 4827 1376 4897 cuius
1402 4825 1571 4897 haeredes
1598 4826 1723 4899 Albur-

182 4948 232 5013 lus
261 4951 297 5016 et
322 4947 533 5036 Boguchwal
569 4948 611 5018 de
648 4948 757 5041 armis·
780 4947 1032 5038 Srenyawa.
1077 4949 1117 5018 ln
1146 4969 1215 5039 qua
1245 4953 1326 5018 sunt
1360 4947 1451 5017 lanei
1479 4949 1720 5038 cmetlrouales,

181 5062 255 5134 item
280 5087 349 5138 uua
375 5067 539 5159 taberna,
566 5069 650 5138 item
676 5068 913 5158 hortulaniae,
940 5069 1023 5138 item
1050 5068 1194 5157 praedia
1221 5066 1288 5138 duo
1315 5068 1496 5157 militaria,
1524 5068 1566 5138 de
1594 5069 1720 5158 quibus

183 5187 329 5258 omnibus
356 5188 505 5260 solvitur
531 5194 567 5261 et
590 5188 793 5260 conducitur
820 5189 953 5260 decima
979 5189 1205 5278 manipularis
1231 5193 1268 5259 ot
1294 5189 1470 5278 canapalis
1497 5189 1659 5259 ecclcsiae
1686 5195 1723 5259 et

183 5303 319 5392 plebano
346 5309 383 5379 iu
409 5309 608 5399 Potlrok,
645 5310 741 5381 cuius
768 5309 866 5380 valor
893 5309 1096 5380 aestimatur
1123 5309 1167 5380 ad
1195 5313 1344 5399 quatuor
1370 5329 1515 5379 marcac.
1756 5400 1761 5412 ⁴

275 5427 531 5519 Paarnnrczn,
557 5429 641 5501 villa
659 5431 722 5500 sub
741 5430 907 5519 parocbia
925 5429 1090 5500 eeclesiae
1109 5429 1152 5500 de
1170 5429 1352 5500 Potbok
1371 5429 1454 5532 sita,
1483 5429 1579 5499 cuius
1596 5429 1729 5502 haeres¹

183 5540 348 5620 lohannes
375 5549 598 5628 Zoramba
624 5549 798 5640 palatinus
825 5548 1053 5621 Calissiensis.
1096 5550 1138 5620 In
1158 5571 1227 5640 qua
1244 5554 1326 5621 sunt
1353 5550 1447 5621 lanei
1474 5551 1718 5642 cmetlroualeS,

186 5663 360 5757 dequibus
380 5670 526 5743 solvitur
552 5670 683 5742 decima
710 5671 935 5760 manipularis
963 5675 998 5742 et
1016 5671 1192 5761 carrapalis
1220 5692 1283 5760 pro
1302 5672 1463 5764 episcopo
1493 5671 1738 5744 Gronovieusi„

278 5835 325 5876 urs.
339 5836 436 5878 nonme.
453 5838 497 5878 m
629 5863 637 5872 .
1192 5880 1200 5890 Ι
1325 5863 1330 5870 .
1526 5821 1564 5872 28
