4550 6600
507 770 581 853 452

506 994 543 1061 et
569 984 812 1079 Assumptioni
840 981 987 1057 Sanctae
1014 980 1151 1056 Mariae
1176 977 1335 1075 Virginis
1363 977 1529 1072 dicatam,
1557 975 1654 1055 cuius
1681 980 1806 1055 haeres
1825 975 1963 1055 ‘Petrus
1988 972 2058 1054 Ln-

508 1109 696 1182 oelczik
723 1108 855 1199 unicus,
883 1114 919 1179 et
945 1112 1113 1199 patronus
1140 1106 1183 1177 de
1211 1106 1312 1179 domo
1338 1106 1576 1178 Rozarum.
1611 1105 1652 1176 In
1680 1126 1748 1196 quo
1775 1112 1857 1178 sunt
1882 1105 1980 1177 lanei
2005 1126 2059 1196 op

506 1230 729 1321 pidanorum,
756 1230 840 1301 item
867 1227 1061 1320 praedium·
1074 1249 1180 1299 unum
1206 1228 1375 1318 militare,
1402 1228 1485 1299 item
1512 1227 1695 1299 advocatia
1720 1228 1853 1299 habens
1879 1248 1998 1318 agros,
2022 1227 2061 1298 de

506 1352 630 1443 quibus
657 1352 818 1424 omnibus
846 1351 994 1423 solvitur
1020 1355 1056 1422 et
1082 1350 1287 1421 conducitur
1306 1350 1440 1421 decium
1465 1350 1694 1448 mauipularis
1720 1356 1758 1421 et
1784 1349 1976 1440 canapalis,
2002 1371 2060 1439 pro

408 1509 411 1517 ·
506 1474 652 1545 ecclesia
679 1474 714 1545 in
743 1472 1030 1563 Ouroswanky‚
1059 1477 1095 1542 et
1116 1472 1216 1544 valor
1243 1472 1317 1543 eius
1345 1472 1552 1544 aestimatur
1578 1472 1623 1543 ad
1645 1472 1771 1562 viginti
1797 1492 1947 1543 marcas.
1975 1470 2057 1542 Item

504 1596 612 1668 habet
648 1596 791 1667 ccclesia
818 1616 882 1685 pro
910 1614 972 1667 suo
999 1593 1144 1684 praedio
1182 1600 1256 1667 tres
1283 1592 1421 1684 laneos,
1457 1594 1565 1685 duoS,
1601 1594 1660 1685 qui
1687 1594 1771 1665 olim
1798 1594 1848 1665 ad·
1869 1594 2059 1665 scoltetian

505 1717 709 1809 spectabant
736 1722 772 1787 et
799 1738 874 1787 cum
902 1722 1004 1806 prato
1031 1720 1111 1805 post
1137 1715 1371 1788 molendinum
1402 1715 1710 1807 Pyasseczny,
1745 1717 1888 1790 tertium
1917 1716 1957 1786 in
1984 1714 2060 1787 uilla

505 1838 797 1929 Kothuszow,
828 1839 923 1909 inter
949 1838 1068 1909 laneos
1095 1838 1335 1928 emethonum,
1371 1858 1494 1910 versus
1520 1836 1811 1928 Guroswanky.
1837 1837 1929 1908 Item
1958 1838 2060 1908 habet

504 1982 625 2052 agrum
652 1981 713 2032 seu
740 1958 1278 2054 aruuminNhyemsczicza
1314 1980 1422 2050 penes
1448 1961 1558 2050 mam,
1586 1972 1674 2050 quae
1701 1958 1799 2031 ducit
1823 1960 1867 2030 de
1895 1958 2058 2030 (loros

506 2082 728 2174 wankyin
756 2079 980 2153 Grzibow.
1019 2080 1108 2152 Item
1135 2081 1243 2153 habet
1277 2082 1447 2171 piscinam
1482 2088 1563 2172 post
1597 2086 1757 2171 pontem,
1784 2100 1895 2172 prope
1922 2080 2057 2154 fluvium

505 2204 692 2295 Gzarna,
719 2204 754 2274 in
783 2204 908 2275 dextra
934 2224 1048 2274 manu.
1084 2203 1171 2273 Item
1198 2203 1310 2274 habet.
1331 2204 1368 2274 in
1395 2202 1523 2293 oppido
1554 2201 1826 2274 Ouroswanki
1852 2208 1928 2274 tres
1955 2223 2059 2290 areas,

505 2327 591 2399 duas
619 2326 731 2399 eundo
767 2325 811 2397 ad
839 2324 1004 2397 circulum
1031 2325 1066 2395 in
1094 2324 1219 2396 dextra
1258 2346 1377 2415 manu,
1414 2345 1457 2395 ex
1484 2325 1645 2416 opposito
1680 2324 1820 2415 templi,
1854 2326 2000 2396 tertiam
2026 2327 2070 2395 in.

504 2448 619 2539 platea
645 2446 925 2537 Sandomiriedsi‚
953 2445 1128 2517 eundo‘ad
1147 2452 1297 2537 pontem,
1325 2466 1417 2537 quae
1433 2446 1560 2521 dicitur
1587 2445 1872 2537 eolanowsna,
1901 2454 1941 2518 et
1959 2468 2058 2538 qnae

503 2570 591 2648 libet
615 2575 758 2641 censuat
784 2568 950 2639 ecclesiae
978 2568 1126 2639 mediam
1154 2588 1315 2639 marcam.
1351 2568 1439 2639 Item
1466 2569 1573 2640 habet
1599 2573 1702 2659 prata
1728 2568 1821 2659 dno,
1847 2591 1957 2640 orrum
1984 2577 2058 2659 post

503 2690 737 2763 molendinum
764 2690 879 2781 civile,
906 2692 997 2761 inter
1025 2696 1163 2781 pratum
1189 2690 1476 2762 molendinatoris
1503 2694 1540 2760 et
1565 2690 1729 2780 oppidani
1757 2691 1843 2762 dicti
1877 2690 1930 2762 Li
1943 2691 2057 2778 asel,

504 2813 598 2885 aliud
625 2814 660 2883 in
689 2812 787 2904 sylva
813 2810 908 2883 dieta
934 2810 1225 2903 Radzyechow‚
1259 2812 1518 2902 interpretum
1551 2812 1838 2883 molendinatoris
1865 2812 1953 2884 dicti
1983 2812 2056 2882 Ilo

503 2936 627 3025 aina,
654 2942 690 3007 et
717 2932 882 3025 oppidani
897 2932 987 3031 dicti
1013 2930 1258 3023 Komoscha,
1286 2941 1366 3004 cum'
1391 2954 1476 3023 agro
1504 2934 1614 3005 eidem
1641 2941 1743 3024 prato
1770 2936 1946 3025 contigno.
1974 2934 2055 3006 Itan

448 3074 452 3093 ·
504 3054 611 3128 habet
645 3056 828 3127 tabernam
854 3056 890 3125 in
918 3054 1201 3145 Podgrodzye,
1237 3055 1273 3125 in
1300 3076 1406 3127 mauu
1442 3055 1567 3126 dextra
1599 3054 1714 3126 eundo
1740 3056 1776 3125 in
1804 3054 1960 3147 Bardo,
1996 3057 2055 3127 snb

503 3183 628 3267 castro,
657 3198 744 3266 quae
772 3181 915 3247 consuat
932 3176 1110 3248 annuatim
1128 3197 1232 3247 unam
1250 3196 1411 3266 marcam,
1438 3184 1475 3248 et
1493 3196 1611 3248 omnes
1629 3176 1873 3249 tabematores
1891 3178 2054 3248 ecelesiae

502 3301 538 3370 in
566 3294 856 3390 Guroswauky,
884 3299 1036 3388 exempti
1063 3303 1145 3370 sunt
1171 3320 1193 3369 a
1219 3296 1392 3371 solutione
1419 3299 1603 3388 datiarum,
1630 3304 1667 3369 et
1691 3301 1735 3371 ab
1762 3301 1856 3370 omni
1883 3302 2054 3372 iuvamina

501 3425 538 3491 et
564 3420 630 3492 viis
657 3425 693 3491 et
719 3419 892 3510 subsidiis,
919 3419 1004 3490 alias
1023 3417 1191 3514 poaaoczi,
1218 3425 1255 3491 et
1280 3441 1301 3491 a
1328 3420 1495 3511 ducturis,
1522 3421 1608 3492 alias
1632 3418 1776 3517 poposci

608 3540 824 3631 Camarum,
861 3541 944 3613 villa
979 3540 1043 3614 sub
1078 3542 1248 3632 parochia
1282 3541 1325 3615 de
1361 3541 1641 3633 Guroswanlry
1676 3542 1759 3633 sita,
1782 3544 1898 3628 ‚cuius
1933 3542 2052 3615 haeres

502 3660 628 3736 Petrus
673 3663 927 3756 Lubyelczik
964 3663 1007 3750 da
1043 3663 1145 3737 domo
1181 3670 1217 3736 et
1251 3663 1384 3736 familia
1417 3664 1628 3736 Rozarum.
1666 3663 1707 3735 In
1743 3685 1813 3755 qua
1848 3673 1933 3737 sunt
1966 3666 2051 3738 lanei

502 3783 756 3875 emethonales‚
784 3785 827 3856 de
855 3785 979 3875 qulbus
1007 3785 1154 3858 solvitur
1180 3791 1216 3858 et
1243 3787 1448 3860 conducitur
1473 3786 1607 3858 decima
1629 3785 1860 3877 manipularis
1887 3795 1927 3860 et
1953 3808 2050 3861 cana·

501 3905 591 3996 palis
618 3927 681 3998 pro
709 3907 855 3980 ecclesia
881 3907 916 3978 in
944 3906 1230 4000 Guroswanlry‚
1256 3915 1294 3980 et
1319 3909 1420 3982 valor
1446 3909 1522 3980 eius
1548 3909 1753 3980 aestimatur
1778 3909 1823 3981 ad
1851 3909 1942 3982 duas
1966 3931 2051 3981 mar·

503 4047 591 4099 cas„
614 4028 703 4100 Item
739 4029 774 4100 in
811 4029 932 4102 eadem
967 4029 1065 4122 uilla,
1103 4030 1211 4103 habet
1244 4029 1392 4104 ecclesia
1425 4031 1470 4104 de
1506 4029 1785 4123 Guroswanlry
1820 4032 2049 4106 molendinum

422 4184 425 4194 ·
484 4148 658 4240 liberum,
687 4149 779 4240 quod
805 4149 856 4222 illi
884 4151 983 4223 annis
1011 4152 1157 4244 singulis
1185 4159 1328 4225 censnat
1353 4174 1458 4226 unam
1484 4153 1646 4236 marcam.

454 4307 456 4314 ·
555 4349 563 4359 ‚
604 4267 734 4362 Pomm,
761 4271 845 4345 villa
871 4272 935 4345 sub
962 4273 1128 4366 parochia
1146 4275 1189 4347 de
1207 4274 1510 4368 Ouroszwanlry
1537 4278 1623 4368 sita,
1650 4280 1748 4350 cuins
1774 4278 1901 4351 haeres
1927 4277 2048 4350 Petrus

492 4389 726 4465 1Lubelczik
763 4393 934 4467 dedomo
968 4394 1112 4470 Rozae.
1152 4396 1194 4468 In
1225 4419 1294 4489 qua
1325 4401 1406 4470 sunt
1431 4399 1525 4471 lanei
1560 4400 1812 4492 matitunales,
1848 4402 1893 4473 de
1931 4395 2048 4492 quibus

499 4514 648 4587 solvitur
683 4521 720 4585 et
755 4515 959 4589 conducitur
994 4517 1128 4590 decima
1172 4521 1398 4612 manipularis
1434 4527 1471 4593 et
1506 4521 1700 4614 campalis,
1735 4544 1800 4613 pro
1835 4523 2045 4595 ecclesisis

441 4731 447 4742 ‚
500 4634 824 4729 Guroswanky‚
852 4645 888 4710 et
915 4639 1012 4712 valor
1038 4641 1112 4712 eius
1139 4643 1343 4714 aestimatur
1371 4643 1416 4714 ad
1442 4663 1504 4716 sex
1530 4665 1675 4717 marcas.

490 4797 496 4814 =
603 4757 881 4852 Nrnusczrczn,
918 4761 1001 4836 villa
1028 4763 1091 4852 sub
1118 4763 1285 4853 parochia
1319 4764 1363 4836 de
1382 4820 1550 4837 .......
1576 4769 1654 4839 sita
1689 4765 1731 4838 ln
1758 4787 1827 4858 qna
1853 4757 1937 4839 scint
1962 4767 2045 4838 lanei

499 4880 751 4974 emethonales,
779 4881 821 4954 de
849 4883 973 4974 quibus
1002 4883 1150 4958 solvitur
1176 4892 1213 4958 et
1239 4887 1444 4961 conducitur
1470 4889 1604 4961 decima
1629 4889 1860 4980 manipularis
1886 4896 1924 4961 et
1949 4909 2044 4961 canu-

497 5001 587 5092 palis
614 5023 678 5094 pro
714 5005 916 5095 episcopatu
952 5003 1192 5098 cracoviensi,
1228 5010 1326 5082 cuius
1361 5011 1460 5083 valor
1481 5012 1702 5084 ‘aestimatur
1728 5011 1772 5083 ad
1798 5017 1873 5083 tres
1908 5031 2044 5083 mareas
2149 5104 2150 5107 Ν

497 5119 586 5196 Item
613 5129 667 5198 est
692 5125 742 5198 ibi
768 5147 875 5198 unum
900 5127 1081 5218 praedium
1117 5130 1287 5222 militare,
1323 5131 1367 5203 de
1394 5109 1463 5223 qno
1490 5133 1683 5204 decimatur
1719 5131 1887 5205 ecclemae
1913 5134 1949 5204 in
1975 5132 2044 5204 Gn·
2149 5164 2150 5167 κ

496 5247 751 5340 roswanky,
778 5253 814 5320 et
839 5249 938 5321 valor
964 5251 1039 5322 eius
1066 5253 1273 5324 aestimatur
1299 5253 1344 5325 ad
1369 5260 1442 5326 tres
1468 5275 1614 5326 marcas.
2149 5244 2150 5249 ¹

595 5365 847 5462 fioazuonom
882 5371 965 5444 villa
992 5374 1056 5446 sub
1083 5375 1249 5463 parochia
1275 5374 1319 5446 de
1346 5374 1657 5469 Gurosuanky
1693 5379 1770 5449 sita.
1806 5375 1847 5448 In
1874 5397 1944 5469 qua
1968 5379 2042 5449 snnt

494 5485 587 5561 lanei
614 5492 864 5584 cmeth'onales‚
901 5492 944 5566 de
971 5495 1096 5586 quibus
1124 5496 1272 5568 solvitur
1298 5504 1335 5568 et
1361 5498 1566 5571 conducitur
1601 5499 1736 5570 decima
1761 5499 1985 5590 manipularis
2009 5503 2040 5568 et

495 5611 670 5699 canapalis
696 5633 760 5702 pro
779 5669 787 5684 .
806 5669 813 5684 .
893 5615 981 5688 Item
994 5622 1048 5690 est
1061 5617 1111 5690 ibi
1125 5639 1230 5689 unum
1249 5617 1430 5709 praedium
1443 5620 1665 5710 militare,de
1680 5621 1777 5692 cuius
1791 5621 2038 5720 agrissolvian
2148 5660 2149 5671 2

494 5723 629 5802 decima
645 5733 809 5807 ecclesiae
835 5737 872 5808 in
899 5735 1222 5832 (iuroswanky,
1249 5747 1285 5811 et
1301 5741 1402 5813 valor
1418 5743 1494 5814 eius
1512 5743 1720 5814 aestimatur
1735 5743 1779 5813 ad
1798 5742 1885 5814 duas
1902 5763 2036 5814 marcas
