4550 6600
496 748 568 822 256

493 975 665 1047 grossum,
692 952 881 1047 inquilinus
900 950 1052 1047 quinque
1079 951 1254 1029 denarios:
1281 953 1364 1027 item
1387 959 1444 1027 est
1459 951 1510 1028 ibi
1527 950 1709 1046 praedium
1734 959 1929 1045 castrense,
1955 952 2045 1046 qnod

494 1076 555 1149 dat
581 1076 748 1149 decimam
774 1076 1022 1168 manipularem
1050 1077 1216 1151 ecelesiae
1243 1082 1279 1148 et
1295 1077 1443 1167 plebano
1470 1077 1507 1147 in
1534 1074 1762 1166 Gaudeez,
1787 1082 1825 1148 et
1850 1076 1950 1149 valor
1976 1077 2048 1148 eins

469 1198 698 1272 ,aestimatur
733 1198 777 1271 ad
814 1222 949 1289 .....;
984 1198 1068 1271 item
1094 1204 1176 1271 sunt
1212 1198 1262 1271 ibi
1287 1197 1506 1270 hortulaniae
1542 1197 1649 1288 (luae,
1685 1217 1774 1288 quae
1808 1197 1951 1270 solvunt
1985 1218 2048 1288 pro

493 1318 704 1392 mensalibus
730 1340 910 1411 grossum,
936 1324 973 1391 et
999 1309 1179 1392 denarium
1206 1318 1324 1391 Sancti
1350 1318 1463 1407 Petri3
1489 1318 1573 1390 item
1601 1324 1684 1391 sunt
1710 1318 1747 1389 in
1773 1318 1893 1391 eodem
1923 1318 2049 1409 oppido

448 1504 456 1517 .
495 1439 564 1513 duo
590 1440 798 1514 molendina.

599 1562 718 1635 Noun
747 1582 890 1652 wrnsz,
926 1561 1010 1633 villa
1037 1561 1101 1634 sub
1128 1560 1295 1652 parochia
1330 1559 1497 1633 eeclesiae
1524 1558 1568 1631 de
1595 1557 1803 1632 Gundecz
1828 1560 1917 1651 sita,
1953 1561 2049 1633 ouius

495 1683 619 1756 haeres
646 1682 822 1755 Martinus
848 1678 1141 1773 Machoushy
1168 1672 1333 1755 dedomo
1360 1734 1473 1752 .....
1513 1680 1553 1753 In
1572 1701 1642 1773 qua
1667 1687 1750 1754 sunt
1775 1681 1870 1753 lanei
1895 1681 2049 1754 emetha-

419 1836 424 1841 ·
494 1804 610 1896 nales,
637 1804 824 1896 dequibus
852 1802 998 1895 quilibet
1025 1803 1069 1875 de
1096 1803 1197 1876 laneo
1224 1802 1329 1875 solvit
1355 1795 1521 1875 eeclesiae
1547 1809 1586 1875 et
1611 1802 1760 1893 plebano
1786 1803 1822 1875 in
1841 1802 2050 1875 qudeez

494 1946 558 2017 per
583 1925 771 2016 fertonem,
807 1930 844 1999 et
869 1931 942 1997 tres
969 1945 1150 1997 mensuras
1182 1924 1330 2014 siliginis
1365 1930 1402 1996 et
1433 1930 1505 1997 tres
1531 1944 1682 2015 avenae,
1716 1924 1800 1997 item
1826 1925 2048 1997 amethouum

496 2048 641 2138 quilibet
674 2047 779 2119 solvit
815 2047 962 2137 plebano
997 2047 1032 2117 in
1060 2044 1267 2118 Gaudeoz
1302 2066 1367 2137 pro
1400 2045 1611 2118 mensalibus
1644 2066 1824 2137 grossum,
1860 2045 2049 2137 inquilinus

496 2170 646 2261 quinque
682 2170 863 2258 denarios;
896 2169 978 2275 item
1014 2172 1069 2241 est
1104 2168 1153 2239 ibi
1179 2188 1249 2239 una
1273 2168 1436 2258 taberna,
1473 2187 1561 2259 quae
1596 2166 1703 2241 soluit
1736 2168 1813 2240 loeo
1845 2167 2068 2239 mensalium

496 2310 675 2381 grossum
710 2290 793 2364 item
829 2294 884 2363 est
910 2289 1090 2381 praedium
1125 2289 1278 2363 militare
1304 2290 1341 2361 in
1367 2289 1488 2361 eadem
1515 2288 1616 2380 villa,
1651 2289 1696 2360 de
1727 2290 1826 2361 euius
1861 2289 1958 2381 agris
1985 2288 2049 2361 sol-

497 2412 593 2485 vitur
619 2412 752 2484 decima
777 2407 1015 2503 manipularis
1031 2410 1196 2483 ecelesiae
1222 2411 1258 2483 in
1286 2409 1500 2483 Oz'udeoz.

602 2533 882 2623 Psnnnnuown,
913 2532 1073 2623 proxima
1107 2530 1333 2623 Gaudeez,
1368 2532 1452 2603 villa
1486 2532 1551 2605 sub
1577 2532 1743 2623 paroohia
1773 2532 1817 2605 de
1844 2529 2049 2605 Candeoz

498 2656 576 2729 sita.
620 2655 660 2726 ln
696 2676 764 2746 qua
791 2661 874 2727 sunt
909 2654 1001 2727 lanei
1038 2653 1290 2744 amathonales,
1326 2652 1369 2725 de
1404 2654 1530 2745 quibus
1557 2652 1704 2744 quilibet
1738 2652 1781 2725 de
1807 2653 1911 2725 laneo
1948 2652 2050 2725 solvit

433 2862 435 2871 Ι
497 2776 663 2849 eeclesiae
690 2782 726 2849 et
752 2776 899 2867 plebano
927 2775 962 2846 in
990 2773 1197 2847 ozuueez
1224 2795 1288 2865 per
1312 2766 1503 2865 fertonem,
1529 2779 1567 2846 et
1585 2794 1648 2864 per
1673 2780 1747 2847 tres
1773 2794 1957 2845 mensuras
1983 2774 2053 2844 sili-

496 2897 587 2989 ginis
613 2902 650 2969 et
667 2902 741 2970 tres
767 2916 913 2987 avenae3
940 2896 1023 2969 item
1042 2900 1096 2967 est
1113 2895 1163 2967 ibi
1180 2914 1251 2966 una
1267 2895 1439 2994 taberna,
1458 2895 1541 2967 item
1559 2893 1811 2986 molendinum,
1835 2914 1928 2986 quae
1946 2895 2049 2967 etiam

353 3098 356 3104 ,
498 3019 639 3091 solvunt
664 3018 812 3110 plebano
840 3018 876 3090 in
903 3016 1109 3090 Gaudeez
1136 3037 1201 3108 pro
1228 3017 1440 3090 mensalibus
1466 3036 1530 3107 per
1554 3036 1722 3107 grossum

602 3140 858 3231 Znaouowrn,
885 3138 970 3211 villa
986 3139 1052 3211 sub
1069 3138 1236 3229 parochia
1261 3137 1305 3211 de
1332 3136 1538 3211 (laudens
1565 3138 1651 3228 sita,
1678 3138 1777 3210 ouius
1794 3138 1921 3211 haeres
1949 3136 2049 3210 Nino

498 3260 574 3334 laus
600 3259 894 3352 Machowsky
930 3259 973 3334 de
1008 3260 1116 3333 armis
1144 3314 1258 3332 .....
1297 3258 1339 3332 ln
1374 3280 1444 3352 qua
1474 3265 1558 3332 suut
1591 3258 1684 3332 lanei
1718 3258 1975 3351 emethanales,
2009 3258 2050 3332 de

499 3383 625 3474 quibus
652 3383 797 3474 quilibet
823 3383 977 3474 amabo,
1005 3383 1048 3456 de
1066 3382 1167 3456 laneo
1194 3381 1301 3455 soluit
1326 3381 1474 3472 plebano
1501 3381 1538 3454 in
1564 3379 1775 3455 Gaude'oz
1800 3400 1863 3472 per
1880 3379 2050 3454 teutonem

501 3511 536 3576 et
556 3525 619 3596 per
653 3510 726 3577 tres
753 3501 900 3596 siliginis
927 3509 963 3577 et
990 3511 1062 3578 tres
1089 3523 1221 3577 avenae
1246 3523 1447 3592 mensuras;
1472 3503 1557 3576 item
1583 3503 1730 3594 quilibet
1755 3503 1893 3576 emetho
1919 3503 2053 3594 hospes,

429 3683 432 3690 a
501 3625 561 3698 dat
587 3626 734 3718 plebano
762 3626 797 3698 iu
825 3623 1030 3700 Ozudeoz
1057 3646 1121 3718 pro
1139 3625 1351 3698 mensalibus
1368 3645 1545 3716 grossum,
1572 3624 1761 3716 inquilinus
1778 3623 1932 3716 quinque
1949 3623 2052 3696 dena·

498 3747 590 3837 ri0s3
625 3747 708 3820 item
744 3754 798 3821 est
825 3747 1008 3838 iraeadem
1045 3747 1129 3820 villa
1160 3747 1322 3820 scoltetia
1354 3746 1489 3819 habens
1524 3744 1612 3818 duos
1646 3744 1784 3836 laneos,
1818 3743 1863 3818 de
1898 3745 2085 3836 quolibet·

499 3869 647 3942 solvitur
674 3870 839 3944 ecelesiae
874 3870 910 3943 in
938 3868 1145 3943 (lzndeoz
1171 3889 1235 3960 per
1260 3867 1429 3940 fertonem
1464 3871 1502 3940 et
1528 3871 1601 3939 tres
1626 3885 1810 3939 mensurae
1844 3865 1995 3956 siliginis
2019 3870 2052 3935 et

358 4013 362 4018 ·
500 3996 573 4062 tres
600 4011 748 4083 avenae,
775 3993 859 4066 itern
886 3999 923 4064 et
949 4012 1013 4083 pro
1040 3989 1253 4064 mensalibus
1277 4009 1447 4080 grossum.

608 4111 805 4203 Pnocnnn,
832 4113 929 4186 ouria
947 4110 1078 4186 domiui
1096 4110 1262 4184 Stanislai
1279 4109 1547 4201 Prochensky
1564 4108 1708 4200 nobilis,
1734 4106 1779 4180 de
1796 4108 1903 4181 armis
1994 4108 2051 4181 ubi
2071 4168 2075 4174 .

500 4238 554 4306 est
572 4231 749 4323 praedium
776 4233 941 4325 militare,
968 4233 1011 4308 de
1031 4233 1128 4306 ouius
1146 4233 1241 4325 agris
1258 4233 1406 4306 solvitur
1432 4231 1566 4304 decima
1582 4229 1809 4322 manipularis
1827 4235 1863 4302 et
1880 4229 2051 4322 oauapulis

500 4354 664 4428 ecelesiae
701 4361 738 4426 ot
764 4354 910 4445 plebano
946 4355 982 4426 in
1010 4353 1234 4445 caudeam
1271 4355 1355 4428 item
1381 4361 1436 4426 est
1462 4353 1512 4426 ibi
1538 4372 1608 4424 una
1633 4351 1799 4443 taberna,
1834 4371 1924 4444 qnae
1951 4351 2051 4423 soluit

500 4475 611 4549 eidem
639 4475 785 4569 plebano
813 4477 848 4548 in
876 4474 1082 4550 qudeuz
1109 4475 1299 4567 mensales,
1326 4475 1487 4548 similiter
1513 4481 1550 4546 et
1576 4494 1646 4546 una
1672 4473 1881 4546 hortularia

604 4597 786 4690 Wnnznn,
814 4598 897 4670 villa
923 4599 987 4672 sub
1005 4599 1171 4689 parochia
1197 4597 1242 4670 de
1260 4595 1465 4670 Ozudeez
1492 4597 1571 4688 sita,
1597 4595 1696 4668 ouius
1712 4595 1837 4667 haeres
1855 4591 2050 4666 Stabishus

500 4718 810 4812 Praebensky.
854 4719 895 4792 In
914 4741 982 4812 qua
1000 4724 1081 4792 sunt
1107 4719 1199 4790 lanei
1226 4717 1478 4808 amathonales,
1505 4717 1693 4808 dequibus
1719 4715 1866 4808 quilibet
1891 4714 1938 4789 de
1955 4715 2050 4787 laneo

500 4843 606 4916 solvit
631 4841 797 4914 ecelesiae
824 4842 859 4914 in
887 4840 1091 4914 Ozndeaz
1118 4837 1301 4930 sermnem,
1332 4839 1416 4912 item
1442 4844 1516 4912 tres
1542 4857 1722 4912 mensuras
1748 4837 1898 4930 siliginis
1923 4844 1963 4910 et
1982 4843 2051 4910 tres

501 4985 649 5054 avenue3
678 4964 760 5036 item
788 4963 934 5055 quilibet
961 4963 1097 5036 anetho
1124 4962 1252 5054 hospes
1278 4966 1316 5034 et
1332 4961 1480 5034 taberna
1504 4979 1574 5033 una
1592 4979 1682 5052 quae
1707 4959 1758 5033 ibi
1774 4964 1844 5052 est,
1870 4963 1907 5032 et
1924 4958 2049 5032 molen·
2131 5022 2136 5030 .

253 5075 268 5087 ’
397 5143 401 5148 -
502 5089 630 5178 diuum,
657 5086 797 5159 solvunt
823 5086 971 5176 plebano
1000 5086 1035 5158 iu
1062 5083 1268 5158 Ozudeoz
1294 5103 1359 5174 pro
1385 5081 1596 5156 mensalibus
1622 5101 1686 5174 per
1711 5099 1890 5174 pomum,
1916 5078 2049 5170 inquili-

503 5231 568 5282 nus
595 5209 741 5300 quilibet
767 5228 830 5299 per
858 5207 1009 5300 quinque
1036 5205 1208 5280 denarios.

605 5331 789 5422 Bnnrczn,
816 5329 899 5404 villa
925 5329 990 5402 sub
1008 5327 1176 5421 parochia
1192 5325 1237 5400 (le
1254 5323 1460 5400 candaca
1487 5327 1576 5416 sila,
1603 5325 1702 5398 eunius
1720 5326 1843 5398 haeres
1860 5321 2049 5396 Staurislans

503 5450 821 5544 Proohensky3
856 5453 940 5525 item
966 5455 1022 5523 est
1047 5451 1083 5522 in
1110 5449 1230 5521 eadem
1258 5449 1340 5522 villa
1366 5469 1436 5519 una
1462 5449 1629 5537 taberna,
1666 5448 1747 5518 item
1782 5452 1837 5516 est
1864 5451 1900 5515 et
1926 5444 2048 5516 molen-

503 5573 630 5664 dinum,
656 5573 699 5646 da
718 5575 842 5667 quibus
861 5569 1027 5665 plebanus
1047 5571 1089 5644 de
1108 5571 1314 5644 Ozuudeez
1341 5571 1492 5661 percipit
1508 5590 1650 5659 grossos
1670 5567 1847 5638 mensales.

612 5692 755 5792 ernn,
782 5697 865 5770 villa
891 5696 955 5770 suh
982 5694 1146 5790 parochia
1174 5693 1217 5765 ‹le
1235 5690 1441 5764 Gaudeez
1468 5691 1555 5782 sita,
1582 5691 1664 5800 item
1691 5694 1746 5760 est
1772 5687 1808 5758 in
1825 5685 1948 5758 eadem
1973 5681 2049 5757 villa
