4550 6600
882 981 1120 1055 Znnusoczvn.

610 1780 989 1863 Arohidiaoonatos
1021 1782 1389 1865 sandomiriensis.

327 1980 619 2057 Sandomiriensis
655 1985 958 2059 archidiaconatus
995 1986 1030 2056 in
1057 1988 1274 2078 temporibus
1309 1988 1508 2059 recentibus
1543 1991 1681 2061 creatus
1717 1994 1779 2079 est,

222 2108 368 2195 propter
394 2106 655 2196 amplitudinem
683 2107 850 2181 dioecesis
877 2107 1135 2198 cracoviensis,
1163 2129 1205 2179 ex
1232 2109 1459 2198 proventibus
1486 2108 1652 2181 ecclesiae
1678 2130 1780 2199 paro-

224 2224 345 2296 chialis
374 2224 493 2299 Sancti
519 2226 630 2319 Pauli,
657 2235 896 2325 extramuros
916 2228 1227 2301 Sandomirienses
1254 2228 1294 2300 In
1314 2231 1411 2302 cuius
1438 2232 1584 2322 signum,
1609 2230 1781 2302 archidia—
1834 2323 1840 2331 ·

223 2366 329 2418 conus
357 2347 648 2422 Sandomiriensis
674 2372 738 2442 pro
766 2358 932 2442 tempore,
960 2355 1014 2421 est
1039 2352 1161 2423 unicus
1187 2356 1356 2441 patronus
1382 2358 1419 2424 et
1445 2352 1591 2425 collator
1615 2352 1780 2423 ecclesiae

224 2466 403 2558 praefatae
430 2468 548 2541 Sancti
568 2470 667 2541 Pauli
685 2478 923 2543 extramuros
942 2470 1248 2543 Sandomirienses.
1284 2471 1400 2544 Habet
1426 2478 1541 2544 autem
1569 2464 1781 2544 archidiaco-

225 2593 326 2660 natus
354 2588 645 2662 Sandomiriensis
677 2593 839 2665 ecclesias
876 2592 1091 2687 parochiales
1118 2592 1209 2664 inira
1236 2594 1384 2683 scriptas
1411 2614 1475 2683 pro
1502 2614 1557 2684 se,
1592 2594 1690 2665 etin
1719 2614 1782 2664 soa
1893 2598 1900 2607 ‘

226 2710 437 2782 visitatione.
1394 2730 1398 2739 '

901 2819 1107 2892 Duruaovv.

330 2934 428 3007 Villa
453 2938 585 3009 habens
612 2940 647 3010 in
675 2958 712 3010 se
739 2938 974 3030 parochialem
1001 2941 1182 3012 ecclesiam
1209 2940 1379 3030 ligneam,
1411 2960 1479 3010 non
1506 2940 1608 3029 longe
1635 2960 1656 3011 a
1682 2938 1782 3012 Visla

227 3056 328 3129 fluvio
356 3058 479 3149 sitam,
506 3065 543 3131 et
569 3061 605 3130 in
631 3062 797 3133 honorem
824 3066 927 3153 atque
954 3064 990 3133 in
1016 3062 1155 3133 titulum
1184 3059 1331 3132 Sanctae
1357 3058 1566 3131 Catherinae
1590 3060 1719 3151 virgini
1745 3054 1782 3132 et

229 3179 374 3269 martyri
400 3179 557 3251 dicatam.
585 3179 690 3253 Cuius
717 3182 884 3253 haeredes
911 3188 947 3254 et
974 3183 1159 3254 collatores
1186 3180 1362 3254 nicolaus
1387 3180 1713 3273 Sczepyeczlry
1739 3182 1782 3253 de

230 3301 333 3372 armis
362 3291 577 3394 Lyelywa
603 3309 640 3375 et
665 3304 842 3376 Johannes
868 3305 1213 3396 Dmitrovszhy
1239 3304 1283 3376 de
1310 3303 1416 3374 armis
1443 3288 1661 3395 Pylavva,
1683 3305 1781 3375 cuius

229 3427 343 3494 rector
371 3427 426 3495 est
451 3423 639 3497 Johannes.
665 3425 721 3498 Ad
740 3447 842 3516 qnam
862 3427 964 3499 villae
983 3427 1073 3498 infra
1095 3427 1248 3517 scriptae
1275 3427 1351 3498 iure
1376 3425 1568 3515 parochiali
1594 3426 1781 3516 pertinent,
1880 3497 1884 3510 ,

231 3549 381 3636 atquae
407 3544 497 3616 intra
523 3547 671 3638 scriptos
697 3549 828 3620 habent
854 3555 1060 3640 proventus:
1088 3555 1125 3620 et
1150 3549 1264 3638 primo
1290 3547 1327 3618 in
1354 3546 1473 3618 eadem
1492 3546 1576 3618 villa
1594 3552 1675 3618 sunt
1691 3547 1784 3618 lanei

235 3665 488 3756 cmethonales,
514 3667 596 3738 item
625 3668 713 3739 olnae
741 3670 858 3740 coriae
885 3670 1071 3758 militares,
1104 3673 1141 3738 et
1166 3669 1210 3739 de
1236 3668 1394 3739 omnibns
1420 3667 1569 3738 solvitur
1594 3673 1631 3738 et
1656 3667 1785 3739 condu-

234 3786 322 3858 citur
348 3786 482 3858 ‹lecima
517 3789 743 3880 manipularis
770 3796 806 3860 et
832 3789 1008 3879 canapalis
1045 3788 1211 3860 ecclesiae
1245 3787 1437 3877 parochiali
1464 3788 1601 3857 eteius
1635 3787 1784 3876 plebano

233 3905 543 4000 ianytrow,
580 3917 616 3982 et
642 3911 741 3983 valor
776 3912 850 3982 eius
883 3911 1089 3982 aestimatur
1124 3909 1169 3980 ad
1195 3915 1269 3979 tres
1304 3927 1459 3998 marcas;
1495 3908 1580 3978 item
1615 3907 1784 3998 plebanus
1927 3908 1933 3914 '

233 4028 367 4102 ratione
393 4031 528 4121 praedii
562 4032 670 4105 hahet
696 4033 745 4104 ibi
772 4053 875 4122 agros
907 4031 1069 4122 proprios
1096 4036 1132 4102 et
1159 4035 1281 4120 prata;
1315 4030 1400 4101 item
1419 4029 1533 4122 ,habet
1559 4033 1640 4120 post
1666 4027 1783 4100 villam

234 4151 463 4240 Dmytrovv
490 4158 527 4224 et
553 4153 646 4225 circa
670 4153 811 4226 flumem
838 4153 962 4244 Ossa,
990 4157 1129 4244 pratum
1156 4157 1317 4224 vocatum
1344 4149 1533 4222 Barthna
1558 4150 1674 4242 laka3
1701 4151 1784 4221 item

167 4353 171 4362 Δ
235 4272 339 4345 habet
364 4274 401 4344 in
427 4272 586 4366 praelata
611 4275 696 4348 villa
721 4274 955 4367 Dmytrov
990 4275 1191 4364 tabernam,
1227 4293 1316 4365 quae
1341 4274 1503 4364 proprios
1538 4272 1786 4362 habetagros,

236 4393 396 4485 liberam,
423 4415 512 4486 quae
537 4415 602 4486 pro
629 4405 733 4469 censu
760 4395 865 4468 solvit
891 4395 1003 4481 eidem
1030 4389 1180 4487 plebano
1199 4449 1229 4465 ..
1248 4449 1256 4465 .
1275 4449 1283 4464 .
1302 4417 1327 4464 .:
1363 4393 1446 4466 item
1473 4394 1575 4465 ambo
1601 4392 1786 4465 collatores

238 4521 315 4588 sunt
348 4535 452 4608 pares
483 4516 519 4588 in
555 4518 631 4588 iure
664 4523 888 4609 patronatus,
923 4523 960 4590 et
994 4517 1141 4592 ecclesia
1174 4514 1351 4607 praelata,
1386 4535 1430 4587 ne
1457 4513 1578 4587 Vislae
1613 4513 1786 4586 alluvione

238 4637 440 4728 subruatur,
468 4637 600 4728 indiget
625 4639 810 4728 plurimum
837 4640 1126 4729 translocatione3
1162 4641 1246 4711 item
1272 4637 1379 4710 habat
1403 4637 1440 4707 in
1468 4635 1669 4725 Ploschy
1694 4635 1787 4706 circa

239 4756 457 4831 Baranow
493 4779 596 4850 agros
631 4766 668 4831 ct
702 4765 820 4850 prata·
840 4761 938 4833 iuxta
973 4761 1128 4852 rippam,
1164 4761 1246 4831 item
1282 4759 1413 4849 sylvam
1446 4756 1624 4848 propriam
1659 4755 1787 4826 dictam
1923 4777 1927 4786 ·

240 4875 545 4970 Moscziszlra,
579 4882 662 4952 item
698 4881 785 4952 dnos
819 4881 934 4973 lacus,
969 4905 1094 4972 arrium,
1129 4882 1188 4971 qui
1224 4885 1368 4950 vocatur
1402 4898 1564 4976 magnum
1594 4876 1725 4966 lutum,
1751 4881 1788 4947 et

232 4999 384 5074 alterum
411 5000 539 5072 dictum
566 4999 890 5092 Graboschow,
926 5003 986 5093 qui
1012 5003 1104 5074 bona
1129 5000 1364 5074 ecclesiastica
1389 5005 1424 5071 et
1450 5019 1553 5090 agros
1580 4997 1715 5089 dividit,
1741 4996 1786 5068 ab

242 5121 331 5210 agris
358 5128 394 5193 et
418 5122 518 5194 bonis
545 5123 765 5197 militaribus.

253 5237 255 5242 ’
339 5244 538 5335 Vourozn,
565 5245 648 5316 villa
675 5247 738 5318 snb
766 5246 931 5336 parochia
958 5245 1123 5317 ecclesiae
1150 5244 1194 5315 de
1221 5245 1445 5315 Baranov
1472 5244 1555 5333 sita,
1582 5242 1680 5315 cuius
1706 5241 1788 5314 hae-

153 5451 157 5454 ,
232 5354 338 5454 ,redes
364 5365 528 5437 Nicolaus
564 5365 889 5458 Sozepye‘ezlry
925 5373 961 5438 et
987 5365 1166 5438 Johannes
1201 5365 1370 5456 Knlka,
1406 5369 1486 5455 post
1512 5384 1659 5454 quornm
1685 5381 1788 5453 agros

244 5485 398 5576 antiquos
429 5485 624 5576 praediales
660 5489 753 5559 cedit
788 5488 921 5560 decima
964 5487 1128 5558 ecclesiae
1165 5487 1202 5556 in
1228 5483 1458 5556 Dnritrou.
1498 5485 1588 5555 item
1624 5489 1706 5555 sunt
1738 5482 1790 5556 ibi

244 5601 331 5678 lanei
356 5607 607 5699 cmethonales,
643 5610 838 5701 dequibus
873 5611 978 5682 etiam
1006 5608 1155 5680 solvitur
1191 5608 1324 5679 decima
1359 5605 1585 5696 manipularis
1623 5605 1788 5677 ecolesma

246 5721 531 5820 ianitrov,
558 5734 594 5800 et
619 5731 718 5802 valor
743 5731 818 5803 eius
846 5729 892 5803 ad
917 5751 1020 5804 unam
1047 5744 1226 5802 marcam·
